Date,revenue,cost-goods-sold,gross-profit,research-development-expenses,selling-general-administrative-expenses,other-operating-income-expenses,operating-expenses,operating-income,total-non-operating-income-expense,pre-tax-income,total-provision-income-taxes,income-after-taxes,income-from-continuous-operations,net-income,ebitda,ebit,basic-shares-outstanding,shares-outstanding,eps-basic-net-earnings-per-share,eps-earnings-per-share-diluted,current-ratio,long-term-debt-capital,debt-equity-ratio,gross-margin,operating-margin,ebit-margin,pre-tax-profit-margin,net-profit-margin,asset-turnover,receiveable-turnover,days-sales-in-receivables,roe,return-on-tangible-equity,roa,roi,book-value-per-share,operating-cash-flow-per-share,free-cash-flow-per-share
2024-06-30,373.47900,203.23800,170.24100,35.41000,53.54400,,116.54000,53.70100,-13.36200,40.33900,9.45200,30.88700,30.88700,30.88700,,53.70100,105.39500,106.16600,0.29000,0.29000,,,,,,,,,,,,,,,,,,
2024-03-31,316.01900,191.10700,124.91200,34.99300,52.75000,,115.35200,9.56000,-17.02600,-7.46600,0.28500,-7.75100,-7.75100,-7.75100,40.67300,9.56000,106.79900,106.79900,-0.07000,-0.07000,1.36860,0.43850,0.80880,39.52670,3.02510,3.02510,-2.36250,-2.45270,0.09580,0.91570,98.28920,-0.61660,4.97640,-0.23490,-0.34620,11.83020,1.15400,0.98740
2023-12-31,476.56300,181.68900,294.87400,34.63600,58.98800,,122.55800,172.31590,-18.19500,154.12100,31.50500,122.61600,122.61600,122.61600,204.58900,172.31590,108.49700,108.85700,1.13000,1.13000,1.35610,0.42120,0.78380,61.87510,36.15810,36.15810,32.34010,25.72920,0.13830,1.05360,85.42490,9.25890,-125.92160,3.55950,5.35930,12.25320,0.7882,0.7214
2023-09-30,363.01500,177.62500,185.39000,33.73900,59.26300,,123.46600,61.92400,-15.26100,46.66300,8.75200,37.91100,37.91100,37.91100,96.00900,61.92400,108.66700,108.93300,0.35000,0.35000,1.29720,0.44910,0.87660,51.06950,17.05830,17.05830,12.85430,10.44340,0.11150,0.97910,91.92170,3.13050,-17.38020,1.16480,1.72460,11.13870,0.2297,0.13
2023-06-30,323.32500,181.34300,141.98200,35.26500,64.76100,,131.46200,10.52000,-20.54300,-10.02300,-3.31300,-6.71000,-6.71000,-6.71000,47.05700,10.52000,108.45500,108.45500,-0.06000,-0.06000,1.31540,0.45830,0.90930,43.91310,3.25370,3.25370,-3.10000,-2.07530,0.10540,0.92350,97.45140,-0.57230,2.52480,-0.21860,-0.31000,10.79720,0.1597,0.0599
2023-03-31,289.67600,178.55400,111.12200,37.11800,66.81700,,135.47400,-24.35200,-18.78200,-43.13400,-10.82600,-32.30800,-32.30800,-32.30800,11.06900,-24.35200,108.15600,108.15600,-0.30000,-0.30000,1.36110,0.46400,0.92610,38.36080,-8.40660,-8.40660,-14.89040,-11.15320,0.09630,0.84510,106.49430,-2.76700,11.58250,-1.07450,-1.48300,10.77920,0.37050,0.28970
2022-12-31,451.80510,178.69900,273.10610,31.96300,61.46000,,124.88300,148.22310,-15.19200,133.03100,42.80300,90.22800,90.22800,90.22800,183.54810,148.22310,113.70000,114.23800,0.80000,0.79000,1.29800,0.46190,0.91340,60.44780,32.80690,32.80690,29.44430,19.97060,0.14080,1.11890,80.43360,7.56190,-34.49910,2.81090,4.06880,11.04100,0.3634,0.2461
2022-09-30,306.59100,171.75300,134.83800,35.89900,63.31000,,131.34900,3.48900,30.20400,33.69300,10.57600,23.11700,23.11700,23.11700,39.57200,3.48900,113.81200,114.34800,0.20000,0.20000,1.21340,0.44160,0.84150,43.97980,1.13800,1.13800,10.98960,7.54000,0.09400,1.01420,88.74070,1.92930,-8.79430,0.70840,1.07720,10.58490,0.3035,0.1966
2022-06-30,340.42500,179.33300,161.09200,40.64200,63.75300,,136.63500,24.45700,-6.72700,17.73000,4.38800,13.34200,13.34200,13.34200,60.61600,24.45700,114.66900,115.20500,0.12000,0.12000,1.23760,0.46040,0.89940,47.32090,7.18430,7.18430,5.20820,3.91920,0.10580,1.04150,86.41160,1.10410,-3.99890,0.41450,0.59580,10.57230,0.3395,0.2876
2022-03-31,323.08000,166.28600,156.79400,37.80700,60.48300,,129.12800,27.66600,-5.48500,22.18100,6.69100,15.49000,15.49000,15.49000,63.02400,27.66600,115.28700,116.09800,0.13000,0.13000,1.24100,0.45840,0.88770,48.53100,8.56320,8.56320,6.86550,4.79450,0.10060,1.03960,86.57310,1.26480,-4.70700,0.48250,0.68510,10.64130,0.24870,0.17560
2021-12-31,466.82910,162.06000,304.76910,39.51900,70.70000,,141.96490,162.80410,-8.40600,154.39800,44.92700,109.47100,109.47100,109.47100,199.75410,162.80410,117.40700,118.64700,0.93000,0.93000,1.24300,0.45030,0.85620,65.28490,34.87450,34.87450,33.07380,23.44990,0.14780,1.45700,61.77090,8.79440,-34.37590,3.46570,4.83390,10.75590,0.6393,0.5354
2021-09-30,316.91400,158.71200,158.20200,35.24800,63.13000,,130.22300,27.97900,-9.46200,18.51700,4.75300,13.76400,13.76400,13.76400,65.27900,27.97900,117.51200,118.54000,0.12000,0.12000,1.25890,0.46360,0.89860,49.91950,8.82860,8.82860,5.84290,4.34310,0.09950,1.05870,85.00800,1.15130,-3.64770,0.43220,0.61750,10.17230,0.3367,0.2576
2021-06-30,301.66900,158.61400,143.05500,35.02900,60.59700,,127.63100,15.42400,-6.96100,8.46300,1.96200,6.50100,6.50100,6.50100,52.65700,15.42400,117.71800,119.01000,0.06000,0.05000,1.28540,0.47630,0.94000,47.42120,5.11290,5.11290,2.80540,2.15500,0.09500,1.04260,86.32510,0.55160,-1.60590,0.20470,0.28890,10.03170,0.2885,0.1946
2021-03-31,285.18600,159.48500,125.70100,34.51400,55.91300,,122.01100,3.69000,-10.00300,-6.31300,-4.36800,-1.94500,-1.94500,-1.94500,40.80000,3.69000,117.49100,117.49100,-0.02000,-0.02000,1.33530,0.47810,0.94470,44.07690,1.29390,1.29390,-2.21360,-0.68200,0.09020,1.01710,88.48520,-0.16240,0.49300,-0.06150,-0.08480,10.13860,0.59370,0.48820
2020-12-31,387.04410,150.69700,236.34710,31.11800,76.65900,,140.64000,95.70710,-4.30000,91.40700,24.26100,67.14600,67.14600,67.14600,141.51110,95.70700,116.39700,118.07900,0.57000,0.58000,1.27530,0.48160,0.95720,61.06460,24.72770,24.72770,23.61670,17.34840,0.11430,1.12880,79.73020,5.56490,-16.97270,1.98250,2.88510,10.30290,1.0365,0.9442
2020-09-30,315.88300,158.57900,157.30400,33.57300,59.15400,,126.12200,31.18200,-8.64200,22.54000,6.67400,15.86600,15.86600,15.86600,73.21300,31.18200,116.55800,117.80400,0.14000,0.13000,1.47470,0.52360,1.12980,49.79820,9.87140,9.87140,7.13560,5.02270,0.10080,1.02060,88.18020,1.41300,-3.26700,0.50650,0.67310,9.61910,0.5598,0.4761
2020-06-30,299.91000,147.34600,152.56400,35.57800,54.21300,,123.42600,29.13800,-9.14700,19.99100,5.91600,14.07500,14.07500,14.07500,71.27900,29.13800,116.03300,117.26400,0.12000,0.12000,1.46850,0.54050,1.20750,50.86990,9.71560,9.71560,6.66570,4.69310,0.09560,0.92380,97.42690,1.29040,-2.68000,0.44860,0.59300,9.37330,0.5748,0.4433
2020-03-31,291.48500,165.83700,125.64800,39.02400,66.00900,,136.93100,-11.28300,-24.02900,-35.31200,-10.88500,-24.42700,-24.42700,-24.42700,27.30700,-11.28300,116.00600,116.00600,-0.21000,-0.21000,1.44950,0.55310,1.26960,43.10620,-3.87090,-3.87090,-12.11450,-8.38020,0.09370,0.95370,94.37270,-2.28760,4.38870,-0.78550,-1.02240,9.21450,0.49570,0.40830
2019-12-31,399.91990,173.10400,226.81590,34.60100,58.04900,,124.40300,102.41300,-11.76100,90.65200,35.16600,55.48600,55.48600,55.48600,142.71500,102.41300,116.17500,118.57100,0.48000,0.47000,1.50400,0.54230,1.21520,56.71530,25.60840,25.60840,22.66750,13.87430,0.12280,1.11340,80.83550,4.91040,-10.93260,1.70330,2.24730,9.74230,0.3666,0.277
2019-09-30,354.90100,174.16800,180.73300,36.54300,57.70300,,125.41500,55.31800,-18.36800,36.95000,5.13600,31.81400,31.81400,31.81400,94.30500,55.31800,116.16900,118.30700,0.27000,0.27000,1.36740,0.56470,1.32930,50.92490,15.58690,15.58690,10.41140,8.96420,0.10620,1.09090,82.50180,3.00430,-5.46000,0.95230,1.30790,9.16310,0.2731,0.1363
2019-06-30,297.61800,155.24000,142.37800,39.23500,82.28100,,148.26000,-5.88200,-10.92400,-16.80600,-22.53100,5.72500,5.72500,5.72500,28.47200,-5.88200,116.58600,118.78600,0.05000,0.05000,1.28930,0.56230,1.31690,47.83920,-1.97640,-1.97640,-5.64680,1.92360,0.08630,1.03920,86.60560,0.54390,-0.95130,0.16590,0.23810,9.02070,0.1132,0.0193
2019-03-31,205.85500,114.94100,90.91400,36.19400,60.94700,,119.00700,-28.09300,-10.49300,-38.58600,-12.62300,-25.96300,-25.96300,-25.96300,0.89500,-28.09300,116.09000,116.09000,-0.22000,-0.22000,1.97490,0.38480,0.64550,44.16410,-13.64700,-13.64700,-18.74430,-12.61230,0.09740,0.77460,116.18610,-2.51440,64.98560,-1.22810,-1.54690,8.86110,0.36550,0.28080
2018-12-31,319.95000,104.28100,215.66900,32.96900,44.97500,,99.25500,116.41400,-7.67000,108.74400,21.05400,87.69000,87.69000,87.69000,141.63100,116.41400,116.05700,117.63200,0.76000,0.76000,1.90980,0.38310,0.64080,67.40710,36.38510,36.38510,33.98780,27.40740,0.15070,0.91890,97.94150,8.36550,-296.38100,4.13150,5.16060,9.02690,0.7085,0.6615
2018-09-30,245.52500,102.47300,143.05200,36.00800,57.78900,,114.69300,28.35900,-11.11400,17.24500,2.01200,15.23300,15.23300,15.23300,54.34000,28.35900,115.88900,117.49200,0.13000,0.13000,1.65580,0.40530,0.70090,58.26370,11.55040,11.55040,7.02370,6.20430,0.12370,0.85290,105.52350,1.58190,-12.60910,0.76770,0.94080,8.30250,0.2397,0.1549
2018-06-30,234.99500,116.26100,118.73400,37.86200,61.99700,,120.89200,-2.15800,-8.65200,-10.81000,3.76400,-14.57400,-14.57400,-14.57400,22.93900,-2.15800,115.54800,115.54800,-0.13000,-0.13000,1.49750,0.41040,0.72050,50.52620,-0.91830,-0.91830,-4.60010,-6.20180,0.11950,0.83600,107.65570,-1.54920,9.81100,-0.74140,-0.91340,8.12610,0.2251,0.0927
2018-03-31,209.31000,107.33600,101.97400,36.79100,60.54200,,118.67800,-16.70400,-6.67600,-23.38000,-3.95200,-19.42800,-19.42800,-19.42800,8.98800,-16.70400,115.64200,115.64200,-0.17000,-0.17000,1.55100,0.40230,0.69380,48.71910,-7.98050,-7.98050,-11.17000,-9.28190,0.10390,0.73170,122.99350,-1.98440,16.27720,-0.96410,-1.18620,8.41130,0.39030,0.28140
2017-12-31,326.39510,115.99300,210.40200,30.73200,49.39500,,102.36500,108.03700,-9.11500,98.92200,65.75800,33.16400,33.16400,33.16400,134.23800,108.03700,118.05900,119.44400,0.27000,0.27000,1.31090,0.46630,0.89690,64.46240,33.10010,33.10010,30.30750,10.16070,0.17530,1.20550,74.66090,4.33740,-9.85920,1.78140,2.31500,6.52960,0.5135,0.3911
2017-09-30,225.73500,107.39300,118.34200,33.93500,50.53800,,106.91900,11.42300,-10.26800,1.15500,-2.23300,3.38800,3.38800,3.38800,37.75300,11.42300,118.25400,119.74300,0.03000,0.03000,1.15750,0.46650,0.89740,52.42520,5.06040,5.06040,0.51170,1.50090,0.12440,1.19940,75.03650,0.43930,-1.01600,0.18670,0.23430,6.52030,-0.1354,-0.2447
2017-06-30,240.59900,120.35700,120.24200,34.96900,101.34400,,158.68500,-38.44300,-12.28000,-50.72300,-20.91400,-29.80900,-29.80900,-29.80900,-11.83600,-38.44300,117.14900,117.14900,-0.25000,-0.25000,1.10310,0.47100,0.91380,49.97610,-15.97800,-15.97800,-21.08200,-12.38950,0.12950,1.18900,75.69080,-3.93310,8.38570,-1.60410,-2.08060,6.41390,0.1111,-0.0064
2017-03-31,231.46200,108.54300,122.91900,37.28500,59.64000,,119.29600,3.62300,-9.40500,-5.78200,-4.17400,-1.60800,-1.60800,-1.60800,30.99500,3.62300,116.61000,116.61000,-0.01000,-0.01000,1.28840,0.46860,0.90470,53.10550,1.56530,1.56530,-2.49800,-0.69470,0.12640,1.21670,73.96800,-0.20880,0.46850,-0.08780,-0.11090,6.52560,0.73480,0.62840
2016-12-31,342.73000,110.82900,231.90100,37.66500,51.06000,,111.55790,120.34310,-10.48100,109.86200,43.17100,66.69100,66.69100,66.69100,149.32810,120.34310,117.53300,118.84700,0.57000,0.57000,1.08400,0.46400,0.98540,67.66290,35.11310,35.11310,32.05500,19.45880,0.18020,1.25650,71.63030,8.83420,-18.60760,3.50580,4.73490,6.43380,0.2815,0.1732
2016-09-30,216.97500,100.26700,116.70800,42.21000,61.26400,-0.48900,126.06100,-9.35300,-6.89900,-16.25200,-6.42600,-9.82600,-9.82600,-9.82600,17.00200,-9.35300,116.11800,116.11800,-0.08000,-0.08000,0.74600,0.48430,1.06890,53.78870,-4.31060,-4.31060,-7.49030,-4.52860,0.12040,1.31720,68.32780,-1.41430,2.26670,-0.54520,-0.72940,5.92410,0.06,-0.1292
2016-06-30,219.93000,115.38400,104.54600,46.42100,63.31500,,131.11800,-26.57200,-7.57100,-34.14300,-17.66900,-16.47400,-16.47400,-16.47400,-0.98100,-26.57200,115.48000,115.48000,-0.14000,-0.14000,0.71310,0.47650,1.03980,47.53600,-12.08200,-12.08200,-15.52450,-7.49060,0.12220,1.27820,70.41430,-2.36820,3.76400,-0.91530,-1.23980,5.93290,0.1773,0.0876
2016-03-31,226.06600,118.43400,107.63200,43.60400,56.06000,151.95200,-29.08000,136.71200,-10.59800,126.11400,36.97000,89.14400,89.14400,89.14400,164.80200,136.71200,118.67900,119.93800,0.75000,0.74000,0.86010,0.48710,1.07770,47.61090,60.47440,60.47440,55.78640,39.43270,0.12320,1.30820,68.79880,12.65940,-20.27920,4.85970,6.49250,6.03390,0.32120,1.85610
2015-12-31,308.63710,117.09500,191.54210,33.28500,61.29900,,117.56900,73.97310,-11.35000,62.62300,18.85600,43.76700,43.76700,43.76700,102.04610,73.97310,117.46500,118.91900,0.37000,0.37000,0.99390,0.56050,1.41220,62.06060,23.96770,23.96770,20.29020,14.18070,0.15620,1.33510,67.40850,6.68810,-8.48550,2.21520,2.93970,5.49760,0.5429,0.3961
2015-09-30,238.70100,109.65900,129.04200,36.12300,48.73500,,105.15600,23.88600,-5.32000,18.56600,3.78600,14.78000,14.78000,14.78000,49.08300,23.88600,117.92200,119.30400,0.13000,0.12000,1.04260,0.53500,1.30970,54.06010,10.00670,10.00670,7.77790,6.19180,0.13680,1.25480,71.72260,2.46780,-3.57110,0.84720,1.14750,5.06430,0.6169,0.5371
2015-06-30,265.82200,126.42300,139.39900,39.42500,56.30600,,115.73500,23.66400,9.21200,32.87600,5.82500,27.05100,27.05100,27.05100,48.82900,23.66400,117.10900,118.57500,0.23000,0.23000,1.03570,0.54360,1.35030,52.44070,8.90220,8.90220,12.36770,10.17640,0.15000,1.18100,76.20450,4.51930,-6.35480,1.52620,2.06260,5.08120,-0.0033,-0.0801
2015-03-31,232.81700,119.12200,113.69500,37.09100,50.48600,,107.27000,6.42500,-7.11700,-0.69200,-0.53000,-0.16200,-0.16200,-0.16200,31.66500,6.42500,115.85500,115.85500,0.00000,0.00000,1.01250,0.56790,1.47270,48.83450,2.75970,2.75970,-0.29720,-0.06960,0.13140,1.28620,69.97610,-0.02810,0.03610,-0.00910,-0.01210,4.94560,0.42440,0.31650
2014-12-31,290.22400,110.88900,179.33500,31.55400,48.99100,,100.06400,79.27100,-9.57100,69.70000,23.33400,46.36600,46.36600,46.36600,104.35000,79.27100,114.79800,116.77100,0.40000,0.39000,0.98770,0.58050,1.53410,61.79190,27.31370,27.31370,24.01590,15.97590,0.15680,1.25160,71.90940,7.97480,-10.05350,2.50530,3.34530,5.02780,0.759,0.6834
2014-09-30,249.64400,110.75200,138.89200,36.32100,52.40700,,107.02300,31.86900,-6.70400,25.16500,9.43300,15.73200,15.73200,15.73200,55.52100,31.86900,114.48400,116.42800,0.14000,0.14000,1.15120,0.62360,1.81690,55.63600,12.76580,12.76580,10.08040,6.30180,0.13700,1.13120,79.55920,3.02060,-2.85050,0.86340,1.13690,4.53140,0.2016,0.1104
2014-06-30,254.80800,119.49200,135.31600,38.87600,52.68900,,108.57500,26.74100,-13.09500,13.64600,2.40900,11.23700,11.23700,11.23700,48.61600,26.74100,113.90700,115.97700,0.10000,0.10000,1.15770,0.57980,1.49730,53.10510,10.49460,10.49460,5.35540,4.41000,0.15790,1.21390,74.14170,2.23550,-2.87830,0.69610,0.93940,4.40610,0.2843,0.2201
2014-03-31,221.47300,113.62300,107.85000,37.45600,53.02500,,107.55900,0.29100,-10.03300,-9.74200,-3.96700,-5.77500,-5.77500,-5.77500,22.24500,0.29100,115.23200,115.23200,-0.05000,-0.05000,1.16610,0.60250,1.62660,48.69670,0.13140,0.13140,-4.39870,-2.60750,0.13500,1.07240,83.92640,-1.20660,1.37870,-0.35210,-0.47970,4.20640,0.13240,0.06460
2013-12-31,283.16200,100.47200,182.69000,33.37500,46.67500,,96.71000,85.98000,-11.48100,74.49900,24.10800,50.39100,50.39100,50.39100,107.53100,85.98000,117.88500,120.05400,0.41670,0.40670,1.26260,0.56570,1.38940,64.51780,30.36430,30.36430,26.30970,17.79580,0.16840,1.37570,65.42180,9.26830,-13.87360,2.99620,4.02560,4.66430,0.4282,0.3103
2013-09-30,213.93900,86.83600,127.10300,33.64200,48.65700,,97.54800,29.55500,-10.44600,19.10900,5.34700,13.76200,13.76200,13.76200,49.73700,29.55500,117.37600,119.42200,0.12000,0.12000,1.61020,0.60260,1.60320,59.41090,13.81470,13.81470,8.93200,6.43270,0.13360,1.05260,85.49870,2.88700,-3.99320,0.85930,1.14730,4.13350,0.2505,0.2089
2013-06-30,205.83000,88.74200,117.08800,38.39100,53.68500,,105.56600,11.52200,-7.36100,4.16100,2.28000,1.88100,1.88100,1.88100,29.99800,11.52200,119.50500,121.50200,0.02000,0.02000,1.29990,0.54330,1.30040,56.88580,5.59780,5.59780,2.02160,0.91390,0.13420,0.99690,90.27630,0.37000,-0.60410,0.12260,0.16900,4.28310,0.1793,0.1433
2013-03-31,161.99700,67.78900,94.20800,37.14900,50.11100,,98.21700,-4.00900,-0.60100,-4.61000,-2.44400,-2.16600,-2.16600,-2.16600,11.13700,-4.00900,118.39500,118.39500,-0.01670,-0.01670,1.35470,0.54130,1.27540,58.15420,-2.47470,-2.47470,-2.84570,-1.33710,0.10400,0.79370,113.39600,-0.41200,0.69860,-0.13910,-0.18900,4.39890,0.29500,0.21890
2012-12-31,224.09500,60.47000,163.62500,33.58600,44.34600,,88.09000,75.53490,-1.52400,74.01100,24.34700,49.66400,49.66400,49.66400,91.93300,75.53500,116.08900,119.71600,0.43000,0.42000,1.33580,0.40030,0.70040,73.01590,33.70670,33.70670,33.02660,22.16200,0.17910,1.00540,89.51730,9.29420,-52.45240,3.97030,5.57330,4.51530,0.0269,-0.001
2012-09-30,155.06200,57.81800,97.24400,34.21300,44.98100,,88.93600,8.30800,-3.82800,4.48000,-1.17500,5.65500,5.65500,5.65500,21.80800,8.30800,117.37800,122.13600,0.04670,0.04670,1.10600,0.43610,0.80590,62.71300,5.35790,5.35790,2.88920,3.64690,0.12700,0.85940,104.72220,1.18500,-3.66960,0.46320,0.66830,4.04010,0.0491,-0.015
2012-06-30,149.79700,61.53300,88.26400,35.02700,51.41400,,96.12200,-7.85800,-2.98800,-10.84600,-6.19500,-4.65100,-4.65100,-4.65100,5.28000,-7.85800,117.78900,117.78900,-0.04000,-0.04000,1.28030,0.41300,0.73400,58.92240,-5.24580,-5.24580,-7.24050,-3.10490,0.12450,0.93650,96.10070,-0.93850,4.08200,-0.38660,-0.55080,4.21330,-0.0389,-0.0671
2012-03-31,137.62500,45.82300,91.80200,30.93300,55.06000,,93.41500,-1.61300,-0.76400,-2.37700,-0.55500,-1.82200,-1.82200,-1.82200,8.58200,-1.61300,110.12100,110.12100,-0.01670,-0.01670,1.39410,0.39980,0.69330,66.70450,-1.17200,-1.17200,-1.72720,-1.32390,0.11200,0.95160,94.58220,-0.34430,2.06730,-0.14830,-0.20670,4.43500,-0.11450,-0.13350
2011-12-31,135.03700,31.52200,103.51500,20.78100,40.21400,,66.47200,37.04300,-1.04600,35.99700,12.10600,23.89100,23.89100,23.89100,44.67500,37.04300,100.37100,102.58500,0.24000,0.23000,1.50560,0.19120,0.23630,76.65680,27.43170,27.43170,26.65710,17.69220,0.20320,1.34970,66.68040,7.52880,28.15910,3.59460,6.08950,3.14410,0.306,0.2755
2011-09-30,112.14900,33.75900,78.39000,22.48100,38.88200,,67.12200,11.26800,-0.24700,11.02100,0.48200,10.53900,10.53900,10.53900,18.48900,11.26800,100.48500,102.91500,0.10330,0.10330,1.56610,0.20670,0.26060,69.89810,10.04740,10.04740,9.82710,9.39730,0.18240,1.42040,63.36250,3.66240,20.22140,1.71450,2.90520,2.86300,0.2596,0.2332
2011-06-30,113.36600,35.95400,77.41200,23.78400,37.59500,,66.99000,10.42200,0.08200,10.50400,0.70400,9.80000,9.80000,9.80000,17.72400,10.42200,100.33800,102.76200,0.09670,0.09670,1.08470,,0.26830,68.28500,9.19320,9.19320,9.26560,8.64460,0.18470,1.39820,64.36850,3.50580,25.47900,1.59700,3.50580,2.78410,0.072,0.0129
2011-03-31,104.54300,33.04900,71.49400,23.13000,35.65600,,63.99600,7.49800,-0.70700,6.79100,5.16900,1.62200,1.62200,1.62200,14.31700,7.49800,99.95400,101.94900,0.01670,0.01670,1.04470,,0.28230,68.38720,7.17220,7.17220,6.49590,1.55150,0.16990,1.31830,68.27110,0.61060,6.80740,0.26350,0.61060,2.64950,0.17600,0.10700
2010-12-31,141.24100,34.30300,106.93800,18.71700,40.34400,,64.13900,42.79900,-0.44700,42.35200,15.25400,27.09800,27.09800,27.09800,49.36800,42.79900,100.68000,101.61000,0.26670,0.26330,1.08880,,0.29340,75.71310,30.30210,30.30210,29.98560,19.18570,0.23480,1.61690,55.66080,10.60080,86.74140,4.50490,10.60080,2.56090,0.311,0.2863
2010-09-30,97.01700,32.04400,64.97300,18.16500,34.27400,,57.58500,7.38800,-1.78900,5.59900,3.26300,2.33600,2.33600,2.33600,14.04000,7.38800,99.73200,100.44000,0.02330,0.02330,0.99080,,0.33080,66.97070,7.61520,7.61520,5.77120,2.40780,0.16690,1.18300,76.08030,1.03040,-7300.52900,0.40180,1.03040,2.27580,0.3191,0.2772
2010-06-30,92.42300,32.41000,60.01300,18.79800,31.72400,,55.64700,4.36600,-2.09700,2.26900,2.41900,-0.15000,-0.15000,-0.15000,11.00100,4.36600,100.50000,100.50000,0.00000,0.00000,1.44260,0.25660,0.34520,64.93300,4.72390,4.72390,2.45500,-0.16230,0.16730,1.02300,87.97260,-0.06900,2.68190,-0.02710,-0.05130,2.17170,0.0359,0.0119
2010-03-31,87.74300,30.96600,56.77700,18.39600,34.30700,,57.68200,-0.90500,-0.61300,-1.51800,0.57100,-2.08900,-2.08900,-2.08900,5.58600,-0.90500,101.17500,101.17500,-0.02000,-0.02000,1.53270,0.24560,0.32560,64.70830,-1.03140,-1.03140,-1.73010,-2.38080,0.15660,1.08260,83.13480,-0.90700,-69.63400,-0.37280,-0.68420,2.25900,0.13420,0.09520
2009-12-31,125.91100,33.57500,92.33600,18.53000,34.08000,,57.36600,34.97000,-2.82400,32.14600,12.58500,19.56100,19.56100,19.56100,41.22000,34.97000,103.10400,103.66200,0.18670,0.18670,1.40260,0.24110,0.31770,73.33430,27.77360,27.77360,25.53070,15.53560,0.21340,1.16170,77.47120,8.28630,454.16690,3.31520,6.28840,2.31180,0.315,0.2833
2009-09-30,104.46100,31.89500,72.56600,20.07100,35.97500,,60.62300,11.94300,-0.35500,11.58800,3.82900,7.75900,7.75900,7.75900,17.95000,11.94300,102.03600,102.51000,0.07670,0.07670,1.37190,0.25860,0.34890,69.46710,11.43300,11.43300,11.09310,7.42770,0.18890,1.09620,82.10380,3.60940,-51.88230,1.40320,2.67580,2.10880,-0.0785,-0.0857
2009-06-30,87.17000,31.78800,55.38200,19.93200,34.37600,,58.61800,-3.23600,-3.69500,-6.93100,-3.36900,-3.56200,-3.56200,-3.56200,2.49300,-3.23600,102.38700,102.38700,-0.03330,-0.03330,1.37090,0.26900,0.36800,63.53330,-3.71230,-3.71230,-7.95110,-4.08630,0.15950,1.01990,88.24590,-1.74780,13.70470,-0.65160,-1.27760,1.99840,0.1625,0.1515
2009-03-31,88.21300,30.38900,57.82400,18.97300,36.61200,,59.93100,-2.10700,-1.58800,-3.69500,0.43700,-4.13200,-4.13200,-4.13200,3.63400,-2.10700,103.56600,103.56600,-0.04000,-0.04000,1.42160,0.26330,0.35750,65.55040,-2.38850,-2.38850,-4.18870,-4.68410,0.16090,0.88410,101.79520,-1.96960,26.34040,-0.75360,-1.45090,1.99760,0.02750,-0.02360
