Date,revenue,cost-goods-sold,gross-profit,selling-general-administrative-expenses,other-operating-income-expenses,operating-expenses,operating-income,total-non-operating-income-expense,pre-tax-income,total-provision-income-taxes,income-after-taxes,income-from-continuous-operations,net-income,ebitda,ebit,basic-shares-outstanding,shares-outstanding,eps-basic-net-earnings-per-share,eps-earnings-per-share-diluted,current-ratio,long-term-debt-capital,debt-equity-ratio,gross-margin,operating-margin,ebit-margin,pre-tax-profit-margin,net-profit-margin,asset-turnover,receiveable-turnover,days-sales-in-receivables,roe,return-on-tangible-equity,roa,roi,book-value-per-share,operating-cash-flow-per-share,free-cash-flow-per-share
2023-12-31,118.37700,60.64100,57.73600,42.73600,-34.86400,84.50190,-26.76590,3.64200,-23.12400,0.11700,-23.24100,-23.24100,-23.24100,-19.88790,-26.76590,159.95300,159.95300,-0.15000,-0.15000,2.11680,0.20120,0.25190,48.77300,-22.61070,-22.61080,-19.53420,-19.63300,0.12830,0.41820,215.19270,-5.09080,-8.83060,-2.51820,-4.06650,2.82080,-0.1655,-0.1706
2023-09-30,119.01400,60.39200,58.62200,40.79700,-35.13200,80.90900,-22.28700,4.05000,-18.23700,0.00100,-18.23800,-18.23800,-18.23800,-17.20000,-22.28700,160.42800,160.42800,-0.11000,-0.11000,2.01910,0.18350,0.22480,49.25640,-18.72640,-18.72640,-15.32340,-15.32430,0.12410,0.43340,207.67740,-3.90450,-6.63040,-1.90160,-3.18790,2.90180,-0.0928,-0.0967
2023-06-30,124.21700,63.70300,60.51400,41.18000,-35.30300,80.30400,-19.79000,4.26900,-15.52100,0.06100,-15.58200,-15.58200,-15.58200,-15.86200,-19.79000,159.46400,159.46400,-0.10000,-0.10000,2.18180,0.18070,0.22050,48.71640,-15.93180,-15.93180,-12.49510,-12.54420,0.13270,0.51370,175.20790,-3.27240,-5.05890,-1.66400,-2.68110,2.97000,-0.1243,-0.1283
2023-03-31,119.62600,59.71800,59.90800,41.79700,-35.66000,80.74200,-20.83400,2.98100,-17.85300,0.34700,-18.20000,-18.20000,-18.20000,-17.44200,-20.83400,158.69500,158.69500,-0.11000,-0.11000,2.01090,0.16570,0.19860,50.07940,-17.41600,-17.41600,-14.92400,-15.21410,0.12020,0.40760,220.79210,-3.78450,-5.54150,-1.82890,-3.15750,3.02210,0.27080,0.26920
2022-12-31,97.97300,52.82100,45.15200,36.74000,-32.64500,72.44300,-27.29110,2.16800,-25.12300,-0.60800,-24.51500,-24.51500,-24.51500,-24.12310,-27.29110,156.99400,156.99400,-0.15000,-0.15000,2.16750,0.13450,0.15540,46.08620,-27.85570,-27.85570,-25.64280,-25.02220,0.10710,0.39700,226.69620,-5.04710,-7.25970,-2.67950,-4.36810,3.06540,0.0001,-0.0036
2022-09-30,105.41900,58.47600,46.94300,34.70100,-34.32800,72.03300,-25.09000,1.70100,-23.38900,0.27900,-23.66800,-23.66800,-23.66800,-21.98100,-25.09000,157.26400,157.26400,-0.15000,-0.15000,2.29060,0.12380,0.14140,44.52990,-23.80030,-23.80030,-22.18670,-22.45140,0.11710,0.46310,194.36330,-4.74560,-6.62830,-2.63010,-4.15780,3.15870,-0.0159,-0.0212
2022-06-30,115.07200,64.46800,50.60400,36.14400,-36.72000,75.34300,-24.73900,0.40000,-24.33900,0.17600,-24.51500,-24.51500,-24.51500,-22.15300,-24.73900,156.70400,156.70400,-0.16000,-0.16000,2.14220,0.12030,0.13670,43.97590,-21.49870,-21.49870,-21.15110,-21.30410,0.11770,0.37960,237.09550,-4.75410,-6.48480,-2.50800,-4.18230,3.27310,-0.2615,-0.2682
2022-03-31,103.06500,60.88800,42.17700,36.05200,-32.82900,71.26600,-29.08900,-0.16600,-29.25500,0.24000,-29.49500,-29.49500,-29.49500,-26.57400,-29.08900,156.10500,156.10500,-0.19000,-0.19000,2.06690,0.10180,0.11340,40.92270,-28.22390,-28.22390,-28.38500,-28.61790,0.10110,0.35370,254.48170,-5.52730,-7.41520,-2.89350,-4.96450,3.39780,-0.20150,-0.20630
2021-12-31,100.17700,58.02300,42.15400,35.90200,-29.55700,67.84600,-25.69200,-0.17100,-25.86300,0.44900,-26.31200,-26.31200,-26.31200,-23.16000,-25.69200,125.33300,125.33300,0.11000,0.11000,2.02520,0.00090,0.00090,42.07950,-25.64660,-25.64660,-25.81730,-26.26550,0.10190,0.37520,239.90330,-4.73150,-5.96260,-2.67680,-4.72730,3.56290,0.1102,0.1039
2021-09-30,91.79800,53.91800,37.88000,33.78700,-26.39500,62.53000,-24.65000,-0.09200,-24.74200,0.06100,-24.80300,-24.80300,-24.80300,-22.15700,-24.65000,155.03800,155.03800,-0.16000,-0.16000,2.15830,0.00090,0.00090,41.26450,-26.85240,-26.85240,-26.95270,-27.01910,0.09360,0.36610,245.80830,-4.30570,-5.27980,-2.53020,-4.30200,3.70820,0.0992,0.0958
2021-06-30,97.37400,53.91700,43.45700,27.51300,-23.51300,52.78700,-9.33000,-0.20600,-9.53600,0.15600,-9.69200,-9.69200,-9.69200,-7.49300,-9.33000,154.57200,154.57200,-0.06000,-0.06000,2.40130,0.00080,0.00080,44.62900,-9.58160,-9.58160,-9.79320,-9.95340,0.09850,0.37350,240.94090,-1.63720,-1.76700,-0.98000,-1.63580,3.82750,-0.8665,-0.8571
2021-03-31,69.08600,38.89500,30.19100,23.96500,-21.59100,47.32400,-17.13300,-0.18400,-17.31700,0.05800,-17.37500,-17.37500,-17.37500,-15.24200,-17.13300,34.28800,34.28800,-0.51000,-0.51000,2.76460,0.01090,0.01100,43.70060,-24.79950,-24.79950,-25.06590,-25.14980,0.07450,0.33770,266.49570,-2.90670,-3.12720,-1.87260,-2.87510,3.86900,1.33760,1.31740
2020-12-31,53.76300,30.35600,23.40700,33.66600,-17.38500,35.40400,-11.99700,-0.15400,-12.15100,0.10800,-12.25900,-12.25900,-12.25900,-9.95700,-11.99700,21.59600,21.59600,-0.54000,-0.41000,2.12600,0.02090,0.02130,43.53740,-22.31460,-22.31460,-22.60110,-22.80190,0.13290,0.47730,188.55920,8.77570,-6.60670,-3.03030,-5.29610,10.14870,0.3342,0.1935
2020-09-30,67.46000,33.82900,33.63100,11.63900,-16.79200,30.09600,3.53500,-0.09000,3.44500,0.28600,3.15900,3.15900,3.15900,5.56100,3.53500,21.74300,139.24100,0.15000,0.02000,,,,49.85330,5.24010,5.24010,5.10670,4.68280,,,,,,,,,0.4325,0.5013
2020-06-30,44.89700,19.97700,24.92000,13.89100,-13.87500,29.22900,-4.30900,-0.03900,-4.34800,0.04800,-4.39600,-4.39600,-4.39600,-2.57600,-4.30900,21.37000,21.37000,-0.21000,-0.21000,,,,55.50480,-9.59750,-9.59750,-9.68440,-9.79130,,,,,,,,,1.2184,1.1982
2020-03-31,42.23700,28.88700,13.35000,23.07100,-16.94600,41.22600,-27.87600,0.39800,-27.47800,0.04700,-27.52500,-27.52500,-27.52500,-26.43100,-27.87600,21.19700,21.19700,-1.30000,-1.30000,,,,31.60740,-65.99900,-65.99900,-65.05670,-65.16800,,,,,,,,,-1.50500,-1.57510
2019-12-31,,,,,,,,,,,,,,,,,,,0.00000,,,,,,,,,,,,,,,,,0,0
