Date,revenue,gross-profit,research-development-expenses,selling-general-administrative-expenses,operating-income,total-non-operating-income-expense,pre-tax-income,total-provision-income-taxes,income-after-taxes,income-from-continuous-operations,net-income,ebitda,ebit,basic-shares-outstanding,shares-outstanding,eps-basic-net-earnings-per-share,eps-earnings-per-share-diluted,current-ratio,gross-margin,operating-margin,ebit-margin,pre-tax-profit-margin,net-profit-margin,asset-turnover,receiveable-turnover,days-sales-in-receivables,roe,return-on-tangible-equity,roa,roi,book-value-per-share,operating-cash-flow-per-share,free-cash-flow-per-share
2023-09-30,7.31900,7.31900,37.78800,16.16400,-46.63300,1.71900,-44.91400,0.68700,-45.60100,-45.60100,-45.60100,-43.74100,-46.63300,226.30800,226.30800,-0.20100,-0.20100,2.91920,100.00000,-637.14980,-637.14980,-613.66310,-623.04960,0.02470,9.27630,9.70210,-51.74340,-51.96990,-15.37260,-51.74350,0.38830,-0.1189,-0.1166
2023-06-30,5.13000,5.13000,29.96500,20.07300,-44.90800,24.19900,-20.70900,0.68000,-21.38900,-21.38900,-21.38900,-42.67600,-44.90800,184.69400,184.69400,-0.11600,-0.11600,3.43870,100.00000,-875.39960,-875.39960,-403.68420,-416.93950,0.01500,1.72730,52.10530,-16.88820,-16.95010,-6.23620,-16.88810,0.56210,-0.2152,-0.2204
2023-03-31,47.60100,47.60100,25.54800,20.39700,1.65600,0.00500,1.66100,0.62500,1.03600,1.03600,1.03600,3.50100,1.65600,165.22200,166.71300,0.00000,0.00000,3.35920,100.00000,3.47890,3.47890,3.48940,2.17640,0.16520,27.75570,3.24260,1.23520,1.24170,0.35960,1.23520,0.50640,-0.22360,-0.23770
2022-12-31,11.02800,11.02800,23.05200,15.21800,-27.24200,-1.01400,-28.25600,0.99400,-29.25000,-29.25000,-29.25000,-25.80500,-27.24200,161.20700,161.20700,-0.17000,-0.17000,3.95920,100.00000,-247.02570,-247.02580,-256.22040,-265.23380,0.03350,1.48330,60.67740,-35.72390,-35.91780,-8.89280,-35.72390,0.49770,0.0004,-0.0231
2022-09-30,7.00700,7.00700,33.18200,16.81500,-42.99000,1.96800,-41.02200,0.39900,-41.42100,-41.42100,-41.42100,-41.49900,-42.99000,163.46500,163.46500,-0.25300,-0.25300,3.99730,100.00000,-613.52940,-613.52940,-585.44310,-591.13750,0.02110,3.94980,22.78580,-36.54680,-36.73080,-12.46860,-36.54680,0.69200,-0.2837,-0.343
2022-06-30,5.53800,5.53800,34.74000,14.55000,-43.75200,-0.29800,-44.05000,0.47000,-44.52000,-44.52000,-44.52000,-42.20000,-43.75200,160.46600,160.46600,-0.27700,-0.27700,4.36180,100.00000,-790.03250,-790.03250,-795.41350,-803.90030,0.01430,2.32490,38.71070,-31.37040,-31.50630,-11.46630,-31.37050,0.87180,-0.2489,-0.3037
2022-03-31,3.57500,3.57500,36.75200,16.80400,-49.98100,0.35000,-49.63100,0.63400,-50.26500,-50.26500,-50.26500,-48.38600,-49.98100,156.67200,156.67200,-0.32000,-0.32000,5.43390,100.00000,-1398.07000,-1398.07000,-1388.28000,-1406.01400,0.00850,1.95780,45.96920,-30.81000,-30.95960,-11.97360,-30.81000,1.04040,-0.34720,-0.39260
2021-12-31,1.41700,1.41700,29.50500,14.77600,-42.86400,4.21500,-38.64900,0.20900,-38.85800,-38.85800,-38.85800,-40.63000,-42.86400,155.80500,155.80500,-0.26800,-0.26800,6.64300,100.00000,-3024.98100,-3024.98100,-2727.52300,-2742.27200,0.00300,1.88430,47.76290,-18.86680,-18.95880,-8.27570,-18.86680,1.31810,0.8581,0.8322
2021-09-30,1.20300,1.20300,28.21100,15.17300,-42.18100,-0.01200,-42.19300,0.20800,-42.40100,-42.40100,-42.40100,-40.72700,-42.18100,156.10000,156.10000,-0.27200,-0.27200,7.30360,100.00000,-3506.31800,-3506.31800,-3507.31500,-3524.60500,0.00340,0.73310,122.76810,-17.59500,-17.68240,-11.99370,-17.59500,1.54300,-0.2883,-0.2987
2021-06-30,3.09500,3.09500,28.86800,13.53900,-39.31200,0.32000,-38.99200,0.07600,-39.06800,-39.06800,-39.06800,-37.86900,-39.31200,155.70500,155.70500,-0.24000,-0.24000,8.14530,100.00000,-1270.17800,-1270.17800,-1259.83900,-1262.29400,0.00790,1.43420,62.75280,-14.05630,-14.12660,-10.02280,-14.05630,1.78120,-0.201,-0.2124
2021-03-31,0.43400,0.43400,24.50600,13.81700,-37.88900,0.42400,-37.46500,0.29800,-37.76300,-37.76300,-37.76300,-36.45300,-37.88900,155.18200,155.18200,-0.24000,-0.24000,11.47640,100.00000,-8730.18600,-8730.18600,-8632.48900,-8701.15200,0.00110,,,-12.21480,-12.27910,-9.17510,-12.21480,1.98850,-0.29990,-0.30730
2020-12-31,1.50200,1.50200,25.77700,13.23800,-37.51300,0.95200,-36.56100,0.05200,-36.61300,-36.61300,-36.61300,-37.86800,-37.51300,142.46400,142.46400,-0.21000,-0.21000,10.19000,100.00000,-2497.53700,-2497.53700,-2434.15400,-2437.61600,0.00330,10.80580,8.32890,-10.72980,-10.78450,-8.11560,-10.72980,2.20440,-0.2186,-0.2274
2020-09-30,1.19300,1.19300,24.06700,13.00100,-35.87500,0.45800,-35.41700,0.01500,-35.43200,-35.43200,-35.43200,-31.50900,-35.87500,154.67000,154.67000,-0.24000,-0.24000,12.22770,100.00000,-3007.12500,-3007.12500,-2968.73400,-2969.99200,0.00250,,,-9.41820,-9.46780,-7.39670,-9.41820,2.43100,-0.0988,-0.1031
2020-06-30,0.50200,0.50200,20.46000,10.29500,-30.25300,0.39800,-29.85500,0.02500,-29.88000,-29.88000,-29.88000,-28.38100,-30.25300,137.12100,137.12100,-0.22000,-0.22000,11.88020,100.00000,-6026.49400,-6026.49400,-5947.21100,-5952.19100,0.00100,,,-7.33100,-7.36960,-5.83360,-7.33100,2.63620,-0.1955,-0.1973
2020-03-31,0.76100,0.76100,21.26400,9.26100,-29.76400,1.66700,-28.09700,0.07000,-28.16700,-28.16700,-28.16700,-28.05300,-29.76400,123.29200,123.29200,-0.23000,-0.23000,7.63890,100.00000,-3911.16900,-3911.16900,-3692.11600,-3701.31400,0.00270,,,-15.14050,-15.33560,-9.87480,-15.14050,1.43010,0.13670,0.13520
2019-12-31,0.72800,0.72800,20.35400,10.72900,-30.35500,1.07900,-29.27600,0.08800,-29.36400,-29.36400,-29.36400,-28.26200,-30.35500,104.96750,104.96750,-0.30000,-0.30000,3.50860,100.00000,-4169.64300,-4169.64400,-4021.43000,-4033.51500,0.00400,,,-23.75000,-24.17990,-16.17470,-23.75000,1.17560,-0.1209,-0.1226
2019-09-30,0.23700,0.23700,29.61700,10.74100,-40.12100,0.90600,-39.21500,0.08700,-39.30200,-39.30200,-39.30200,-38.17900,-40.12100,105.14450,105.14450,-0.36000,-0.36000,3.92960,100.00000,-16928.69000,-16928.69000,-16546.41000,-16583.12000,0.00110,,,-26.61240,-27.02860,-18.87240,-26.61240,1.40440,-0.28,-0.2821
2019-06-30,0.15700,0.15700,25.51100,10.14800,-35.50200,-5.52000,-41.02200,0.06500,-41.08700,-41.08700,-41.08700,-33.52200,-35.50200,104.89270,104.89270,-0.42000,-0.42000,6.19000,100.00000,-22612.74000,-22612.74000,-26128.66000,-26170.06000,0.00070,0.04120,2183.50300,-21.97270,-22.21820,-17.15380,-21.97270,1.77900,-0.325,-0.3277
2019-03-31,,,22.01900,11.77300,-33.79200,6.38200,-27.41000,0.00200,-27.41200,-27.41200,-27.41200,-31.79700,-33.79200,104.65750,104.65750,-0.24000,-0.24000,8.54710,,,,,,,,,-12.47960,-12.56710,-10.13610,-12.47960,2.09760,-0.34590,-0.35460
2018-12-31,1.47900,1.47900,22.42900,10.81600,-31.76600,-3.93200,-35.69800,0.13500,-35.83300,-35.83300,-35.83300,-29.66800,-31.76600,97.39000,97.39000,-0.30000,-0.30000,9.45680,100.00000,-2147.80100,-2147.80100,-2413.65600,-2422.78400,0.00530,7.70310,11.68360,-14.51400,-14.60120,-12.94840,-14.51400,2.36080,-0.3703,-0.3735
2018-09-30,40.79200,40.79200,23.48400,10.29000,7.01800,-1.64300,5.37500,0.13300,5.24200,5.24200,5.24200,8.92700,7.01800,97.00000,103.62700,0.06000,0.06000,8.84820,100.00000,17.20440,17.20440,13.17660,12.85060,0.13170,20.08470,4.48100,1.89820,1.90870,1.69300,1.89820,2.64170,0.1757,0.1721
2018-06-30,9.03800,9.03800,26.62400,11.29100,-28.87700,-14.86600,-43.74300,0.10200,-43.84500,-43.84500,-43.84500,-26.95700,-28.87700,94.19950,94.19950,-0.48000,-0.48000,3.82070,100.00000,-319.50650,-319.50650,-483.98980,-485.11840,0.04280,,,-26.55630,-26.75010,-20.75020,-26.55630,1.74870,-0.3729,-0.3859
2018-03-31,8.19600,8.19600,25.73200,11.20400,-28.74000,7.78900,-20.95100,0.12700,-21.07800,-21.07800,-21.07800,-26.85700,-28.74000,93.73000,93.73000,-0.24000,-0.24000,3.76840,100.00000,-350.65890,-350.65890,-255.62470,-257.17420,0.03320,1.62230,55.47580,-11.02050,-11.09230,-8.53130,-11.02050,2.03170,-0.50440,-0.52470
2017-12-31,4.27000,4.27000,25.14800,8.82200,-29.70000,2.26700,-27.43300,-0.17000,-27.26300,-27.26300,-27.26300,-27.96200,-29.70000,87.93800,87.93800,-0.23060,-0.23060,3.09740,100.00000,-695.55030,-695.55040,-642.45890,-638.47780,0.01520,20.72820,4.34190,-13.43110,-13.52020,-9.69710,-13.43110,2.16660,-0.2653,-0.3015
2017-09-30,27.18500,27.18500,24.03400,8.11100,-4.96000,4.30700,-0.65300,0.22500,-0.87800,-0.87800,-0.87800,-3.45700,-4.96000,93.54000,93.54000,-0.00940,-0.00940,3.70270,100.00000,-18.24540,-18.24540,-2.40210,-3.22970,0.09020,6.69090,13.45120,-0.38340,-0.38570,-0.29130,-0.38340,2.44410,0.1481,0.1328
2017-06-30,3.52100,3.52100,19.59100,7.71000,-23.78000,3.73000,-20.05000,0.16500,-20.21500,-20.21500,-20.21500,-22.64400,-23.78000,92.79600,92.79600,-0.24000,-0.24000,7.85850,100.00000,-675.37630,-675.37630,-569.44050,-574.12660,0.01240,2.50430,35.93870,-8.80850,-8.86370,-7.11100,-8.80850,2.45400,-0.1027,-0.1538
2017-03-31,2.85700,2.85700,18.61500,6.46300,-22.22100,0.67000,-21.55100,0.23100,-21.78200,-21.78200,-21.78200,-21.17500,-22.22100,71.49300,71.49300,-0.30000,-0.30000,6.98580,100.00000,-777.77380,-777.77380,-754.32270,-762.40810,0.01070,26.70090,3.37070,-10.45570,-10.52190,-8.18930,-10.45570,2.40850,-0.39780,-0.56910
2016-12-31,8.53600,8.53600,16.84700,6.34500,-14.65600,-0.32200,-14.97800,0.43600,-15.41400,-15.41400,-15.41400,-13.78200,-14.65600,70.78600,70.78600,-0.24000,-0.24000,4.93550,100.00000,-171.69630,-171.69640,-175.46860,-180.57640,0.03640,5.76760,15.60450,-9.27760,-9.34900,-6.57270,-9.27760,2.34660,0.0335,-0.0607
2016-09-30,2.41600,2.41600,15.61000,5.42400,-18.61800,0.22800,-18.39000,0.10400,-18.49400,-18.49400,-18.49400,-17.80000,-18.61800,70.78500,70.78500,-0.24000,-0.24000,8.80560,100.00000,-770.61260,-770.61260,-761.17550,-765.48020,0.01090,,,-10.27420,-10.33900,-8.30650,-10.27420,2.54300,-0.2171,-0.2443
2016-06-30,0.32800,0.32800,16.85600,6.17200,-22.70000,0.89800,-21.80200,0.29300,-22.09500,-22.09500,-22.09500,-21.85100,-22.70000,70.78500,70.78500,-0.30000,-0.30000,10.83490,100.00000,-6920.73200,-6920.73200,-6646.95100,-6736.28000,0.00140,,,-11.21630,-11.27410,-9.22320,-11.21630,2.78290,-0.233,-0.25
2016-03-31,2.91800,2.91800,14.47600,5.26700,-16.82500,1.30800,-15.51700,0.05900,-15.57600,-15.57600,-15.57600,-16.08000,-16.82500,70.78530,70.78530,-0.24000,-0.24000,12.02550,100.00000,-576.59360,-576.59360,-531.76830,-533.79030,0.01120,,,-7.11410,-7.15130,-5.95500,-7.11410,3.09310,-0.26390,-0.28800
2015-12-31,,,,,,,,,,,,,,,,,0.00000,,,,,,,,,,,,,,,,
2015-09-30,4.94800,4.94800,8.85300,4.40300,-8.30800,2.08600,-6.22200,0.02000,-6.24200,-6.24200,-6.24200,-7.82000,-8.30800,70.78500,70.78500,-0.06000,-0.06000,8.51670,100.00000,-167.90620,-167.90620,-125.74780,-126.15200,0.01630,0.46040,195.47910,-2.43460,-2.43640,-2.05280,-2.43460,3.62200,0.0614,-0.0226
2015-06-30,2.78300,2.78300,8.40400,5.48600,-11.10700,-3.31400,-14.42100,0.14700,-14.56800,-14.56800,-16.79700,-10.81000,-11.10700,52.76000,52.76000,-0.30000,-0.30000,11.02830,100.00000,-399.10170,-399.10170,-518.18180,-603.55740,0.00920,0.26080,345.05930,-5.59900,-5.60240,-4.83410,-5.59880,,-0.07,-0.1046
2015-03-31,2.72800,2.72800,5.97600,2.35900,-5.60700,3.71300,-1.89400,0.05100,-1.94500,-1.94500,-8.37900,-5.53900,-5.60700,30.22840,30.22840,-0.30000,-0.30000,,100.00000,-205.53520,-205.53520,-69.42820,-307.14810,,,,,,,,,-0.18670,-0.20890
2014-12-31,,,,,,,,,,,,,,,,,0.00000,,,,,,,,,,,,,,,0,0
2014-06-30,,,,,,,,,,,,,,,,,0.00000,,,,,,,,,,,,,,,0,0
