Date,revenue,cost-goods-sold,gross-profit,selling-general-administrative-expenses,other-operating-income-expenses,operating-expenses,operating-income,total-non-operating-income-expense,pre-tax-income,total-provision-income-taxes,income-after-taxes,income-from-continuous-operations,net-income,ebitda,ebit,basic-shares-outstanding,shares-outstanding,eps-basic-net-earnings-per-share,eps-earnings-per-share-diluted,current-ratio,long-term-debt-capital,debt-equity-ratio,gross-margin,operating-margin,ebit-margin,pre-tax-profit-margin,net-profit-margin,asset-turnover,inventory-turnover,receiveable-turnover,days-sales-in-receivables,roe,return-on-tangible-equity,roa,roi,book-value-per-share,operating-cash-flow-per-share,free-cash-flow-per-share
2023-09-30,148.16850,59.03030,89.13820,52.63400,2.46640,50.16760,38.97060,-16.36760,22.60300,2.48750,20.11550,20.11550,19.11750,54.49410,38.97060,89.75300,90.69000,0.21300,0.21090,1.17890,0.32660,0.55190,60.16000,26.30150,26.30150,15.25490,12.90250,0.09240,64.03780,1.33020,67.65750,2.76750,-7.85830,1.25420,1.86360,7.75520,0.8212,0.7498
2023-06-30,143.94660,57.42760,86.51900,50.41640,-0.42080,50.83710,35.68190,-17.57720,18.10470,0.42220,17.68250,17.68250,16.72340,50.91180,35.68190,89.80800,90.28200,0.18580,0.18580,1.17390,0.33440,0.57460,60.10490,24.78830,24.78830,12.57730,11.61780,0.09080,35.15020,1.27020,70.85570,2.54010,-6.31880,1.11520,1.69070,7.42750,0.4981,0.4288
2023-03-31,136.66750,47.66440,89.00310,44.89490,0.07800,44.81680,44.18630,-17.84610,26.34020,3.66910,22.67110,22.67110,21.58390,56.88570,44.18630,89.93700,90.59800,0.24070,0.23870,1.08450,0.33940,0.58860,65.12390,32.33120,32.33120,19.27320,15.79300,0.09100,24.94780,1.38510,64.97720,3.49650,-7.93420,1.51010,2.30980,6.91820,0.70450,0.64650
2022-12-31,110.42490,44.86050,65.56440,38.08790,0.27850,37.80940,27.75500,-12.45550,15.29950,1.94680,13.35270,13.35270,12.47210,38.75430,27.75500,90.33500,90.66400,0.14180,0.13790,1.80820,0.34840,0.59850,59.37470,25.13470,25.13470,13.85510,11.29470,0.07920,18.99900,1.18610,75.87960,2.12100,-8.71120,0.95750,1.38210,6.71720,0.2937,0.1803
2022-09-30,110.77370,41.34460,69.42910,40.20000,-1.36860,41.56870,27.86040,-11.24040,16.62000,1.27780,15.34220,15.34220,14.45500,36.67110,27.86040,89.93700,90.49900,0.16030,0.16030,1.24280,0.26430,0.44650,62.67650,25.15080,25.15080,15.00360,13.04910,0.08590,17.35190,1.29600,69.44220,2.53350,-9.25600,1.18930,1.86400,6.46120,0.5483,0.4422
2022-06-30,121.54530,44.55000,76.99530,42.14670,-0.25540,42.40210,34.59320,-11.90770,22.68550,1.13140,21.55400,21.55400,20.62580,45.46680,34.59320,90.48100,90.48100,0.22800,0.22800,1.32820,0.27130,0.45230,63.34700,28.46110,28.46110,18.66420,16.96970,0.09020,14.48000,1.26100,71.37080,3.43380,-11.01370,1.59980,2.50220,6.69740,0.377,0.3014
2022-03-31,108.39440,35.74010,72.65430,34.16760,-0.05910,34.22670,38.42760,-10.04510,28.38250,2.55460,25.82790,25.82790,24.80740,47.68890,38.42760,91.34200,91.34200,0.27180,0.27180,1.48910,0.29040,0.46120,67.02770,35.45160,35.45160,26.18450,22.88620,0.08630,13.46870,1.42920,62.97110,4.43240,-14.86150,2.05650,3.14500,6.21740,0.58400,0.51980
2021-12-31,89.15940,35.98930,53.17010,31.75950,-0.87220,32.63160,20.53840,-9.31510,11.22330,2.31320,8.91000,8.91000,8.19760,27.63950,20.53840,93.29100,94.10300,0.08750,0.08750,1.57450,0.29350,0.46310,59.63490,23.03560,23.03560,12.58790,9.19430,0.07460,16.42190,1.19120,75.55400,1.60280,-5.33790,0.74580,1.13240,5.93130,0.1704,0.12
2021-09-30,86.96970,34.46000,52.50960,34.22440,-0.02580,34.25030,18.25940,-6.20000,12.05940,0.96030,11.09910,11.09910,10.14990,27.10170,18.25940,93.59300,94.40100,0.10910,0.10720,2.17380,0.30860,0.45550,60.37700,20.99510,20.99510,13.86620,11.67070,0.07000,19.80010,1.25970,71.44290,1.89880,-8.27250,0.89400,1.31280,6.23690,0.4297,0.3487
2021-06-30,70.30420,27.27390,43.03040,25.52270,0.02130,25.50140,17.52900,-12.46910,5.05980,0.91660,4.14320,4.14320,3.25430,24.37040,17.52900,93.27000,94.22600,0.03400,0.03400,2.58680,0.30900,0.49020,61.20590,24.93300,24.93300,7.19710,4.62890,0.06220,16.92550,1.03770,86.73380,0.72740,-22.81870,0.36690,0.50270,6.07720,0.294,0.2223
2021-03-31,72.16620,23.14800,49.01820,23.86390,0.21690,23.64710,25.37110,-3.04110,22.33000,1.58730,20.74270,20.74270,19.78050,31.16330,25.37110,93.34400,94.22800,0.21230,0.21050,2.11820,0.14580,0.21340,67.92400,35.15650,35.15650,30.94250,27.40960,0.07950,13.19550,1.14910,78.32280,3.82470,55.19350,2.28650,3.26700,5.78820,0.34820,0.30340
2020-12-31,62.79600,23.36720,39.42890,22.28290,-0.29710,22.57990,16.84890,-5.41480,11.43410,1.82730,9.60680,9.60680,8.87120,23.47990,16.84890,92.68400,93.63600,0.09360,0.08980,2.38470,0.15260,0.22160,62.78880,26.83110,26.83110,18.20830,14.12710,0.06750,16.04070,1.00110,89.90130,1.74750,18.98970,1.03310,1.48080,5.90200,0.1594,0.0936
2020-09-30,57.58120,20.89750,36.68370,19.48800,0.37160,19.11640,17.56730,-1.88560,15.68170,0.87280,14.80890,14.80890,13.92620,22.45960,17.56730,93.11600,94.19200,0.15000,0.14800,2.39280,0.00620,0.06150,63.70770,30.50870,30.50870,27.23410,24.18540,0.07640,19.24460,1.21030,74.36130,2.87910,9.92060,1.96590,2.86130,5.52200,0.2312,0.1861
2020-06-30,51.14040,19.89640,31.24400,16.79230,-0.12850,16.92080,14.32320,-1.22590,13.09730,1.18260,11.91470,11.91470,11.31660,18.26070,14.32320,93.00480,93.19170,0.12120,0.12120,2.89330,0.00720,0.02310,61.09460,28.00760,28.00760,25.61060,22.12860,0.07120,19.84800,1.06430,84.56380,2.40210,7.75550,1.65930,2.38480,5.33320,0.1299,0.0981
2020-03-31,61.51350,20.16180,41.35170,19.59070,-0.01330,19.60410,21.74760,3.03970,24.78730,1.36830,23.41910,23.41910,22.54840,27.38320,21.74760,91.42600,91.91800,0.24620,0.24620,3.74800,0.00640,0.03500,67.22380,35.35420,35.35420,40.29580,36.65610,0.07560,15.99480,1.62660,55.33150,3.99700,9.70040,2.87800,3.97140,6.29980,0.24920,0.20580
2019-09-30,52.17440,22.04710,30.12720,17.98600,0.13120,17.85480,12.27250,1.54190,13.81440,1.45080,12.36360,12.36360,11.67780,17.81170,12.27250,86.24900,86.86100,0.13630,0.13380,2.92280,0.01260,0.04000,57.74340,23.52200,23.52200,26.47730,22.38220,0.06990,29.92460,1.64510,54.70850,2.38360,6.71290,1.65680,2.35360,5.77960,-10.2881,-8.3271
2019-06-30,45.55140,20.99860,24.55280,15.20580,0.14700,15.05890,9.49400,-3.61130,5.88260,0.44020,5.44240,5.44240,4.16410,9.49400,9.49400,2.48700,2.53400,1.67410,1.64350,0.61450,0.03200,0.09070,53.90130,20.84230,20.84230,12.91420,9.14150,0.09240,29.26140,1.36910,65.73840,1.99370,-13.63470,1.10360,1.93000,,10.9583,8.8762
