Date,revenue,cost-goods-sold,gross-profit,selling-general-administrative-expenses,other-operating-income-expenses,operating-expenses,operating-income,total-non-operating-income-expense,pre-tax-income,total-provision-income-taxes,income-after-taxes,income-from-continuous-operations,net-income,ebitda,ebit,basic-shares-outstanding,shares-outstanding,eps-basic-net-earnings-per-share,eps-earnings-per-share-diluted,current-ratio,long-term-debt-capital,debt-equity-ratio,gross-margin,operating-margin,ebit-margin,pre-tax-profit-margin,net-profit-margin,asset-turnover,inventory-turnover,receiveable-turnover,days-sales-in-receivables,roe,return-on-tangible-equity,roa,roi,book-value-per-share,operating-cash-flow-per-share,free-cash-flow-per-share
2023-09-30,133.21100,92.18700,41.02400,13.20100,-11.53100,59.15800,-18.13400,-5.46400,-23.59800,3.55100,-27.14900,-27.14900,-27.14900,10.22900,-18.13400,286.92200,286.92200,-0.09000,-0.09000,2.96890,0.15080,0.19050,30.79630,-13.61300,-13.61300,-17.71480,-20.38050,0.06820,1.52220,3.85130,23.36900,-2.02670,-2.02670,-1.39060,-1.72100,4.66860,0.0685,-0.0421
2023-06-30,146.69200,112.96700,33.72500,14.99300,-4.99500,52.57500,-18.85000,-3.68200,-22.53200,-4.99800,-17.53400,-17.53400,-17.53400,14.12600,-18.85000,280.99400,280.99400,-0.06000,-0.06000,2.88840,0.14730,0.18510,22.99040,-12.85010,-12.85010,-15.36010,-11.95290,0.07280,1.94950,4.38110,20.54280,-1.27400,-1.27400,-0.87060,-1.08640,4.79770,0.0729,-0.0559
2023-03-31,156.95200,128.94600,28.00600,13.07700,-124.72400,172.23000,-144.22400,-2.39800,-146.62200,-45.96200,-100.66000,-100.66000,-100.66000,-109.40500,-144.22400,274.22000,274.22000,-0.37000,-0.37000,2.31100,0.15180,0.19170,17.84370,-91.89050,-91.89050,-93.41840,-64.13430,0.07910,1.81480,3.75810,23.94850,-7.56500,-7.56500,-5.07460,-6.41650,4.84750,-0.01700,-0.19740
2022-12-31,148.18900,126.14800,22.04100,11.01000,-0.56200,46.87900,-24.83800,-6.62400,-31.46200,-14.64300,-16.81900,-16.81900,-16.81900,10.86600,-24.83800,263.12230,263.12230,-0.06000,-0.06000,2.21200,0.14200,0.17570,14.87360,-16.76100,-16.76100,-21.23100,-11.34970,0.07020,1.94790,3.59540,25.03180,-1.19170,-1.19170,-0.79710,-1.02250,5.17760,-0.0562,-0.2661
2022-09-30,159.75100,120.70700,39.04400,11.85000,-6.76600,54.32300,-15.27900,-4.87600,-20.15500,0.53700,-20.69200,-20.69200,-20.69200,20.84800,-15.27900,262.86600,262.86600,-0.08000,-0.08000,1.88270,0.15340,0.19130,24.44050,-9.56430,-9.56430,-12.61650,-12.95270,0.07780,1.91570,4.26620,21.09620,-1.53890,-1.53890,-1.00780,-1.30290,5.11350,0.2511,0.0365
2022-06-30,159.44300,113.61900,45.82400,12.36600,4.16900,42.40900,3.41500,-8.75300,-5.33800,78.71200,-84.05000,-84.05000,-84.05000,38.03800,3.41500,262.68100,262.68100,-0.32000,-0.32000,2.46470,0.13500,0.16560,28.74010,2.14180,2.14180,-3.34790,-52.71480,0.07840,1.70570,4.29630,20.94840,-6.16080,-6.16080,-4.13070,-5.32930,5.19020,-0.0504,-0.3073
2022-03-31,156.83800,111.21300,45.62500,15.10400,-2.45600,48.11600,-2.49100,-1.95800,-4.44900,-11.73400,7.28500,7.28500,7.28500,28.46600,-2.49100,260.20000,262.59000,0.03000,0.03000,2.24090,0.12740,0.15450,29.09050,-1.58830,-1.58830,-2.83670,4.64490,0.07350,1.70130,3.69130,24.38130,0.50660,0.50660,0.34150,0.44210,5.50150,-0.07230,-0.21820
2021-12-31,204.87600,121.23600,83.64000,9.84700,-2.24600,55.37100,28.26900,-8.34100,19.92800,23.89900,-3.97100,-3.97100,-3.97100,71.94400,28.26900,244.74980,244.74980,-0.02000,-0.02000,2.29840,0.12910,0.15670,40.82470,13.79810,13.79810,9.72690,-1.93820,0.09640,2.00020,3.77580,23.83590,-0.28140,-0.28140,-0.18690,-0.24510,5.42570,0.3631,0.1037
2021-09-30,124.64600,92.00600,32.64000,9.28200,-5.14700,43.55100,-10.91100,-8.89000,-19.80100,-1.39500,-18.40600,-18.40600,-18.40600,18.61700,-10.91100,256.36400,256.36400,-0.07000,-0.07000,2.90690,0.13230,0.16050,26.18620,-8.75360,-8.75360,-15.88580,-14.76660,0.06080,1.28210,1.98110,45.42960,-1.32190,-1.32190,-0.89720,-1.14700,5.42840,-0.0453,-0.2106
2021-06-30,154.07300,95.78200,58.29100,9.66900,-3.40000,41.93700,16.35400,0.20200,16.55600,0.95700,15.59900,15.59900,15.59900,45.62900,16.35400,242.78100,245.83800,0.06000,0.06000,3.07780,0.11490,0.13760,37.83340,10.61450,10.61450,10.74560,10.12440,0.07580,1.83410,1.80350,49.90410,1.11450,1.11450,0.76750,0.98650,5.48410,-0.0699,-0.2214
2021-03-31,100.52200,57.06100,43.46100,10.55500,-2.07100,27.97100,15.49000,-6.92300,8.56700,6.71200,1.85500,1.85500,1.85500,31.29500,15.49000,222.54500,225.77300,0.01000,0.01000,3.40280,0.15500,0.20130,43.23530,15.40960,15.40960,8.52250,1.84540,0.08140,1.58160,1.93180,46.58920,0.21590,0.21590,0.15020,0.18240,3.85610,0.03290,-0.16300
2020-12-31,117.07500,58.00800,59.06700,9.43200,-4.59300,29.42400,29.64300,-2.17000,27.47300,-7.07200,34.54500,34.54500,34.54500,45.52000,29.64300,213.87960,215.87880,0.17000,0.17000,3.50350,0.15580,0.20380,50.45230,25.31970,25.31970,23.46620,29.50670,0.09460,1.78420,2.55000,35.29430,4.06300,4.06300,2.79150,3.42990,3.83050,0.2131,0.0298
2020-09-30,125.88100,60.27500,65.60600,7.22300,-3.10300,27.89900,37.70700,6.63200,44.33900,13.39300,30.94600,30.94600,30.94600,55.75500,37.70700,214.91900,233.79500,0.14000,0.14000,4.44270,0.16010,0.21000,52.11750,29.95450,29.95450,35.22300,24.58350,0.10590,1.97490,2.85450,31.52910,3.83850,3.83850,2.60220,3.22400,3.64580,0.2443,0.1395
2020-06-30,34.85500,35.35300,-0.49800,7.79300,-11.83200,26.88900,-27.38700,11.96000,-15.42700,-5.45900,-9.96800,-9.96800,-9.96800,-19.65400,-27.38700,209.64530,209.64530,-0.05000,-0.05000,2.45260,0.19170,0.26280,-1.42880,-78.57410,-78.57410,-44.26050,-28.59850,0.03420,0.81200,1.04930,85.77050,-1.54540,-1.54540,-0.97740,-1.24920,3.07510,-0.1457,-0.2244
2020-03-31,86.06500,50.78100,35.28400,8.66200,-12.05900,34.89000,0.39400,-27.05000,-26.65600,5.78000,-32.43600,-32.43600,-32.43600,15.01900,0.39400,209.39610,209.39610,-0.15000,-0.15000,2.66080,0.19990,0.26030,40.99690,0.45780,0.45780,-30.97190,-37.68780,0.08260,1.51980,2.67760,33.61160,-5.02070,-5.02070,-3.11450,-4.01720,3.08300,0.05750,-0.09430
2019-12-31,96.47600,55.03300,41.44300,9.55100,-61.20100,88.25400,-46.81100,-2.46500,-49.27600,-9.33000,-39.94600,-39.94600,-39.94600,-28.89500,-46.81100,201.61500,201.61500,-0.19000,-0.19000,3.38160,0.20390,0.26840,42.95680,-48.52080,-48.52090,-51.07590,-41.40510,0.09520,1.80340,2.84320,31.65430,-6.03120,-6.03120,-3.94350,-4.80130,3.18250,0.2644,0.0964
2019-09-30,96.98900,54.99400,41.99500,9.01600,-3.78900,26.98600,15.00900,0.94300,15.95200,7.39300,8.55900,8.55900,8.55900,29.50000,15.00900,203.77700,205.96000,0.04000,0.04000,3.69280,0.19180,0.24490,43.29870,15.47500,15.47500,16.44720,8.82470,0.09680,1.80650,2.09540,42.95160,1.28320,1.28320,0.85390,1.03700,3.26470,0.1899,0.0509
2019-06-30,83.66900,62.77200,20.89700,7.98300,0.35400,24.32000,-3.42300,-3.82900,-7.25200,4.71500,-11.96700,-11.96700,-11.96700,13.72600,-3.42300,200.96600,200.96600,-0.06000,-0.06000,3.13260,0.19550,0.25160,24.97580,-4.09110,-4.09110,-8.66750,-14.30280,0.08610,2.18670,1.48960,60.41920,-1.86880,-1.86880,-1.23090,-1.50350,3.16200,0.0739,-0.0551
2019-03-31,86.81000,59.34700,27.46300,8.57500,1.56100,24.22400,3.23900,-1.68700,1.55200,-1.32800,2.88000,2.88000,2.88000,20.90300,3.23900,195.83300,196.74600,0.01000,0.01000,3.24470,0.19630,0.25160,31.63580,3.73110,3.73110,1.78780,3.31760,0.08970,2.16930,1.49190,60.32620,0.45480,0.45480,0.29760,0.36550,3.17580,0.16630,0.01400
2018-12-31,74.12800,56.23000,17.89800,6.88500,-168.90500,202.71510,-184.81710,-3.75200,-188.56900,-24.12600,-164.44300,-164.44300,-164.44300,-157.55010,-184.81710,183.65000,183.65000,-0.89000,-0.89000,2.86000,0.20270,0.26130,24.14470,-249.32160,-249.32160,-254.38300,-221.83660,0.08000,1.73190,1.11900,80.43030,-27.65730,-27.65730,-17.75630,-22.05080,3.06680,0.0941,-0.0849
2018-09-30,88.52100,63.96600,24.55500,7.08600,0.91800,30.86900,-6.31400,-4.80800,-11.12200,-17.02600,5.90400,5.90400,5.90400,18.54300,-6.31400,193.57000,194.59500,0.03000,0.03000,3.38380,0.16520,0.20220,27.73920,-7.13280,-7.13280,-12.56430,6.66960,0.07960,2.22610,1.28790,69.87940,0.78060,0.78060,0.53080,0.65160,3.90550,-0.0052,-0.1609
2018-06-30,79.68700,59.28500,20.40200,7.44800,-36.82200,66.97600,-46.57400,-2.76100,-49.33500,-9.30200,-40.03300,-40.03300,-40.03300,-23.69800,-46.57400,181.12600,181.12600,-0.22000,-0.22000,3.19910,0.16660,0.20620,25.60270,-58.44620,-58.44620,-61.91100,-50.23780,0.07040,2.02830,1.43930,62.53140,-5.35480,-5.35480,-3.53820,-4.46260,3.86600,0.0327,-0.1006
2018-03-31,58.59300,39.68100,18.91200,7.38400,-3.75500,30.47400,-11.56200,-2.45900,-14.02100,-8.42900,-5.59200,-5.59200,-5.59200,7.96000,-11.56200,165.82000,165.82000,-0.03000,-0.03000,4.40930,0.17380,0.26520,32.27690,-19.73270,-19.73270,-23.92950,-9.54380,0.06370,2.18240,2.37660,37.86900,-0.93570,-0.93570,-0.60820,-0.77310,3.60570,0.05950,-0.07860
2017-12-31,61.16500,39.30900,21.85600,5.80200,-64.69300,90.94900,-69.09300,-0.78700,-69.88000,-13.79600,-56.08400,-56.08400,-56.08400,-48.37100,-69.09300,165.29400,165.29400,-0.34000,-0.34000,3.13850,0.04030,0.07050,35.73290,-112.96170,-112.96170,-114.24840,-91.69300,0.07830,2.08450,2.93290,30.68670,-9.62840,-9.62840,-7.17700,-9.24040,3.51270,0.1187,0.0018
2017-09-30,61.90100,40.29000,21.61100,6.50600,2.43200,22.51000,-0.89900,-0.40800,-1.30700,0.01300,-1.32000,-1.32000,-1.32000,17.80400,-0.89900,165.50490,165.50490,-0.01000,-0.01000,3.77270,0.04040,0.06830,34.91220,-1.45230,-1.45230,-2.11140,-2.13240,0.07390,2.26490,3.16580,28.42880,-0.20760,-0.20760,-0.15760,-0.19920,3.83830,0.0954,-0.0394
2017-06-30,60.11600,40.00400,20.11200,6.64600,0.66100,24.69200,-4.58000,-2.11600,-6.69600,-8.10800,1.41200,1.41200,1.41200,14.37500,-4.58000,165.11740,167.46690,0.01000,0.01000,4.06240,0.04310,0.07170,33.45530,-7.61860,-7.61860,-11.13850,2.34880,0.07190,2.30250,3.65760,24.60640,0.22300,0.22300,0.16900,0.21340,3.83330,0.1045,0.0011
2017-03-31,69.10600,39.66200,29.44400,6.83400,0.41400,25.86800,3.57600,-0.99400,2.58200,-0.13800,2.72000,2.72000,2.72000,23.27300,3.57600,164.81610,167.44060,0.02000,0.02000,4.06840,0.04530,0.07470,42.60700,5.17470,5.17470,3.73630,3.93600,0.08150,2.13320,3.52200,25.55340,0.43240,0.43240,0.32090,0.41280,3.81130,0.10760,0.00590
2016-12-31,66.17000,37.34600,28.82400,5.93900,-0.79400,25.61400,3.21000,-1.67800,1.53200,-0.28200,1.81400,1.81400,1.81400,22.29400,3.21000,160.87400,164.25760,0.01000,0.01000,3.63510,0.05140,0.08380,43.56050,4.85120,4.85110,2.31520,2.74140,0.07720,1.84390,4.01690,22.40550,0.29180,0.29180,0.21160,0.27680,3.78020,0.2323,0.0869
2016-09-30,79.32600,38.42100,40.90500,5.62600,-0.82600,27.40700,13.49800,-0.10900,13.38900,5.27400,8.11500,8.11500,8.11500,34.65400,13.49800,163.83330,168.59350,0.05000,0.05000,4.33880,0.05710,0.09260,51.56570,17.01590,17.01590,16.87850,10.22990,0.09250,1.91210,3.01600,29.84120,1.30710,1.30710,0.94620,1.23240,3.77790,0.1504,0.0645
2016-06-30,66.07200,36.25200,29.82000,5.56300,1.06800,24.37400,5.44600,3.77200,9.21800,3.11300,6.10500,6.10500,6.10500,25.49100,5.44600,159.50400,163.52500,0.04000,0.04000,3.35820,0.06580,0.10600,45.13260,8.24250,8.24250,13.95150,9.23990,0.07860,1.67820,2.58910,34.76070,1.02090,1.02090,0.72650,0.95370,3.67960,0.0842,-0.0041
2016-03-31,66.50900,37.26200,29.24700,5.02200,1.74400,23.15600,6.09100,-4.73900,1.35200,8.78500,-7.43300,-7.43300,-7.43300,26.15800,6.09100,155.69200,155.69200,-0.05000,-0.05000,1.96910,0.07960,0.12130,43.97450,9.15820,9.15820,2.03280,-11.17590,0.08370,1.84470,2.55150,35.27390,-1.37570,-1.37570,-0.93550,-1.26620,3.46280,0.14200,0.08130
2015-12-31,66.00000,39.49000,26.51000,116.28000,-110.95000,138.94000,-112.43000,-3.50000,-115.90000,-12.92000,-102.98000,-103.00000,-103.00000,-89.55700,-112.43000,156.06000,156.06000,-0.66000,-0.66000,1.17470,0.01330,0.05870,40.22730,-170.34850,-170.34850,-175.60610,-156.06060,0.08360,1.77850,2.69490,33.39680,-18.90880,-18.90880,-13.04290,-18.65690,3.50100,0.0447,0.0431
2015-09-30,44.67300,30.54500,14.12800,4.88500,1.56700,21.03400,-6.90600,0.25900,-6.64700,-4.86700,-1.78000,-1.78000,-1.78000,10.99900,-6.90600,122.23800,122.23800,-0.01000,-0.01000,0.82310,0.01670,0.03530,31.62540,-15.45900,-15.45900,-14.87920,-3.98450,0.05950,1.93450,3.29930,27.27820,-0.32800,-0.32800,-0.23720,-0.32260,,0.0868,-0.0203
2015-06-30,54.19000,33.31400,20.87600,5.77300,0.66200,22.54600,-1.67000,-2.77900,-4.44900,-1.87100,-2.57800,-2.57800,-2.57800,15.95300,-1.67000,121.09800,121.09800,-0.02000,-0.02000,0.98740,0.02080,0.04000,38.52370,-3.08180,-3.08180,-8.21000,-4.75730,0.07070,2.06410,3.82430,23.53390,-0.47480,-0.47480,-0.33650,-0.46490,,0.1739,0.0211
2015-03-31,54.56900,32.33600,22.23300,5.94800,1.51200,21.67300,0.56000,0.17200,0.73200,1.83700,-1.10500,-1.10500,-1.10500,17.97900,0.56000,117.59500,117.59500,-0.01000,-0.01000,0.83080,0.02510,0.05150,40.74290,1.02620,1.02620,1.34140,-2.02500,0.07210,1.93740,3.23850,27.79050,-0.21210,-0.21210,-0.14590,-0.20680,,0.05400,-0.04930
2014-12-31,72.50000,44.88000,27.62000,100.60000,,122.39000,-94.77000,3.54000,-91.22000,-26.64000,-64.58000,-64.60000,-64.60000,-77.32000,-94.77000,117.54400,117.54400,-0.55000,-0.55000,0.96330,0.02880,0.05160,38.09660,-130.71720,-130.71720,-125.82070,-89.10350,0.09400,2.54420,5.34660,16.83310,-12.41070,-12.41020,-8.37500,-12.05270,4.42650,0.3538,0.7322
2014-09-30,40.77000,31.97000,8.80000,6.52000,,17.10000,-8.30000,-1.47000,-9.77000,0.67000,-10.44000,-10.45000,-10.45000,6.97000,-8.30000,117.51100,117.51100,-0.09000,-0.09000,1.14920,0.02920,0.05190,21.56000,-20.35810,-20.35810,-23.96370,-25.63160,0.04660,0.96410,2.61180,34.45920,-1.78930,-1.78920,-1.19370,-1.73700,,0.0423,-0.4959
2014-06-30,66.90000,42.72000,24.18000,7.61000,,22.30000,1.88000,7.79000,9.67000,2.08000,7.59000,7.60000,7.60000,16.55000,1.88000,117.49000,117.49000,0.06000,0.06000,1.64030,0.02980,0.05330,36.17340,2.81020,2.81020,14.45440,11.36020,0.07510,1.76310,3.72080,24.18830,1.28170,1.28160,0.85310,1.24340,,0.2337,0.3227
2014-03-31,65.30000,35.27000,30.03000,7.62000,,21.02000,9.01000,1.39000,10.39000,4.41000,5.98000,6.00000,6.00000,22.78000,9.01000,117.22700,117.22700,0.05000,0.05000,1.22640,0.02830,0.05490,45.97240,13.79790,13.79790,15.91120,9.18840,0.07520,1.19840,2.66420,33.78100,1.02960,1.02960,0.69110,1.00040,,0.16460,-0.05430
2013-12-31,59.00000,31.43000,27.57000,9.31000,,22.62000,4.95000,-35.14000,-30.17000,51.05000,-81.22000,-81.20000,-81.20000,18.17000,4.95000,117.68100,117.68100,-0.69000,-0.69000,1.42770,0.03430,0.09490,46.69490,8.38980,8.38980,-51.13560,-137.62710,0.06900,1.17360,2.67700,33.62030,-14.22740,-14.22690,-9.49760,-13.73870,,0.216,-0.1056
2013-09-30,76.88200,36.06000,40.82200,8.34000,,19.98000,20.84200,1.12000,21.95000,5.63000,16.32000,16.32000,16.32000,32.74200,20.84200,116.90400,117.32900,0.14000,0.14000,2.16360,0.02670,0.07160,53.09440,27.10910,27.10910,28.55030,21.22730,0.08660,1.36020,2.63570,34.14710,2.51450,2.61350,1.83770,2.44730,,0.322,-0.0809
2013-06-30,48.37200,23.89000,24.48200,9.86000,,20.05000,4.43200,-3.39000,1.02000,0.86000,0.16000,0.16000,0.16000,14.84200,4.43200,116.92200,117.32300,0.00000,0.00000,2.22630,0.02640,0.06470,50.60780,9.16230,9.16230,2.10870,0.33080,0.05560,0.74940,6.87100,13.09850,0.02550,0.02660,0.01840,0.02490,,0.2222,-0.2052
2013-03-31,67.07000,24.27000,42.80000,11.86000,,20.05000,22.75000,10.66000,33.39000,6.88000,26.51000,26.51700,26.51700,31.13000,22.75000,116.89500,117.85100,0.23000,0.23000,2.64220,0.02440,0.05560,63.81390,33.91980,33.91980,49.78380,39.53630,0.07900,1.01250,6.83690,13.16390,4.24310,4.41670,3.12520,4.13960,,0.38080,0.01380
2012-12-31,71.00000,23.69000,47.31000,12.83000,,20.70000,26.61000,1.35000,28.00000,5.65000,22.35000,22.40000,22.40000,35.05000,26.61000,116.44300,116.44300,0.19000,0.19000,3.02130,0.02330,0.04990,66.67610,37.47890,37.47890,39.43660,31.54930,0.08730,1.00210,10.70890,8.40420,3.77420,3.93710,2.75510,3.68600,,0.4176,-0.1846
2012-09-30,63.58100,20.91000,42.67100,7.59000,,14.42000,28.25100,2.44000,30.68000,5.82000,24.86000,24.86900,24.86900,35.08100,28.25100,115.30700,117.04900,0.22000,0.21000,2.55920,0.02030,0.03510,67.09550,44.43310,44.43310,48.25340,39.11390,0.08730,0.83710,7.99760,11.25340,4.39620,4.59580,3.41350,4.30700,,0.1684,-0.1076
2012-06-30,54.80000,18.45000,36.35000,7.50000,,12.75000,23.60000,-4.48000,19.07000,3.75000,15.32000,15.30000,15.30000,31.49000,23.60000,105.79900,105.79900,0.14000,0.14000,3.75740,0.03260,0.05250,66.25910,43.06570,43.06570,34.79930,27.91970,0.10740,0.95010,9.41580,9.55840,3.85210,3.85190,2.99760,3.72630,,0.2179,-0.0942
2012-03-31,57.54700,16.69000,40.85700,7.24000,,12.69000,28.16700,4.81000,33.23000,6.87000,26.36000,26.28400,26.28400,30.98700,28.16700,105.44000,105.44000,0.25000,0.25000,4.21900,0.02730,0.04220,71.45460,48.94610,48.94610,57.74410,45.67400,0.11970,0.91150,8.11660,11.08830,6.92740,6.92710,5.46580,6.73810,,0.36530,0.05160
2011-12-31,61.60600,16.39000,45.21600,6.32000,,12.37000,32.84600,-3.70000,28.37000,7.03000,21.34000,21.58200,21.58200,39.17600,32.84600,105.44600,105.44600,0.20000,0.20000,4.93790,0.02720,0.04240,72.11960,53.31620,53.31620,46.05070,35.03230,0.13900,1.11800,9.84120,9.14520,6.15590,6.15570,4.86840,5.98820,,0.164,-0.1555
2011-09-30,61.40000,15.47000,45.93000,3.98000,,7.44000,38.49000,-3.35000,35.12000,7.35000,27.77000,27.80000,27.80000,41.96000,38.49000,102.96300,102.96300,0.27000,0.27000,3.56490,0.02830,0.04550,74.80460,62.68730,62.68730,57.19870,45.27690,0.14810,1.33020,10.67830,8.42830,8.52600,8.52580,6.70490,8.28440,,0.3358,0.024
2011-06-30,68.00000,18.11000,49.89000,5.41000,,8.54000,41.35000,-0.11000,41.27000,10.68000,30.59000,30.60000,30.60000,44.48000,41.35000,102.00000,102.00000,0.30000,0.30000,3.81460,0.02220,0.03940,73.41180,60.80880,60.80880,60.69120,45.00000,0.18290,1.78250,15.07760,5.96910,10.37890,10.37820,8.22960,10.14790,,0.3842,0.1974
2011-03-31,55.26600,16.81000,38.45600,6.20000,,9.00000,29.45600,3.33000,32.77000,8.90000,23.87000,23.87000,23.87000,32.25600,29.45600,99.87200,105.81800,0.24000,0.23000,4.76650,0.01560,0.02240,69.55450,53.29860,53.29860,59.29510,43.19110,0.17410,1.86990,12.36380,7.27930,9.34060,9.34030,7.52100,9.19490,,0.32530,0.23380
2010-12-31,38.93700,,38.93700,,,,38.93700,,38.93700,,38.93700,13.49700,13.49700,38.93700,38.93700,92.66700,92.66700,0.15000,0.14000,4.44540,0.00900,0.01390,100.00000,100.00000,100.00000,100.00000,34.66370,0.12470,,14.69320,6.12530,5.43360,5.43360,4.32400,5.38480,,0.6115,0.417
2010-09-30,32.51000,,32.51000,,,,32.51000,,32.51000,,32.51000,9.98500,9.98500,32.51000,32.51000,93.13900,96.99600,0.11000,0.10000,,,,100.00000,100.00000,100.00000,100.00000,30.71360,,,,,,,,,,0,0
2010-06-30,27.62500,,27.62500,,,,27.62500,,27.62500,,27.62500,8.47600,8.47600,27.62500,27.62500,92.80500,95.07600,0.09000,0.09000,,,,100.00000,100.00000,100.00000,100.00000,30.68240,,,,,,,,,,0,0
2010-03-31,17.74600,,17.74600,,,,17.74600,,17.74600,,17.74600,0.44200,0.44200,17.74600,17.74600,92.71100,94.09100,0.00000,0.00000,,,,100.00000,100.00000,100.00000,100.00000,2.49070,,,,,,,,,,0.00000,
2009-12-31,17.50900,,17.50900,,,,17.50900,,17.50900,,17.50900,2.37500,2.37500,17.50900,17.50900,83.08300,83.08300,0.03000,0.03000,,,,100.00000,100.00000,100.00000,100.00000,13.56450,,,,,,,,,,0,0
2009-09-30,12.63700,,12.63700,,,,12.63700,,12.63700,,12.63700,1.69600,1.69600,12.63700,12.63700,84.34700,103.50300,0.02000,0.02000,,,,100.00000,100.00000,100.00000,100.00000,13.42090,,,,,,,,,,0,0
2009-06-30,11.26700,,11.26700,,,,11.26700,,11.26700,,11.26700,0.89700,0.89700,11.26700,11.26700,82.34200,99.42700,0.01000,0.01000,,,,100.00000,100.00000,100.00000,100.00000,7.96130,,,,,,,,,,0,0
2009-03-31,11.51400,,11.51400,,,,11.51400,,11.51400,,11.51400,0.75200,0.75200,11.51400,11.51400,76.40000,92.38800,0.01000,0.01000,,,,100.00000,100.00000,100.00000,100.00000,6.53120,,,,,,,,,,0.00000,
