Date,revenue,cost-goods-sold,gross-profit,research-development-expenses,selling-general-administrative-expenses,operating-expenses,operating-income,total-non-operating-income-expense,pre-tax-income,total-provision-income-taxes,income-after-taxes,income-from-continuous-operations,net-income,ebitda,ebit,basic-shares-outstanding,shares-outstanding,eps-basic-net-earnings-per-share,eps-earnings-per-share-diluted,current-ratio,gross-margin,operating-margin,ebit-margin,pre-tax-profit-margin,net-profit-margin,asset-turnover,receiveable-turnover,days-sales-in-receivables,roe,return-on-tangible-equity,roa,roi,book-value-per-share,operating-cash-flow-per-share,free-cash-flow-per-share
2023-10-31,73.22900,32.11600,41.11300,50.39900,70.11000,120.50900,-79.39600,9.84200,-69.55400,0.22600,-69.78000,-69.78000,-69.78000,-76.23200,-79.39600,118.65600,118.65600,-0.59000,-0.59000,8.15640,56.14310,-108.42150,-108.42150,-94.98150,-95.29010,0.06840,0.51150,175.93810,-7.65740,-7.66270,-6.51470,-7.65740,7.60250,-0.4103,-0.4627
2023-07-31,72.36200,31.81300,40.54900,50.86800,63.77400,114.64200,-74.09300,9.88300,-64.21000,0.14800,-64.35800,-64.35800,-64.35800,-71.03700,-74.09300,115.68100,115.68100,-0.56000,-0.56000,8.08230,56.03630,-102.39220,-102.39220,-88.73440,-88.93900,0.06640,0.59040,152.44360,-6.90210,-6.90670,-5.90760,-6.90210,7.90710,0.03400,-0.07700
2023-04-30,72.41000,24.90800,47.50200,49.68100,71.10100,120.78200,-73.28000,8.51400,-64.76600,0.19000,-64.95600,-64.95600,-64.95600,-70.44900,-73.28000,109.85100,109.85100,-0.58000,-0.58000,6.53400,65.60140,-101.20150,-101.20150,-89.44350,-89.70580,0.06560,0.53800,167.27990,-6.98700,-6.99170,-5.88890,-6.98700,8.15900,0.2359,0.1336
2023-01-31,66.66900,22.27100,44.39800,55.05100,61.38500,116.43600,-72.03800,9.01900,-63.01900,0.14300,-63.16200,-63.16200,-63.16200,-71.19400,-72.03800,110.73500,110.73500,-0.57000,-0.57000,7.65740,66.59470,-108.05320,-108.05320,-94.52520,-94.73970,0.06090,0.46400,193.95850,-6.66710,-6.67150,-5.76710,-6.66710,8.45800,-0.4547,-0.627
2022-10-31,62.40800,20.75200,41.65600,50.05100,63.57100,113.62200,-71.96600,3.27900,-68.68700,0.16300,-68.85000,-68.85000,-68.85000,-71.01400,-71.96600,108.87600,108.87600,-0.63000,-0.63000,8.09130,66.74790,-115.31530,-115.31530,-110.06120,-110.32240,0.05670,0.65860,136.65410,-7.22330,-7.22800,-6.25570,-7.22330,8.65730,-0.4763,-0.6979
2022-07-31,65.30800,18.40600,46.90200,55.87700,64.23400,120.11100,-73.20900,1.51700,-71.69200,0.17900,-71.87100,-71.87100,-71.87100,-71.74800,-73.20900,106.84200,106.84200,-0.67000,-0.67000,7.66950,71.81660,-112.09810,-112.09810,-109.77520,-110.04930,0.05740,0.80330,112.03560,-7.34140,-7.34610,-6.32020,-7.34140,9.03580,-0.35810,-0.51290
2022-04-30,72.31700,17.36300,54.95400,46.37800,65.09900,111.47700,-56.52300,-1.70200,-58.22500,0.19500,-58.42000,-58.42000,-58.42000,-55.09400,-56.52300,104.40400,104.40400,-0.54000,-0.54000,7.06160,75.99050,-78.16000,-78.16000,-80.51360,-80.78320,0.06180,0.90090,99.89890,-5.90410,-5.90790,-4.98940,-5.90410,9.31490,-0.1306,-0.1462
2022-01-31,69.77300,17.35400,52.41900,40.93100,58.89400,99.82500,-47.40600,8.15200,-39.25400,0.19300,-39.44700,-39.44700,-39.44700,-46.00900,-47.40600,105.09300,105.09300,-0.38000,-0.38000,8.22500,75.12790,-67.94320,-67.94320,-56.25960,-56.53620,0.05880,1.02340,87.94260,-3.84220,-3.84460,-3.32180,-3.84220,9.65960,-0.5252,-0.5321
2021-10-31,58.26300,15.97100,42.29200,36.52300,61.44500,97.96800,-55.67600,-1.05000,-56.72600,0.01300,-56.73900,-56.73900,-56.73900,-54.45300,-55.67600,103.74600,103.74600,-0.55000,-0.55000,7.68730,72.58810,-95.55980,-95.55980,-97.36200,-97.38430,0.05000,2.14450,41.96690,-5.52740,-5.53070,-4.87080,-5.52740,9.78830,-0.1823,-0.191
2021-07-31,52.40600,13.02500,39.38100,26.71200,49.18600,75.89800,-36.51700,-0.55400,-37.07100,0.38800,-37.45900,-37.45900,-37.45900,-35.37600,-36.51700,102.15500,102.15500,-0.37000,-0.37000,8.33060,75.14600,-69.68100,-69.68100,-70.73810,-71.47850,0.04400,0.93870,95.88200,-3.58870,-3.59090,-3.14370,-3.58870,10.04930,0.01000,0.00010
2021-04-30,52.28400,11.71300,40.57100,20.71000,43.77100,64.48100,-23.91000,0.10800,-23.80200,0.24800,-24.05000,-24.05000,-24.05000,-22.80200,-23.91000,66.84500,66.84500,-0.23400,-0.23400,9.42390,77.59740,-45.73100,-45.73100,-45.52450,-45.99880,0.04370,0.79870,112.68070,-2.26640,-2.26770,-2.01010,-2.26640,10.38670,-0.4879,-0.4974
2021-01-31,49.10900,12.22600,36.88300,18.74800,36.63400,55.38200,-18.49900,1.85000,-16.64900,0.20300,-16.85200,-16.85200,-16.85200,-17.40800,-18.49900,78.81500,78.81500,-0.21000,-0.21000,11.20810,75.10440,-37.66930,-37.66930,-33.90210,-34.31550,0.04150,1.62450,55.40310,-1.56890,-1.56980,-1.42260,-1.56890,10.64190,-0.5689,-0.5595
2020-10-31,41.34100,10.08100,31.26000,16.13400,29.65000,45.78400,-14.52400,-0.29000,-14.81400,0.13000,-14.94400,-14.94400,-14.94400,-13.45400,-14.52400,38.05400,38.05400,-0.39000,-0.39000,,75.61500,-35.13220,-35.13220,-35.83370,-36.14810,,,,,,,,,0.0375,0.0308
2020-07-31,40.48300,10.49900,29.98400,13.26400,20.04500,33.30900,-3.32500,3.59800,0.27300,0.12300,0.15000,0.15000,0.15000,-2.29700,-3.32500,37.29100,37.29100,0.00400,0.00400,,74.06570,-8.21330,-8.21330,0.67440,0.37050,,,,,,,,,0.45750,0.44000
2020-04-30,,,,,,,,,,,,,,,,,,,0.00000,,,,,,,,,,,,,,,0.7366,0.7966
2020-01-31,41.28300,10.93100,30.35200,12.33100,28.45300,40.78400,-10.43200,0.73400,-9.69800,0.09800,-9.79600,-9.79600,-9.79600,-10.43200,-10.43200,36.80200,36.80200,-0.27000,-0.27000,,73.52180,-25.26950,-25.26950,-23.49150,-23.72890,,,,,,,,,-0.7366,-0.7966
2019-04-30,,,,,,,,,,,,,,,,,,,0.00000,,,,,,,,,,,,,,,0,0
