Date,revenue,cost-goods-sold,gross-profit,selling-general-administrative-expenses,other-operating-income-expenses,operating-expenses,operating-income,total-non-operating-income-expense,pre-tax-income,total-provision-income-taxes,income-after-taxes,income-from-continuous-operations,income-from-discontinued-operations,net-income,ebitda,ebit,basic-shares-outstanding,shares-outstanding,eps-basic-net-earnings-per-share,eps-earnings-per-share-diluted,long-term-debt-capital,debt-equity-ratio,operating-margin,ebit-margin,pre-tax-profit-margin,net-profit-margin,asset-turnover,roe,return-on-tangible-equity,roa,roi,book-value-per-share,operating-cash-flow-per-share,free-cash-flow-per-share
2023-12-31,49.35200,19.09700,30.25500,8.37400,,26.10200,4.15300,-159.46600,-155.31300,-1.92900,-153.38400,-153.38400,,-151.51700,22.64600,4.15300,143.61800,143.61800,-1.06000,-1.06000,0.73210,2.73290,8.41510,8.41510,-314.70460,-307.01290,0.02360,-36.52190,-36.52190,-7.34080,-9.78390,2.98760,0.0545,-0.2976
2023-09-30,47.70100,18.32800,29.37300,8.19800,,26.00200,3.37100,-7.90700,-4.53600,-6.21000,1.67400,1.67400,,-2.26000,21.85900,3.37100,143.29900,143.29900,-0.02000,-0.02000,0.65680,1.91400,7.06690,7.06690,-9.50920,-4.73780,0.02120,0.28600,0.28600,0.07440,0.09820,4.12170,0.1743,-0.4057
2023-06-30,45.67400,18.78300,26.89100,7.89000,,24.92100,1.97000,-2.24300,-0.27300,-0.41700,0.14400,0.14400,,-3.60200,19.30700,1.97000,144.19500,144.19500,-0.02000,-0.02000,0.64030,1.77980,4.31320,4.31320,-0.59770,-7.88630,0.02060,0.02400,0.02400,0.00650,0.00870,4.16570,0.0842,-0.4007
2023-03-31,44.26800,17.50400,26.76400,8.40300,,24.67400,2.09000,-12.03900,-9.94900,-4.19600,-5.75300,-5.75300,,-8.81700,19.16900,2.09000,145.82700,145.82700,-0.06000,-0.06000,0.64060,1.78230,4.72120,4.72120,-22.47450,-19.91730,0.02020,-0.94510,-0.94510,-0.26280,-0.33970,4.20650,0.03840,-0.40610
2022-12-31,41.97000,15.40800,26.56200,10.43100,,25.97900,0.58300,-212.99500,-212.41200,-7.07400,-205.33800,-205.33800,,-201.09200,16.76800,0.58300,149.39500,150.83400,-1.32000,-1.32000,0.62630,1.67620,1.38910,1.38910,-506.10440,-479.13280,0.01920,-32.83530,-32.83530,-9.41390,-12.26960,4.26790,-0.1556,-0.3937
2022-09-30,47.68300,17.45500,30.22800,10.80900,,96.24700,-66.01900,82.62900,16.61000,-17.56300,34.17300,34.17300,,29.47200,20.14800,-66.01900,149.61100,151.19700,0.19000,0.19000,0.52440,1.10280,-138.45400,-138.45400,34.83420,61.80820,0.02080,4.00740,4.00740,1.48820,1.90570,5.71840,1.3409,1.5279
2022-06-30,50.69700,19.70800,30.98900,8.96100,,43.82400,-12.83500,312.00300,299.16800,45.95700,253.21100,253.21100,,239.13700,22.63500,-12.83500,149.60000,150.42300,1.58000,1.57000,0.54820,1.39170,-25.31710,-25.31710,590.10990,471.69850,0.02100,30.69140,30.69140,10.46580,13.86570,5.53350,0.1254,0.1147
2022-03-31,49.99400,19.22100,30.77300,9.47200,,32.59000,-1.81700,7.87300,6.05600,-4.05600,10.11200,10.11200,,8.20900,22.11500,-1.81700,149.79000,150.34800,0.05000,0.05000,0.54350,2.10830,-3.63440,-3.63440,12.11350,16.42000,0.01930,1.73750,1.73750,0.38980,0.79320,3.88790,0.04330,-0.60280
2021-12-31,46.72100,16.11300,30.60800,10.58900,,32.23600,-1.62800,-3.24300,-4.87100,-3.68900,-1.18200,-1.18200,,-1.41800,20.60200,-1.62800,149.48000,149.48000,-0.02000,-0.02000,0.53490,2.10030,-3.48450,-3.48450,-10.42570,-3.03500,0.01920,-0.21020,-0.21020,-0.04860,-0.09780,3.75280,-0.0633,-0.3532
2021-09-30,42.89300,18.15500,24.73800,8.86800,,30.57700,-5.83900,-1.02800,-6.86700,-2.02100,-4.84600,-4.84600,,-5.01600,16.06200,-5.83900,149.76200,149.76200,-0.03000,-0.03000,0.52660,2.06530,-13.61290,-13.61290,-16.00960,-11.69420,0.01790,-0.86450,-0.86450,-0.20240,-0.40930,3.74180,0.0371,-0.6539
2021-06-30,40.41800,16.40300,24.01500,7.38300,,28.02200,-4.00700,-19.13900,-23.14600,-2.76000,-20.38600,-20.38600,,-19.69000,17.00300,-4.00700,149.16600,149.16600,-0.13000,-0.13000,0.49140,1.91780,-9.91390,-9.91390,-57.26660,-48.71590,0.01750,-3.63240,-3.63240,-0.88170,-1.84750,3.74990,0.0948,-0.3252
2021-03-31,39.80400,16.94200,22.86200,6.31100,,27.02800,-4.16600,20.50000,16.33400,-5.10000,21.43400,21.43400,,20.21400,16.78900,-4.16600,148.91400,149.04600,0.14000,0.14000,0.42510,1.65820,-10.46630,-10.46630,41.03610,50.78380,0.01790,3.68690,3.68690,0.96640,2.11960,3.89630,0.01560,-0.23860
2020-12-31,38.64900,15.69200,22.95700,5.53000,,41.68200,-18.72500,-0.13100,-18.85600,-3.42100,-15.43500,-15.43500,,-14.54200,1.60000,-18.72500,148.56900,148.56900,-0.09000,-0.09000,0.44480,1.75660,-48.44880,-48.44880,-48.78780,-37.62580,0.02100,-2.76070,-2.76070,-0.83860,-1.53270,3.75140,0.0438,-0.119
2020-09-30,37.32800,15.15100,22.17700,1.55200,,20.84800,1.32900,-2.00600,-0.67700,-2.67300,1.99600,1.99600,,2.01100,20.49400,1.32900,148.54900,148.56900,0.01000,0.01000,0.67350,2.06230,3.56030,3.56030,-1.81370,5.38740,0.00530,0.09340,0.09340,0.02830,0.03050,17.77340,0.087,-0.5652
2020-06-30,37.16500,15.32200,21.84300,1.62500,,20.65500,1.18800,-0.10700,1.08100,-2.03200,3.11300,3.11300,,3.06300,20.52500,1.18800,148.54900,148.56900,0.02000,0.02000,0.73390,2.75730,3.19660,3.19660,2.90870,8.24160,0.00520,0.17550,0.17550,0.04370,0.04670,14.75780,0.0865,0.0592
2020-03-31,38.30900,15.34900,22.96000,1.76200,,21.10900,1.85100,0.68100,2.53200,-2.02300,4.55500,4.55500,,4.42700,21.35700,1.85100,148.54900,148.56900,0.03000,0.03000,0.72790,2.67470,4.83180,4.83180,6.60940,11.55600,0.00540,0.25370,0.25370,0.06460,0.06900,14.95170,0.10470,0.05990
2019-12-31,-540.57000,-174.54900,-366.02100,-24.86000,,-260.93500,-105.08600,-261.42100,-366.50700,-1.35900,-365.14800,-365.14800,,-332.50100,-323.63700,-105.08600,148.54900,148.56900,-2.83560,-2.83560,0.48960,1.08840,19.43990,19.43990,67.80010,61.50930,-0.42900,-71.10130,-71.10130,-28.97710,-36.28990,,-1.9323,-2.8266
2019-09-30,229.82700,79.06500,150.76200,10.59500,-4.00200,112.13500,38.62700,-37.75300,0.87400,-3.09600,3.97000,3.97000,,2.00300,136.16500,38.62700,119.87530,120.03840,0.01240,0.01240,0.70430,2.38220,16.80700,16.80700,0.38030,0.87150,0.03510,0.22230,0.22230,0.06070,0.06570,14.85430,0.9053,-0.7957
2019-06-30,224.20000,77.05300,147.14700,11.49800,-3.62100,107.04300,40.10400,28.06500,68.16900,-1.82700,69.99600,69.99600,,59.23400,132.02800,40.10400,119.82120,120.00860,0.49530,0.49530,0.68450,2.16910,17.88760,17.88760,30.40540,26.42020,0.03590,3.79820,3.79820,1.12160,1.19850,15.33260,0.7172,0.2224
2019-03-31,230.23500,80.29100,149.94400,9.82900,-5.13600,108.53000,41.41400,252.86200,294.27600,2.98100,291.29500,291.29500,,271.56800,134.97900,41.41400,116.48180,116.65380,2.32790,2.32790,0.66710,2.00430,17.98770,17.98770,127.81550,117.95250,0.03660,15.87200,14.85990,4.63570,4.94620,16.31700,0.69970,2.87960
2018-12-31,-608.22500,-199.88500,-408.34000,-31.95000,,-282.11800,-126.22200,-564.25090,-690.47300,12.87900,-703.35200,-703.35200,,-648.12810,-362.63900,-126.22200,148.54900,148.56900,-5.29200,-5.29200,0.69800,2.31090,20.75250,20.75250,113.52260,106.56060,-0.09830,-42.92290,-39.88070,-11.36270,-12.04510,15.10000,-2.1046,-4.336
2018-09-30,242.48100,80.86200,161.61900,12.47900,-5.78000,114.66500,46.95400,583.16890,630.12300,26.20600,603.91700,603.91700,,567.02900,143.36000,46.95400,122.73180,122.91110,4.61860,4.61860,0.62440,1.66210,19.36400,19.36400,259.86490,233.84470,0.03920,29.18700,27.52420,9.76420,10.33940,17.80380,0.9534,5.3164
2018-06-30,250.18700,85.09300,165.09400,13.88200,-4.36600,115.73300,49.36100,-46.51200,2.84900,-4.30700,7.15600,7.15600,,2.81700,146.84600,49.36100,122.72530,122.83030,0.02480,0.02480,0.73050,2.71050,19.72960,19.72960,1.13870,1.12600,0.03820,0.46780,0.43240,0.10930,0.11650,13.42750,0.8487,-0.1489
2018-03-31,247.72000,87.48200,160.23800,11.35500,-2.95800,106.86100,53.37700,7.79600,61.17300,-34.51700,95.69000,95.69000,,81.52500,145.92500,53.37700,122.65180,122.75520,0.66860,0.66860,0.71900,2.55910,21.54730,21.54730,24.69440,32.91010,0.03960,6.22310,5.75530,1.52970,1.61710,13.49340,0.66250,-0.72620
2017-12-31,255.22900,88.17100,167.05800,12.05800,-40.36900,149.77500,17.28300,253.82900,271.11200,-15.95800,287.07000,287.07000,,262.09700,120.29700,17.28310,122.42810,122.80370,2.14370,2.14370,0.71180,2.46950,6.77160,6.77160,106.22300,102.69090,0.04200,18.75350,17.33770,4.72230,4.99720,13.44920,0.7899,3.1585
2017-09-30,254.63500,90.11600,164.51900,10.52900,-2.27200,105.31400,59.20500,-41.69800,17.50700,-4.87000,22.37700,22.37700,,17.43000,151.71800,59.20500,122.42050,122.83480,0.14040,0.14040,0.75360,3.05810,23.25090,23.25090,6.87530,6.84510,0.04130,1.70730,1.55860,0.36270,0.38410,11.67400,0.9566,0.1943
2017-06-30,249.09200,87.47300,161.61900,10.10800,-2.65000,101.91300,59.70600,-44.64600,15.06000,-5.02300,20.08300,20.08300,,15.84300,148.86100,59.70600,122.41970,122.74080,0.12770,0.12770,0.74600,2.93730,23.96950,23.96950,6.04600,6.36030,0.04020,1.48420,1.35870,0.32400,0.34510,12.01880,0.8467,0.1239
2017-03-31,246.48100,88.82400,157.65700,10.96200,-1.73800,99.86800,57.78900,-45.22500,12.56400,-4.98500,17.54900,17.54900,,11.49100,144.95700,57.78900,122.38370,122.77140,0.08940,0.08940,0.68380,2.16240,23.44560,23.44560,5.09740,4.66200,0.03980,1.02540,0.95560,0.28360,0.30220,14.93220,0.59950,-0.09260
2016-12-31,249.49300,85.39000,164.10300,11.61800,-5.65600,104.00900,60.09400,352.15800,412.25200,-2.37300,414.62500,414.62500,,162.00000,152.86400,60.09400,122.18160,122.48710,1.32790,1.32790,0.66640,1.99730,24.08650,24.08650,165.23590,64.93170,0.04000,22.78200,21.31790,6.65230,7.11240,15.82870,0.8187,1.7974
2016-09-30,248.90400,92.16600,156.73800,11.61500,-1.54300,98.00600,58.73200,-46.65600,12.07600,-3.46200,15.53800,15.53800,,11.17600,143.58000,58.73200,122.24270,122.59360,0.08940,0.08940,0.68930,2.21900,23.59620,23.59620,4.85170,4.49010,0.03950,0.91260,0.85020,0.24690,0.26410,14.87360,0.8157,-2.0251
2016-06-30,251.21800,88.96000,162.25800,11.61600,-5.52600,97.82200,64.43600,-42.14500,22.29100,-7.12100,29.41200,29.41200,,221.38200,145.11600,64.43600,122.47450,122.80190,1.81310,1.80030,0.67340,2.06150,25.64940,25.64940,8.87320,88.12350,0.04000,1.67140,1.53280,0.46880,0.50070,15.64350,0.8346,2.456
2016-03-31,246.23900,89.37200,156.86700,11.93500,-1.57000,93.33300,63.53400,-45.72200,17.81200,-5.88600,23.69800,23.69800,,23.22300,143.36200,63.53400,122.01720,122.27250,0.19150,0.19150,0.69310,2.25790,25.80180,25.80180,7.23360,9.43110,0.04010,1.50370,1.36580,0.38580,0.41920,14.14590,0.60480,0.01390
2015-12-31,245.87500,90.07300,155.80190,12.58300,-2.84700,90.31800,65.48400,-46.73700,18.74700,-6.51000,25.25700,25.25700,,66.63900,150.15190,65.48400,121.53630,121.84410,0.54900,0.54900,0.68570,2.18220,26.63300,26.63310,7.62460,27.10280,0.04020,1.57390,1.43190,0.41280,0.45000,14.40670,0.8386,1.0214
2015-09-30,246.38700,90.52600,155.86100,11.01300,-3.59000,91.84000,64.02100,-48.53100,15.49000,-8.27900,23.76900,23.76900,,19.17900,141.25800,64.02100,121.89810,122.18710,0.15320,0.15320,0.69240,2.25070,25.98390,25.98390,6.28690,7.78410,0.03960,1.49520,1.35920,0.38230,0.41810,14.27440,0.8273,-0.0355
2015-06-30,244.78300,89.01600,155.76700,12.06200,-2.91200,90.12400,65.64300,-47.55000,18.09300,-5.81400,23.90700,23.90700,,60.80400,140.79300,65.64300,121.80800,122.14480,0.49800,0.49800,0.68010,2.12640,26.81680,26.81680,7.39140,24.84000,0.03980,1.44110,1.31500,0.38820,0.42060,14.85340,0.7527,-0.1266
2015-03-31,244.26500,97.09500,147.17000,10.65200,-1.01900,86.10300,61.06700,-49.53100,11.53600,-6.92100,18.45700,18.45700,,89.34400,135.49900,61.06700,120.47420,120.83140,0.74050,0.74050,0.67940,2.11940,25.00030,25.00030,4.72270,36.57670,0.03930,1.10160,1.00600,0.29700,0.32250,14.98900,0.53510,0.70690
2014-12-31,242.17800,88.40400,153.77400,12.78800,-5.70900,89.96200,63.81200,-51.44300,12.36900,-6.93700,19.30600,19.30600,,36.27000,139.09090,63.81200,114.06600,114.35030,0.31920,0.33200,0.74140,2.86740,26.34920,26.34920,5.10740,14.97660,0.03970,1.53710,1.33870,0.31660,0.34620,12.57680,0.7713,-0.6823
2014-09-30,246.84300,96.51900,150.32400,10.65800,-2.76200,82.85700,67.46700,-54.28600,13.18100,-5.00500,18.18600,18.18600,126.32900,124.70600,136.90400,67.46700,114.09180,114.43020,1.09800,1.08530,0.73300,2.74480,27.33200,27.33200,5.33980,50.52040,0.04160,1.44630,1.25980,0.30630,0.33640,12.60640,0.7777,1.7611
2014-06-30,246.41800,95.52100,150.89700,10.11900,-3.58200,85.10000,65.79700,-53.20100,12.59600,-5.34700,17.94300,17.94300,,75.01000,137.19600,65.79700,114.08010,114.33700,0.65120,0.65120,0.75710,3.11610,26.70140,26.70140,5.11160,30.44020,0.04050,1.54190,1.32930,0.29520,0.32290,11.78920,0.7816,1.2144
2014-03-31,248.92400,100.52000,148.40400,10.52700,-2.29600,83.13000,65.27400,-55.99200,9.28200,-2.75800,12.04000,12.04000,69.49200,64.23400,135.58100,65.27400,113.93600,114.09890,0.56180,0.56180,0.78810,3.71990,26.22250,26.22250,3.72880,25.80470,0.04090,1.07180,1.01910,0.19790,0.21590,10.32490,0.48030,0.41870
2013-12-31,250.86100,94.48400,156.37700,11.77600,-1.12400,83.22090,73.15610,-48.49500,24.66100,-2.14600,26.80700,26.80700,121.79600,122.24800,148.39310,73.15600,113.79340,113.98220,1.07250,1.07250,0.78910,3.74180,29.16200,29.16200,9.83050,48.73140,0.04130,2.42680,2.28580,0.44090,0.48210,10.26170,0.6802,2.0905
2013-09-30,243.94300,94.27100,149.67200,10.96200,-2.15800,85.16000,64.51200,-57.62400,6.88800,-0.08700,6.97500,6.97500,72.43500,66.26800,136.55200,64.51200,113.82710,114.00650,0.58730,0.58730,0.81520,4.40990,26.44550,26.44550,2.82360,27.16540,0.03760,0.67910,0.63690,0.10750,0.11770,9.58290,0.6599,0.3933
2013-06-30,241.74500,95.99500,145.75000,11.15300,-2.05200,87.03800,58.71200,-56.06600,2.64600,0.16900,2.47700,2.47700,4.50200,10.10700,132.54400,58.71200,113.81690,114.09340,0.08940,0.08940,0.82000,4.55620,24.28680,24.28680,1.09450,4.18090,0.03740,0.24900,0.23300,0.03830,0.04190,9.30260,1.0865,0.1174
2013-03-31,237.50400,95.30100,142.20300,11.77900,-2.06900,89.56400,52.63900,-54.19700,-1.55800,0.10500,-1.66300,-1.66300,4.49600,5.05000,128.35500,52.63900,113.69790,113.69790,0.03830,0.03830,0.80960,4.25170,22.16340,22.16340,-0.65600,2.12630,0.03730,-0.15980,-0.15000,-0.02610,-0.02860,9.70170,0.43000,-0.13340
2012-12-31,200.05800,77.32300,122.73500,12.11100,-0.79200,80.77690,41.95810,-36.93200,5.02600,-0.35900,5.38500,5.38500,91.86300,68.06900,119.22710,41.95810,105.32540,105.32540,0.67670,0.67670,0.79260,3.82120,20.97300,20.97300,2.51230,34.02460,0.03130,0.49550,0.46630,0.08410,0.09670,10.13000,0.874,1.9979
2012-09-30,252.84500,103.80500,149.04000,12.31100,-4.44000,100.18900,48.85100,-42.96800,5.88300,-0.04000,5.92300,5.92300,47.41200,24.16300,128.00400,48.85100,113.53340,113.53340,0.21710,0.21710,0.81740,4.47710,19.32050,19.32050,2.32670,9.55640,0.03850,0.57230,0.53700,0.09020,0.09800,9.67520,0.6104,1.1071
2012-06-30,253.28800,103.04700,150.24100,13.55600,-1.31800,102.10300,48.13800,-55.85300,-7.71500,-0.23400,-7.48100,-7.48100,41.61200,0.52300,135.30100,48.13800,99.77710,99.77710,0.00000,0.00000,0.78800,3.71780,19.00520,19.00520,-3.04590,0.20650,0.03650,-0.74590,-0.54640,-0.10770,-0.11580,12.12410,1.0102,0.7637
2012-03-31,252.32000,102.18000,150.14000,11.62400,-11.81500,110.07100,40.06900,-62.87700,-22.80800,-0.22500,-22.58300,-22.58300,33.23000,-10.60900,126.70100,40.06900,94.39720,94.39720,-0.11490,-0.11490,0.82790,4.81190,15.88020,15.88020,-9.03930,-4.20460,0.03700,-5.45800,-2.08930,-0.33100,-0.35950,11.37280,0.51350,0.32600
2011-12-31,136.49100,53.32200,83.16900,14.53600,-5.64500,72.48500,10.68400,-48.19300,-37.50900,-0.77700,-36.73200,-36.73200,28.15900,-23.41000,80.54400,10.68400,93.44640,93.44640,-0.24260,-0.24260,0.80660,4.16950,7.82760,7.82760,-27.48090,-17.15130,0.01990,-7.53380,-3.20890,-0.53450,-0.62070,12.08700,0.8983,1.4986
2011-09-30,254.45900,108.76900,145.69000,12.74100,-3.83800,104.26600,41.42400,-66.58800,-25.16400,-0.89300,-24.27100,-24.27100,28.92800,-14.80100,121.61200,41.42400,94.25080,94.25080,-0.15320,-0.15320,0.81410,4.37900,16.27930,16.27930,-9.88920,-5.81670,0.03610,-4.45260,-2.02070,-0.34460,-0.37570,12.68300,0.8512,0.6363
2011-06-30,259.36600,108.52000,150.84600,12.44800,-4.92200,104.33400,46.51200,-91.93400,-45.42200,-1.85900,-43.56300,-43.56300,16.59200,-33.17700,131.42600,46.51200,93.32420,93.32420,-0.35750,-0.35750,0.81220,4.32570,17.93300,17.93300,-17.51270,-12.79160,0.03620,-7.46280,-3.50940,-0.60800,-0.65900,13.15540,0.719,1.0812
2011-03-31,264.03900,118.32300,145.71600,11.18100,-3.89700,109.04500,36.67100,-70.75400,-34.08300,-2.41200,-31.67100,-31.67100,4.39400,-31.77300,130.63800,36.67100,91.88630,91.88630,-0.34470,-0.34470,0.80990,4.26040,13.88850,13.88850,-12.90830,-12.03350,0.03640,-5.11320,-2.48010,-0.43610,-0.47150,13.68590,0.30120,0.21180
2010-12-31,131.99900,48.30000,83.69900,14.35800,-7.12800,75.19890,8.50010,-52.53100,-44.03100,-5.44500,-38.58600,-38.58600,4.37400,-38.38300,75.09310,8.50000,91.14140,91.14140,-0.42130,-0.42130,0.79860,3.96510,6.43950,6.43950,-33.35710,-29.07830,0.01790,-5.94390,-2.95280,-0.52290,-0.59470,14.18260,0.7399,1.0331
2010-09-30,273.19200,119.39500,153.79700,12.09600,-4.41600,118.21600,35.58100,-86.95800,-51.37700,-4.38500,-46.99200,-46.99200,18.51000,-28.50000,134.55500,35.58100,91.19230,91.19230,-0.31920,-0.31920,0.79120,3.78900,13.02420,13.02420,-18.80620,-10.43220,0.03590,-6.67300,-3.21250,-0.61690,-0.67080,15.95870,0.8674,0.7003
2010-06-30,276.52400,128.26700,148.25700,15.18400,4.48500,113.50800,34.74900,-76.40000,-41.65100,-3.38500,-38.26600,-38.26600,28.09600,-17.99500,135.80600,34.74900,91.10540,91.10540,-0.19150,-0.19150,0.79520,3.88350,12.56640,12.56640,-15.06240,-6.50760,0.03590,-4.82660,-2.63300,-0.49650,-0.53920,15.85430,0.9233,1.3573
2010-03-31,276.82500,134.02800,142.79700,11.73600,-2.27300,119.04400,23.75300,-64.31000,-40.55700,-3.62400,-36.93300,-36.93300,20.17300,-40.44000,128.78800,23.75300,90.87980,90.87980,-0.44690,-0.44690,0.79230,3.81460,8.58050,8.58050,-14.65080,-14.60850,0.03510,-4.40340,-2.46350,-0.46840,-0.51170,16.38440,0.29470,0.16950
2009-12-31,177.20710,73.19300,104.01410,13.03400,-1.98300,104.70600,-0.69200,-75.31000,-76.00200,-12.80000,-63.20200,-63.20200,68.15500,-6.73100,88.26800,-0.69200,89.52170,89.52170,-0.06380,-0.06380,0.78120,3.57040,-0.39050,-0.39050,-42.88880,-3.79840,0.02240,-7.22970,-4.11820,-0.79940,-0.90110,16.82270,1.0941,3.7136
2009-09-30,285.39700,137.43700,147.96000,12.77200,-7.63700,130.69900,17.26100,-74.94600,-57.68500,-2.72500,-54.96000,-54.96000,45.40400,-40.49000,126.31600,17.26100,90.51020,90.51020,-0.44690,-0.44690,0.79530,3.88640,6.04810,6.04810,-20.21220,-14.18730,0.03370,-5.92390,-3.46040,-0.64850,-0.70820,17.41850,0.8611,3.3603
2009-06-30,291.64700,130.38100,161.26600,14.57700,-3.74800,126.76200,34.50400,-80.88200,-46.37800,-2.47300,-43.90500,-43.90500,36.27900,-29.92100,142.25000,34.50400,90.46870,90.46870,-0.33200,-0.33200,0.80070,4.01840,11.83080,11.83080,-15.90210,-10.25930,0.03300,-4.60320,-2.71980,-0.49660,-0.54200,17.70190,0.8624,2.344
2009-03-31,293.45100,139.41900,154.03200,16.26000,-1.58300,122.70300,31.32900,-69.24200,-37.91300,-2.47500,-35.43800,-35.43800,2.86700,-37.69800,136.18900,31.32900,86.35840,86.35840,-0.43410,-0.43410,0.79820,3.95470,10.67610,10.67610,-12.91970,-12.84640,0.03230,-3.52070,-2.08080,-0.39020,-0.42000,18.66860,-0.20580,-0.37650
