Date,revenue,cost-goods-sold,gross-profit,selling-general-administrative-expenses,operating-expenses,operating-income,total-non-operating-income-expense,pre-tax-income,total-provision-income-taxes,income-after-taxes,income-from-continuous-operations,net-income,ebitda,ebit,basic-shares-outstanding,shares-outstanding,eps-basic-net-earnings-per-share,eps-earnings-per-share-diluted,current-ratio,long-term-debt-capital,debt-equity-ratio,gross-margin,operating-margin,ebit-margin,pre-tax-profit-margin,net-profit-margin,asset-turnover,inventory-turnover,receiveable-turnover,days-sales-in-receivables,roe,return-on-tangible-equity,roa,roi,book-value-per-share,operating-cash-flow-per-share,free-cash-flow-per-share
2024-03-31,116.84000,51.16600,65.67400,71.76700,71.76700,-6.09300,-2.82100,-8.91400,0.01900,-8.93300,-8.93300,-8.93300,-1.64200,-6.09300,10.52050,10.52050,-0.85000,-0.85000,1.61970,0.42170,0.76420,56.20850,-5.21480,-5.21480,-7.62920,-7.64550,0.32840,0.55930,28.60920,3.14580,-6.59210,50.66640,-2.51100,-3.81200,12.92660,-0.73070,-0.80230
2023-12-31,148.91200,72.45600,76.45600,81.84400,81.84400,-5.38800,-2.74100,-8.12900,5.75400,-13.88300,-13.88300,-13.88300,-0.78700,-5.38800,10.70700,10.70700,-1.28980,-1.28980,1.57860,0.37740,0.62840,51.34310,-3.61830,-3.61820,-5.45890,-9.32300,0.41170,0.79600,31.04920,2.89860,-9.34140,130.94700,-3.83800,-5.81580,14.06300,1.4351,1.3882
2023-09-30,140.83300,62.86500,77.96800,79.79300,148.31700,-70.34900,-3.33900,-73.68800,-3.27800,-70.41000,-70.41000,-70.41000,2.86300,-70.34900,10.69600,10.69600,-6.58000,-6.58000,1.74890,0.39090,0.69180,55.36200,-49.95210,-49.95210,-52.32300,-49.99540,0.37220,0.62900,42.52200,2.11650,-45.65620,2066.01800,-18.60710,-27.80770,14.43450,1.0091,0.8347
2023-06-30,136.02800,58.67200,77.35600,78.47700,78.47700,-1.12100,-3.59100,-4.71200,0.32800,-5.04000,-5.04000,-5.04000,3.75700,-1.12100,10.75720,10.75720,-0.48020,-0.48020,1.97150,0.32930,0.52140,56.86770,-0.82410,-0.82410,-3.46400,-3.70510,0.29300,0.54990,52.23810,1.72290,-2.19020,137.40520,-1.08570,-1.46900,21.42760,0.953,0.7891
2023-03-31,120.48500,51.98500,68.50000,75.05100,75.05100,-6.55100,-3.88500,-10.43600,-0.88300,-9.55300,-9.55300,-9.55300,-0.95300,-6.55100,10.75340,10.75340,-0.89000,-0.89000,2.22670,0.34870,0.56210,56.85360,-5.43720,-5.43720,-8.66170,-7.92880,0.25340,0.46210,36.41130,2.47180,-4.05660,352.89980,-2.00920,-2.64220,21.89990,-0.27530,-0.44770
2022-12-31,149.12590,70.37900,78.74700,80.51700,254.30300,-175.55610,-2.05300,-177.60900,-3.71300,-173.89600,-173.89600,-173.89600,3.36490,-175.55600,10.72600,10.72600,-16.21990,-16.21990,2.23680,0.35850,0.58140,52.80570,-117.72340,-117.72330,-119.10000,-116.61020,0.29260,0.55620,46.15470,1.95000,-70.38130,-5365.50800,-34.12150,-45.15300,22.98180,1.0349,0.4944
2022-09-30,155.82200,68.96500,86.85700,84.11500,84.11500,2.74200,-2.75800,-0.01600,0.09800,-0.11400,-0.11400,-0.11400,7.46900,2.74200,10.72400,10.72400,-0.01000,-0.01000,1.84180,0.23730,0.32510,55.74120,1.75970,1.75970,-0.01030,-0.07320,0.23250,0.50360,40.26410,2.23520,-0.02850,2.18270,-0.01700,-0.02180,37.24960,1.1363,0.3772
2022-06-30,158.47100,71.02400,87.44700,90.02100,90.02100,-2.57400,-2.59300,-5.16700,-0.95500,-4.21200,-4.21200,-4.21200,3.17800,-2.57400,10.71720,10.71720,-0.36010,-0.36010,1.91680,0.22750,0.30760,55.18170,-1.62430,-1.62430,-3.26050,-2.65790,0.22670,0.49370,52.30070,1.72080,-0.98750,78.84630,-0.60250,-0.76280,39.79640,-0.8103,-1.1083
2022-03-31,148.31900,64.12300,84.19600,80.84700,80.84700,3.34900,-1.17100,2.17800,0.65300,1.52500,1.52500,1.52500,9.43700,3.34900,10.71640,10.71680,0.12000,0.12000,2.18900,0.21320,0.28290,56.76680,2.25800,2.25800,1.46850,1.02820,0.20380,0.53170,42.25610,2.12990,0.32560,-104.38070,0.20960,0.25620,43.70170,-1.39060,-1.63400
2021-12-31,182.42300,82.89100,99.53200,94.27700,94.27700,5.25500,-1.75500,3.50000,3.47700,0.02300,0.02300,0.02300,14.44500,5.25500,7.76900,7.76900,-0.04970,-0.04970,1.70650,0.18620,0.24120,54.56110,2.88070,2.88070,1.91860,0.01260,0.26520,0.71590,68.50280,1.31380,0.00510,-0.21770,0.00330,0.00420,42.08750,0.2824,-0.0726
2021-09-30,161.76200,75.65200,86.11000,84.94500,84.94500,1.16500,-15.58900,-14.42400,-4.33100,-10.09300,-10.09300,-9.89400,11.58600,1.16500,7.36110,7.36110,-1.32050,-1.32050,2.01780,0.18560,0.24020,53.23250,0.72020,0.72020,-8.91680,-6.11640,0.25470,0.79000,40.40010,2.22770,-2.46830,103.56010,-1.58900,-2.01010,38.77770,1.7549,1.5852
2021-06-30,149.22700,67.79300,81.43400,74.15100,74.15100,7.28300,-4.15500,3.12800,0.93900,2.18900,2.18900,2.43100,18.31100,7.28300,7.13900,7.13900,0.36010,0.36010,,,,54.57060,4.88050,4.88050,2.09610,1.62910,,,,,,,,,,-2.2094,-2.6292
2021-03-31,68.77900,28.19100,40.58800,37.90800,37.90800,2.68000,-0.12300,2.55700,0.76700,1.79000,1.79000,1.47200,5.26600,2.68000,5.82530,5.82530,0.24010,0.24010,,,,59.01220,3.89650,3.89650,3.71770,2.14020,,,,,,,,,,3.25720,3.20620
2020-12-31,,,,,,,,,,,,,,,,,,0.00000,,,,,,,,,,,,,,,,,,-1.5402,-1.368
2020-09-30,63.33600,24.83100,38.50500,27.61600,27.61600,10.88900,-0.22000,10.66900,3.37500,7.29400,7.29400,7.06200,10.88900,10.88900,5.82530,5.82530,1.20050,1.20050,,,,60.79480,17.19240,17.19240,16.84510,11.15010,,,,,,,,,,1.5402,1.368
2019-12-31,,,,,,,,,,,,,,,,,,0.00000,,,,,,,,,,,,,,,,,,0,0
