Date,revenue,cost-goods-sold,gross-profit,research-development-expenses,selling-general-administrative-expenses,operating-expenses,operating-income,total-non-operating-income-expense,pre-tax-income,total-provision-income-taxes,income-after-taxes,income-from-continuous-operations,net-income,ebitda,ebit,basic-shares-outstanding,shares-outstanding,eps-basic-net-earnings-per-share,eps-earnings-per-share-diluted,current-ratio,long-term-debt-capital,debt-equity-ratio,gross-margin,operating-margin,ebit-margin,pre-tax-profit-margin,net-profit-margin,asset-turnover,inventory-turnover,receiveable-turnover,days-sales-in-receivables,roe,return-on-tangible-equity,roa,roi,book-value-per-share,operating-cash-flow-per-share,free-cash-flow-per-share
2023-12-31,7.01700,6.33600,0.68100,6.41100,9.29400,15.70500,-15.02400,-0.68500,-15.70900,0.00200,-15.71100,-15.71100,-15.71100,-11.54600,-15.02400,73.08470,73.08470,-0.21000,-0.21000,1.82170,0.44430,0.79950,9.70500,-214.10860,-214.10860,-223.87060,-223.89910,0.06270,1.15700,1.45940,61.66740,-29.21940,-62.01550,-14.04240,-16.23790,0.71280,-0.1532,-0.1748
2023-09-30,7.00200,8.08600,-1.08400,10.34600,10.22400,20.57000,-21.65400,1.52600,-20.12800,0.00100,-20.12900,-20.12900,-20.12900,-18.36900,-21.65400,72.30670,72.30670,-0.28000,-0.28000,2.42720,0.38530,0.62670,-15.48130,-309.25450,-309.25450,-287.46070,-287.47500,0.05510,1.30800,1.77630,50.66840,-29.69230,-52.01020,-15.83130,-18.25260,0.93550,-0.18130,-0.23950
2023-06-30,8.33400,10.03800,-1.70400,8.15200,8.07300,16.22500,-17.92900,0.13600,-17.79300,-0.02800,-17.76500,-17.76500,-17.76500,-14.61000,-17.92900,63.62170,63.62170,-0.25000,-0.25000,3.40590,0.33790,0.51040,-20.44640,-215.13080,-215.13080,-213.49890,-213.16300,0.05600,1.32990,1.75340,51.32830,-20.59970,-31.47650,-11.92950,-13.63880,1.19520,-0.1748,-0.2045
2023-03-31,7.35600,8.47200,-1.11600,7.34900,8.81700,16.16600,-17.28200,-0.62700,-17.90900,-2.36400,-15.54500,-15.54500,-15.54500,-13.93900,-17.28200,68.19520,68.19520,-0.23000,-0.23000,5.77780,0.30470,0.43830,-15.17130,-234.93750,-234.93750,-243.46110,-211.32410,0.04670,1.12090,1.73200,51.96170,-15.47400,-22.19450,-9.86950,-10.75870,1.40260,-0.0744,-0.083
2022-12-31,5.86500,5.27400,0.59100,7.64500,5.83800,13.48300,-12.89200,1.73700,-11.15500,0.00100,-11.15600,-11.15600,-11.15600,-10.02900,-12.89200,57.58380,57.58380,-0.19000,-0.19000,6.87340,0.35320,0.54610,10.07670,-219.81250,-219.81250,-190.19610,-190.21320,0.04430,0.90820,1.84960,48.65990,-14.10760,-17.77570,-8.43490,-9.12490,1.35960,-0.193,-0.2472
2022-09-30,5.56600,6.45300,-0.88700,10.09700,6.98200,17.07900,-17.96600,-1.18200,-19.14800,-0.05700,-19.09100,-19.09100,-19.09100,-15.27600,-17.96600,57.15440,57.15440,-0.33000,-0.33000,5.74620,0.33590,0.50590,-15.93600,-322.78120,-322.78120,-344.01730,-342.99320,0.03850,1.42610,1.87030,48.12070,-22.02290,-27.27400,-13.19700,-14.62450,1.51180,-0.26230,-0.34680
2022-06-30,5.20300,6.66600,-1.46300,10.22800,5.96700,16.19500,-17.65800,-0.38000,-18.03800,-1.76300,-16.27500,-16.27500,-16.22800,-15.19900,-17.65800,54.02120,54.02120,-0.28000,-0.28000,7.24690,0.29720,0.42280,-28.11840,-339.38110,-339.38110,-346.68460,-311.89700,0.03220,1.62820,1.37170,65.61020,-15.73530,-18.84010,-10.08750,-11.05930,1.81210,-0.234,-0.3515
2022-03-31,4.60700,5.37000,-0.76300,8.31400,5.72100,14.03500,-14.79800,-0.15500,-14.95300,-0.12800,-14.82500,-14.82500,-14.68600,-12.40800,-14.79800,55.21720,55.21720,-0.27000,-0.27000,5.92990,,,-16.56180,-321.20690,-321.20690,-324.57130,-318.77580,0.03490,1.56610,1.49140,60.34510,-12.51670,-14.67210,-11.22320,-12.51670,2.11690,-0.1578,-0.31
2021-12-31,3.67200,4.54900,-0.87700,9.19200,5.14600,14.33800,-15.21500,0.02800,-15.18700,0.05800,-15.24500,-15.24500,-15.26400,-13.44500,-15.21500,52.92410,52.92410,-0.29000,-0.29000,10.60360,,,-23.88340,-414.35190,-414.35190,-413.58930,-415.68630,0.02740,1.98990,1.46760,61.32350,-12.32740,-14.42750,-11.36740,-12.32740,2.26250,-0.1981,-0.3291
2021-09-30,1.86800,2.90200,-1.03400,7.97400,3.87600,11.85000,-12.88400,0.03500,-12.84900,0.00000,-12.84900,-12.84900,-12.84900,-11.35000,-12.88400,51.43610,51.43610,-0.25000,-0.25000,10.48450,,,-55.35330,-689.72160,-689.72160,-687.84800,-687.84800,0.01550,1.41010,1.38170,65.13920,-11.43170,-11.48940,-10.66100,-11.43170,2.15990,-0.24670,-0.35250
2021-06-30,2.15700,3.42700,-1.27000,6.90500,3.60200,10.50700,-11.77700,1.65600,-10.12100,,-10.12100,-10.12100,-10.12100,-10.34500,-11.77700,43.42660,43.42660,-0.19000,-0.19000,12.82810,,,-58.87810,-545.98980,-545.98980,-469.21650,-469.21650,0.01730,2.46550,1.84360,48.81780,-8.62020,-8.66240,-8.09720,-8.62020,2.29160,-0.1927,-0.2624
2021-03-31,2.51700,2.97300,-0.45600,5.22500,3.39500,8.62000,-9.07600,-1.09900,-10.17500,,-10.17500,-10.17500,-10.17500,-5.75500,-9.07600,45.62060,45.62060,-0.22000,-0.22000,14.04940,0.00330,0.01370,-18.11680,-360.58800,-360.58800,-404.25110,-404.25110,0.02010,2.05600,1.55370,57.92610,-8.65000,-8.69280,-8.12850,-8.62130,2.33510,-0.0736,-0.1778
2020-12-31,1.30800,2.60200,-1.29400,5.56600,3.36100,8.92700,-10.22100,-1.68900,-11.91000,,-11.91000,-11.91000,-11.91000,-7.77000,-10.22100,39.44530,39.44530,-0.30000,-0.30000,3.33640,0.24840,0.55400,-98.92970,-781.42210,-781.42210,-910.55050,-910.55050,0.01690,3.99690,1.75340,51.33030,-25.62170,-25.94880,-15.35390,-19.25780,1.12280,-0.2027,-0.2547
2020-09-30,0.63600,1.64900,-1.01300,6.38000,2.92700,9.30700,-10.32000,-1.63000,-11.95000,,-11.95000,-11.95000,-11.95000,-8.23500,-10.32000,38.17670,38.17670,-0.31000,-0.31000,9.39810,0.41010,0.69510,-159.27670,-1622.64200,-1622.64200,-1878.93100,-1878.93100,0.00990,6.98730,1.83820,48.96230,-33.96330,-34.52960,-18.57150,-20.03660,0.91200,-0.20720,-0.26770
2020-06-30,0.36600,1.07400,-0.70800,4.77800,2.74200,7.52000,-8.22800,-1.84900,-10.07700,,-10.07700,-10.07700,-10.07700,-6.40000,-8.22800,33.69850,33.69850,-0.26000,-0.26000,7.53720,0.35880,0.55960,-193.44270,-2248.08700,-2248.08800,-2753.27900,-2753.27900,0.00510,7.89710,1.04270,86.31150,-24.28490,-24.60750,-14.10690,-15.57160,1.09230,-0.1784,-0.2918
2020-03-31,0.36300,0.21700,0.14600,5.76900,2.58900,8.35800,-8.21200,0.43800,-7.77400,,-7.77400,-7.77400,-7.77400,-6.55800,-8.21200,36.23680,36.23680,-0.21000,-0.21000,11.38190,0.34360,0.52350,40.22040,-2262.25900,-2262.25900,-2141.59800,-2141.59800,0.00580,2.85530,0.52460,171.57020,-20.19480,-20.45740,-12.35660,-13.25560,1.05900,-0.0704,-0.1128
2019-12-31,0.51800,0.78700,-0.26900,4.89700,2.75900,7.65600,-7.92500,-1.38900,-9.31400,,-9.31400,-9.31400,-9.31400,-6.39400,-7.92500,31.42820,31.42820,-0.30000,-0.30000,11.73470,0.31560,0.46100,-51.93050,-1529.92300,-1529.92300,-1798.07000,-1798.07000,0.00750,8.37230,0.46000,195.63710,-21.07530,-21.29840,-13.43880,-14.42490,1.22040,-0.1922,-0.2719
2019-09-30,0.54300,0.33600,0.20700,5.07900,2.80100,7.88000,-7.67300,-1.30200,-8.97500,,-8.97500,-8.97500,-8.97500,-6.24000,-7.67300,30.32520,30.32520,-0.30000,-0.30000,9.01110,0.50050,1.00210,38.12160,-1413.07500,-1413.07500,-1652.85500,-1652.85500,0.01280,3.14020,0.93140,96.62980,-46.67430,-47.72160,-21.20600,-23.31230,0.63110,-0.19120,-0.24330
2019-06-30,0.57000,0.20000,0.37000,4.73500,2.08000,6.81500,-6.44500,0.68400,-5.76100,,-5.76100,-5.76100,-5.76100,-5.12600,-6.44500,27.51240,27.51240,-0.18000,-0.18000,8.66220,0.41240,0.70180,64.91230,-1130.70300,-1130.70200,-1010.70200,-1010.70200,0.01190,2.12770,2.00000,45.00000,-22.19610,-22.53300,-12.01490,-13.04280,0.86110,-0.1943,-0.2187
2019-03-31,0.23700,0.29900,-0.06200,5.50500,2.50300,8.00800,-8.07000,-1.36400,-9.43400,,-9.43400,-9.43400,-9.43400,-6.86600,-8.07000,29.95990,29.95990,-0.31000,-0.31000,12.77690,0.39140,0.64310,-26.16030,-3405.06300,-3405.06300,-3980.59100,-3980.59100,0.00450,1.99590,1.48730,60.51110,-31.76430,-32.14500,-18.08500,-19.33210,0.98970,-0.1407,-0.2261
2018-12-31,0.32300,0.37000,-0.04700,4.47400,1.83400,6.30800,-6.35500,-0.39000,-6.74500,,-6.74500,-6.74500,-6.74500,-5.22100,-6.35500,27.85320,27.85320,-0.24000,-0.24000,16.79600,0.31700,0.46410,-14.55110,-1967.49200,-1967.49200,-2088.23500,-2088.23500,0.00560,3.46290,1.03320,87.10860,-18.45350,-18.61670,-11.71780,-12.60360,1.22200,-0.0937,-0.1095
2018-09-30,0.31300,0.14400,0.16900,4.36100,2.50500,6.86600,-6.69700,-0.61100,-7.30800,,-7.30800,-7.30800,-7.30800,-5.87300,-6.69700,22.24080,22.24080,-0.33000,-0.33000,4.81180,0.56490,1.29830,53.99360,-2139.61700,-2139.61700,-2334.82400,-2334.82400,0.01270,2.98690,0.98120,91.72320,-79.95620,-82.80790,-29.68670,-34.78870,0.40850,-0.21350,-0.25930
2018-06-30,0.17810,0.18860,-0.01050,3.74460,2.33950,6.47920,-6.48970,-0.26310,-6.75270,,-6.75270,-6.75270,-6.75270,-5.81790,-6.48970,20.92820,20.92820,-0.31000,-0.31000,6.00150,0.45290,0.82780,-5.92260,-3643.86000,-3643.85900,-3791.56800,-3791.56900,0.00610,3.25250,0.82840,108.64750,-48.75630,-49.70370,-23.04060,-26.67490,0.62380,-0.1811,-0.2757
2018-03-31,0.28440,0.30830,-0.02390,3.04500,2.44200,5.48690,-5.51080,0.70820,-4.80260,,-4.80260,-4.80260,-4.80260,-5.19310,-5.51080,22.28450,22.28450,-0.22000,-0.22000,3.60870,,,-8.39640,-1937.64900,-1937.64900,-1688.64400,-1688.64400,0.01430,4.43550,0.54810,164.21060,-28.69090,-29.10160,-24.07260,-28.69090,0.75290,-0.1635,-0.1789
2017-12-31,0.44460,0.32980,0.11470,3.47300,2.18990,5.66300,-5.54820,0.00780,-5.54040,,-5.54040,-5.54040,-5.54040,-5.30690,-5.54820,20.16770,20.16770,-0.27000,-0.27000,3.96070,,,25.80500,-1248.04400,-1248.04400,-1246.28900,-1246.28900,0.01790,4.39900,1.48780,60.49160,-27.79900,-28.12590,-22.30000,-27.79900,0.89290,-0.2464,-0.3351
2017-09-30,0.30090,0.19320,0.10770,3.00440,1.83260,4.83700,-4.72930,0.08610,-4.64320,,-4.64320,-4.64320,-4.64320,-4.49210,-4.72930,19.16750,19.16750,-0.24000,-0.24000,1.58230,,,35.79150,-1571.50100,-1571.50100,-1542.89800,-1542.89800,0.01810,2.43720,0.98790,91.10060,-41.94620,-42.77410,-27.90550,-41.94620,0.57700,-0.08750,-0.22050
2017-06-30,0.01850,,0.01850,2.42260,1.62320,,-4.02730,1.72680,-2.30040,,-2.30040,-2.30040,-2.30040,-3.98360,-4.02730,16.99050,16.99050,-0.12000,-0.12000,7.41840,,,100.00000,-21811.40000,-21811.40000,-12458.89000,-12458.88000,0.00100,,,,-15.32490,-15.53870,-12.71480,-15.32490,0.78690,-0.0987,-0.1636
2017-03-31,0.30900,,0.30900,1.16210,1.20360,,-2.05680,-0.00740,-2.06420,,-2.06420,-2.06420,-2.06420,-2.01930,-2.05680,17.69110,17.69110,-0.12000,-0.12000,7.90110,,,100.00000,-665.71340,-665.71340,-668.09460,-668.09460,0.02780,,,,-21.05430,-21.31050,-18.58550,-21.05430,0.54150,-0.0941,-0.0968
2016-12-31,0.15910,,0.15910,0.77600,2.06680,,-2.68370,-0.71200,-3.39570,,-3.39570,-3.39570,-3.39570,-2.66900,-2.68370,15.89250,15.89250,-0.21000,-0.21000,5.45390,,,100.00000,-1687.13000,-1687.13000,-2134.76000,-2134.76000,0.02690,,5.48510,16.40810,-74.19480,-75.98400,-57.35080,-74.19470,0.27620,-0.0658,-0.0925
2016-09-30,,,,0.65260,1.26320,,-1.91580,-0.15710,-2.07290,,-2.07290,-2.07290,-2.07290,-1.90160,-1.91580,15.70170,15.70170,-0.13000,-0.13000,3.81260,,,,,,,,,,,,-159.06510,-169.96950,-57.25950,-159.06510,0.08230,-0.06800,-0.06930
2016-06-30,0.02050,,0.02050,0.70930,0.96870,,-1.65750,-0.86010,-2.51760,,-2.51760,-2.51760,-2.51760,-1.64500,-1.65750,13.34950,13.34950,-0.17000,-0.17000,7.82460,,,100.00000,-8085.60400,-8085.60300,-12281.16000,-12281.16000,0.00450,,,,-94.06930,-96.64150,-55.42110,-94.06930,0.17410,-0.0801,-0.0826
2016-03-31,0.23430,,0.23430,0.37580,0.48080,,-0.62220,-0.12720,-0.74940,,-0.74940,-0.74940,-0.74940,-0.61100,-0.62220,13.16130,13.16130,-0.06000,-0.06000,,,,100.00000,-265.51930,-265.51930,-319.79610,-319.79610,,,,,,,,,,-0.0345,-0.0343
2015-12-31,,,,0.35190,0.72450,,-1.07640,0.00580,-1.07060,,-1.07060,-1.07060,-1.07060,-1.06750,-1.07640,12.76840,12.76840,-0.08000,-0.08000,5.00650,,,,,,,,,,,,-49.66530,-50.76190,-37.55230,-49.66530,0.16560,-0.0693,-0.0707
2015-09-30,,,,0.32170,0.76130,,-1.08300,0.01450,-1.06850,,-1.06850,-1.06850,-1.06850,-1.07750,-1.08300,12.39210,12.39210,-0.09000,-0.09000,9.18010,,,,,,,,,,,,-33.97750,-34.46980,-28.77160,-33.97750,0.25380,-0.06430,-0.07260
2015-06-30,,,,0.19390,0.66010,,-0.85400,0.03170,-0.82230,,-0.82230,-0.82230,-0.82230,-0.85400,-0.85400,7.82370,7.82370,-0.11000,-0.11000,35.82700,,,,,,,,,,,,-19.64830,-19.79530,-18.22170,-19.64830,0.33560,-0.0717,-0.0741
2015-04-30,,,,,0.02550,,-0.02550,,-0.02550,,-0.02550,-0.02550,-0.02550,-0.02550,-0.02550,12.85400,12.85400,-0.00200,-0.00200,,,-0.74030,,,,,,,,,,135.41790,135.41790,,135.41790,-0.00150,-0.002,-0.002
2015-03-31,,,,,,,,,,,,,,,,,,,0.00000,,,,,,,,,,,,,,,,,,0.0003,0.0003
2015-01-31,,,,,0.00130,,-0.00130,,-0.00130,,-0.00130,-0.00130,-0.00130,-0.00130,-0.00130,12.85410,12.85410,-0.00010,-0.00010,,,0.06710,,,,,,,,,,-28.81580,-28.81580,-25.43550,-28.81580,0.00040,-0.0003,-0.0003
2014-12-31,,,,0.06260,0.09450,,-0.15710,,-0.15710,,-0.15710,-0.15710,-0.15710,-0.15710,-0.15710,5.49320,5.49320,-0.03000,-0.03000,,,,,,,,,,,,,,,,,,0.0003,0.0003
2014-10-31,,,,,0.00330,,-0.00330,,-0.00330,,-0.00330,-0.00330,-0.00330,-0.00330,-0.00330,12.85410,12.85410,-0.00030,-0.00030,,,0.05210,,,,,,,,,,-56.87770,-56.87780,-53.20060,-56.87780,0.00050,-0.0003,-0.0003
2014-09-30,,,,0.07430,0.07400,,-0.14830,,-0.14830,,-0.14830,-0.14830,-0.14830,-0.14830,-0.14830,5.49320,5.49320,-0.03000,-0.03000,,,,,,,,,,,,,,,,,,0.00000,
2014-07-31,,,,,0.02050,,-0.02040,,-0.02050,,-0.01690,-0.01700,-0.02040,-0.02040,-0.02040,10.50570,10.50570,-0.00190,-0.00190,,,0.03320,,,,,,,,,,-184.25400,-184.25390,-178.33210,-184.25390,0.00070,-0.00260,-0.00260
2014-06-30,,,,,,,,,,,,,,,,,,,0.00000,,,,,,,,,,,,,,,,,,0.0007,0.0007
2014-04-30,,,,,0.00100,,-0.00100,,-0.00100,,-0.00100,-0.00100,-0.00100,-0.00100,-0.00100,9.85400,9.85400,-0.00010,-0.00010,,,0.13930,,,,,,,,,,-47.44990,-47.44990,-41.64670,-47.44990,0.00020,-0.0007,-0.0007
2014-03-31,,,,0.00000,0.00100,,-0.00100,,-0.00100,0.00000,-0.00100,-0.00100,-0.00100,-0.00100,-0.00100,,,,0.00000,,,,,,,,,,,,,14.70590,-45.45460,-40.00000,-45.45460,,0.0006,0.0006
2014-01-31,,,,,0.00100,,-0.00100,,-0.00100,,-0.00100,-0.00100,-0.00100,-0.00100,-0.00100,9.85410,9.85410,-0.00010,-0.00010,,,,,,,,,,,,,,,,,,-0.0006,-0.0006
2013-12-31,,,,0.00000,0.00100,,-0.00100,,-0.00100,0.00000,-0.00100,-0.00450,-0.00100,-0.00100,-0.00100,,,,0.00000,,,,,,,,,,,,,,,,,,0.0005,0.0005
2013-10-31,,,,,0.00450,,-0.00450,,-0.00450,,-0.00450,-0.00450,-0.00450,-0.00450,-0.00450,9.85410,9.85410,-0.00050,-0.00050,,,,,,,,,,,,,,,,,,-0.0005,-0.0005
2013-09-30,,,,0.00000,0.00450,,-0.00450,,-0.00450,,-0.00450,-0.00450,-0.00450,-0.00450,-0.00450,,,,0.00000,,,,,,,,,,,,,,,,,,0.00000,
2013-07-31,,,,,,,,,,,,,,,,,,,0.00000,,,,,,,,,,,,,,,,,,0.00000,
2013-06-30,,,,,,,,,,,,,,,,,,,0.00000,,,,,,,,,,,,,,,,,,0,0
