Date,revenue,cost-goods-sold,gross-profit,research-development-expenses,selling-general-administrative-expenses,other-operating-income-expenses,operating-expenses,operating-income,total-non-operating-income-expense,pre-tax-income,total-provision-income-taxes,income-after-taxes,income-from-continuous-operations,net-income,ebitda,ebit,basic-shares-outstanding,shares-outstanding,eps-basic-net-earnings-per-share,eps-earnings-per-share-diluted,current-ratio,long-term-debt-capital,debt-equity-ratio,gross-margin,operating-margin,ebit-margin,pre-tax-profit-margin,net-profit-margin,asset-turnover,receiveable-turnover,days-sales-in-receivables,roe,return-on-tangible-equity,roa,roi,book-value-per-share,operating-cash-flow-per-share,free-cash-flow-per-share
2024-03-31,76.12700,32.09500,44.03200,22.82000,33.15800,-0.06000,56.39700,-12.36500,1.12100,-11.24400,0.18900,-11.43300,-11.43300,-11.43300,-9.77100,-12.36500,96.94520,96.94520,-0.12000,-0.12000,3.91760,0.05300,0.05980,57.84020,-16.24260,-16.24260,-14.77010,-15.01830,0.19140,2.13140,42.22590,-3.54060,-8.12310,-2.87520,-3.35310,3.31140,0.00980,-0.00740
2023-12-31,71.36900,31.42000,39.94900,21.49100,31.15500,-0.04300,53.04800,-13.09900,0.10700,-12.99200,-0.27900,-12.71300,-12.71300,-12.71300,-10.28100,-13.09900,94.08080,94.08080,-0.14000,-0.14000,3.76830,0.05260,0.05930,55.97530,-18.35400,-18.35400,-18.20400,-17.81310,0.17850,2.01050,44.76610,-3.91240,-9.01090,-3.17960,-3.70650,3.35950,-0.0572,-0.0753
2023-09-30,67.70300,31.15300,36.55000,21.75500,30.22300,,52.33700,-15.78700,0.35000,-15.43700,0.03900,-15.47600,-15.47600,-15.47600,-13.06200,-15.78700,94.67540,94.67540,-0.16000,-0.16000,4.73110,0.22690,0.31800,53.98580,-23.31800,-23.31800,-22.80110,-22.85870,0.14040,2.16540,41.56300,-4.81140,-11.37110,-3.20950,-3.71950,3.37300,0.0354,0.0196
2023-06-30,65.76300,30.28900,35.47400,20.86600,32.09000,-0.03400,53.34700,-17.87300,0.20000,-17.67300,0.08800,-17.76100,-17.76100,-17.76100,-15.27800,-17.87300,93.33470,93.33470,-0.19000,-0.19000,5.43940,0.22370,0.31450,53.94220,-27.17790,-27.17790,-26.87380,-27.00760,0.13910,2.33600,38.52740,-5.50690,-13.12970,-3.75550,-4.27480,3.42280,-0.0601,-0.0783
2023-03-31,59.99600,27.85800,32.13800,20.54900,27.98900,-0.18600,49.08400,-16.94600,0.17900,-16.76700,0.19600,-16.96300,-16.96300,-16.96300,-14.31500,-16.94600,92.39730,92.39730,-0.18000,-0.18000,5.61740,0.22630,0.31500,53.56690,-28.24520,-28.24520,-27.94690,-28.27360,0.12450,2.11040,42.64630,-5.16960,-12.18780,-3.51880,-3.99970,3.53340,-0.10410,-0.11890
2022-12-31,55.53800,26.86500,28.67300,20.35600,26.12100,12.68400,34.15300,-5.48000,0.02700,-5.45300,-0.54100,-4.91200,-4.91200,-4.91200,-2.89500,-5.48000,90.95650,90.95650,-0.05000,-0.05000,5.81930,0.22540,0.31150,51.62770,-9.86710,-9.86710,-9.81850,-8.84440,0.11360,2.11610,42.53200,-1.47050,-3.42450,-1.00470,-1.13900,3.62650,-0.1527,-0.1624
2022-09-30,53.41200,25.84400,27.56800,18.22200,28.05800,-0.73700,47.38700,-19.81900,-0.39300,-20.21200,-0.16300,-20.04900,-20.04900,-20.04900,-17.26200,-19.81900,91.18220,91.18220,-0.22000,-0.22000,6.37680,0.20090,0.25780,51.61390,-37.10590,-37.10590,-37.84170,-37.53650,0.11010,2.03060,44.32260,-6.11480,-14.57600,-4.13140,-4.88660,3.58420,-0.0509,-0.0586
2022-06-30,50.53000,23.25700,27.27300,16.59500,28.93500,-0.79600,46.65700,-19.38400,-0.69300,-20.07700,0.15600,-20.23300,-20.23300,-20.23300,-17.34500,-19.38400,90.70740,90.70740,-0.22000,-0.22000,6.97280,0.19910,0.25170,53.97390,-38.36140,-38.36140,-39.73280,-40.04160,0.10290,1.84640,48.74390,-6.02990,-14.12670,-4.11990,-4.82960,3.68590,-0.1222,-0.1371
2022-03-31,44.79000,19.98000,24.81000,14.15600,24.94400,1.37800,37.81600,-13.00600,-0.31300,-13.31900,0.08700,-13.40600,-13.40600,-13.40600,-11.97800,-13.00600,90.20890,90.20890,-0.15000,-0.15000,9.78010,0.06150,0.07110,55.39180,-29.03770,-29.03770,-29.73660,-29.93080,0.10390,1.91820,46.91900,-3.91860,-4.73270,-3.11110,-3.67740,3.78150,-0.09250,-0.10900
2021-12-31,42.43500,19.28800,23.14700,12.90300,21.63900,-1.44300,36.16900,-13.02200,-0.15500,-13.17700,,-13.34900,-13.34900,-13.34900,-11.95200,-13.02200,64.51050,64.51050,1.55000,1.55000,10.39700,0.06270,0.07140,54.54700,-30.68690,-30.68690,-31.05220,-31.45750,0.09720,2.03810,44.15910,-3.87360,-4.67800,-3.05810,-3.63080,3.83090,-0.2572,-0.29
2021-09-30,39.76100,17.38700,22.37400,12.87700,19.63100,-0.91500,33.51600,-11.14200,-0.07700,-11.21900,,-11.21900,-11.21900,-11.21900,-10.32700,-11.14200,87.64140,87.64140,-0.13000,-0.13000,9.71690,0.06410,0.07210,56.27120,-28.02240,-28.02240,-28.21610,-28.21610,0.09000,1.96050,45.90650,-3.24700,-3.92520,-2.53940,-3.03880,3.91970,-0.0275,-0.037
2021-06-30,36.70100,16.18000,20.52100,12.10700,17.51100,-0.62500,30.33400,-9.81300,-1.56200,-11.37500,0.00000,-11.37500,-11.37500,-11.37500,-9.00400,-9.81300,74.83150,74.83150,-0.15000,-0.15000,12.45880,0.06390,0.07090,55.91400,-26.73770,-26.73770,-30.99370,-30.99370,0.08640,2.35410,38.23060,-3.23840,-3.48000,-2.67810,-3.03150,4.02880,0.1854,0.2463
2021-03-31,33.26200,15.49700,17.76500,10.91300,15.79100,,26.70400,-8.93900,-1.94000,-10.87900,0.00000,-10.87900,-10.87900,-11.15600,-8.14000,-8.93900,5.58420,5.58420,-2.00000,-2.00000,6.63730,-0.09720,-0.09090,53.40930,-26.87450,-26.87450,-32.70700,-33.53980,0.13410,2.27600,39.54240,3.97150,3.64420,-4.38640,4.35750,-40.55200,-0.34960,-0.42550
2020-12-31,33.32500,14.07200,19.25300,10.84200,19.54400,,30.47700,-11.22400,-1.26200,-12.48600,0.00000,-12.48600,-12.48600,-12.48600,-10.39700,-11.22400,4.80950,4.80950,-2.50000,-2.50000,9.43350,-0.10280,-0.09440,57.77340,-33.68040,-33.68040,-37.46740,-37.46740,0.13370,2.36300,38.08760,4.73810,4.33530,-5.01110,5.22520,-53.67070,-3.147,-3.2876
2020-09-30,28.94100,13.77600,15.16500,9.89800,11.85700,,21.75500,-6.59000,-14.75700,-21.34700,,-21.34700,-21.34700,-25.80600,-5.93600,-6.59000,4.83310,4.83310,-5.34000,-5.34000,,,,52.39970,-22.77050,-22.77050,-73.76040,-89.16760,,,,,,,,,-0.4708,-0.4739
2020-06-30,26.66600,13.23600,13.43000,9.78000,10.76000,,20.54000,-7.11000,-0.15700,-7.26700,,-7.26700,-7.26700,-7.54400,-6.42600,-7.11000,4.63590,4.63590,-1.63000,-1.63000,,,,50.36380,-26.66320,-26.66320,-27.25190,-28.29070,,,,,,,,,-1.0763,-1.1174
2020-03-31,23.21000,11.90200,11.30800,9.68900,11.79800,,21.48700,-10.17900,-0.07600,-10.25500,,-10.25500,-10.25500,-10.53200,-9.50800,-10.17900,4.56900,4.56900,-2.31000,-2.31000,,,,48.72040,-43.85610,-43.85610,-44.18350,-45.37700,,,,,,,,,-3.23700,-3.49860
2019-12-31,,,,,,,,,,,,,,,,,,,,0.00000,,,,,,,,,,,,,,,,,0,0
