Date,revenue,cost-goods-sold,gross-profit,selling-general-administrative-expenses,other-operating-income-expenses,operating-expenses,operating-income,total-non-operating-income-expense,pre-tax-income,total-provision-income-taxes,income-after-taxes,income-from-continuous-operations,income-from-discontinued-operations,net-income,ebitda,ebit,basic-shares-outstanding,shares-outstanding,eps-basic-net-earnings-per-share,eps-earnings-per-share-diluted,current-ratio,long-term-debt-capital,debt-equity-ratio,gross-margin,operating-margin,ebit-margin,pre-tax-profit-margin,net-profit-margin,asset-turnover,receiveable-turnover,days-sales-in-receivables,roe,return-on-tangible-equity,roa,roi,book-value-per-share,operating-cash-flow-per-share,free-cash-flow-per-share
2023-09-30,1405.90000,488.60000,917.30000,,-504.20000,817.90000,99.40000,-84.80000,14.60000,2.30000,12.30000,12.30000,,12.30000,177.00000,99.40000,162.42400,162.60700,0.08000,0.08000,0.64110,1.80350,-2.25670,65.24650,7.07020,7.07020,1.03850,0.87490,0.15990,10.47620,8.59090,-0.57530,-0.26770,0.13990,0.46230,-10.77860,0.4983,0.2018
2023-06-30,1347.90000,474.80000,873.10000,,-470.10000,788.30000,84.80010,-75.80000,9.00000,0.40000,8.60000,8.60000,,8.60000,170.00000,84.80010,151.30180,151.34720,0.10000,0.10000,0.45530,2.14070,-1.88690,64.77480,6.29130,6.29130,0.66770,0.63800,0.15550,9.78160,9.20100,-0.33300,-0.17060,0.09920,0.37990,-49.74270,0.0388,-0.4349
2023-03-31,954.40000,307.60000,646.80000,,-455.50000,755.00000,-108.20010,-125.40000,-233.60000,1.90000,-235.50000,-235.50000,,-235.50000,-27.50010,-108.20010,137.39470,137.39470,-1.70000,-1.70000,0.43250,2.11470,-1.90730,67.77030,-11.33700,-11.33700,-24.47610,-24.67520,0.10790,9.02930,9.96750,9.09130,4.63550,-2.66170,-10.13470,-49.89100,-1.38210,-1.50300
2022-12-31,990.90000,332.90010,657.99990,,-560.29990,882.39990,-224.40020,-63.30000,-287.70000,0.00000,-287.70000,-287.70000,,-287.70000,-135.70020,-224.40030,104.76890,104.76890,-2.60000,-2.60000,0.53370,2.02940,-1.98120,66.40430,-22.64610,-22.64610,-29.03420,-29.03420,0.10850,5.94780,15.13170,10.96170,5.62600,-3.14920,-11.28410,-50.77970,-0.2409,-0.9108
2022-09-30,968.40000,321.70000,646.70000,,-441.20000,761.60000,-114.90000,-110.20000,-225.10000,1.80000,-226.90000,-226.90000,,-226.90000,-31.30000,-114.90000,103.36900,103.36900,-2.20000,-2.20000,0.55790,1.96640,-2.08670,66.78030,-11.86490,-11.86490,-23.24450,-23.43040,0.10520,8.93360,10.07440,8.79760,4.50990,-2.46470,-8.50230,-49.90120,-2.1629,-2.6554
2022-06-30,1166.40000,393.30000,773.10000,,-469.70000,789.20000,-16.10000,-104.90000,-121.00000,0.60000,-121.60000,-121.60000,,-121.60000,68.10000,-16.10000,103.36420,103.36420,-1.20000,-1.20000,0.74930,1.75380,-2.33800,66.28090,-1.38030,-1.38030,-10.37380,-10.42520,0.11880,9.66360,9.31330,5.22610,2.51790,-1.23850,-3.93950,-45.02140,-0.7361,-1.1264
2022-03-31,785.70000,232.40000,553.30000,,-397.90000,720.20000,-166.90000,-170.40000,-337.30000,0.10000,-337.40000,-337.40000,,-337.40000,-80.20000,-166.90000,103.18200,103.18200,-3.30000,-3.30000,0.84310,1.64370,-2.56650,70.42130,-21.24220,-21.24220,-42.92990,-42.94260,0.07590,7.42630,12.11910,15.48910,7.10990,-3.26140,-9.97020,-42.14810,-2.85900,-3.12650
2021-12-31,1171.70000,369.29990,802.40000,,-544.50000,862.80010,-60.39990,-70.30000,-130.70000,3.70000,-134.40010,-134.40010,,-134.40000,30.50010,-60.40000,95.48200,95.48200,10.20000,10.20000,1.04610,1.48610,-3.07390,68.48170,-5.15490,-5.15490,-11.15470,-11.47050,0.10830,6.95370,12.94270,7.51010,3.07360,-1.24200,-3.65050,-34.81660,0.0029,-0.3903
2021-09-30,763.20000,219.40000,543.80000,,-369.00000,689.00000,-145.20000,-80.90000,-226.10000,-1.90000,-224.20000,-224.20000,,-224.20000,-51.50000,-145.20000,102.66600,102.66600,-2.20000,-2.20000,1.10290,1.42600,-3.36590,71.25260,-19.02520,-19.02520,-29.62530,-29.37630,0.06900,5.88890,15.28300,13.64830,5.27700,-2.02760,-5.81400,-32.00090,4.9378,5.0367
2021-06-30,444.70000,125.20000,319.50000,,-300.60000,616.10000,-296.60000,-52.60000,-349.20000,-5.20000,-344.00000,-344.00000,,-343.60000,-205.30000,-296.60000,48.07310,48.07310,-7.10000,-7.10000,1.29130,1.33880,-3.97220,71.84620,-66.69660,-66.69660,-78.52490,-77.26560,0.03930,5.02490,17.91100,24.48920,8.52840,-3.03640,-8.29820,-27.36450,-3.552,-3.9752
2021-03-31,148.30000,31.70000,116.60000,,-231.50000,544.40000,-427.80000,-146.20000,-574.00000,-6.80000,-567.20000,-567.20000,,-566.90000,-259.30000,-427.80000,40.01110,40.01110,-14.20000,-14.20000,0.64120,1.70800,-2.42660,78.62440,-288.46930,-288.46930,-387.05330,-382.26570,0.01410,1.72440,52.19150,24.80110,11.49040,-5.40770,-17.55930,-50.79060,-7.82030,-7.98780
2020-12-31,162.50000,46.30000,116.20000,,-723.70020,1085.80000,-969.60010,16.70000,-952.89990,-6.80000,-946.09990,-946.09990,,-945.80000,-852.20010,-969.60010,23.44240,23.44240,150.90000,150.90000,0.30850,1.97860,-2.03340,71.50770,-596.67690,-596.67690,-586.40000,-582.03080,0.01580,1.78570,50.40000,33.10130,16.98960,-9.20650,-32.39290,-127.40880,23.4649,30.5824
2020-09-30,119.50000,35.40000,84.10000,,-420.70000,759.50000,-675.40000,-225.80000,-901.20000,4.60000,-905.80000,-905.80000,,-905.80000,-559.50000,-675.40000,10.76950,10.76950,-84.10000,-84.10000,0.38320,1.65740,-2.53430,70.37660,-565.18830,-565.18830,-754.14230,-757.99160,0.01100,1.22560,73.43100,38.78570,16.85430,-8.32830,-25.49680,-212.46360,-31.7787,-33.6747
2020-06-30,18.90000,4.70000,14.20000,,-140.20000,485.80000,-471.60000,-95.70000,-567.30000,-6.10000,-561.20000,-561.20000,,-561.20000,-344.10000,-471.60000,10.43190,10.43190,-53.80000,-53.80000,0.39720,1.39320,-3.56220,75.13230,-2495.23800,-2495.23800,-3001.58700,-2969.31200,0.00170,0.26730,336.66670,35.62270,11.84440,-4.97890,-14.00720,-151.01610,-22.2174,-25.5377
2020-03-31,941.50000,325.10000,616.40000,,-2242.00000,2602.50000,-1986.10000,-122.00000,-2108.10000,68.20000,-2176.30000,-2176.30000,,-2176.30000,-1856.40000,-1986.10000,10.42450,10.42450,-208.80000,-208.80000,0.34230,1.26640,-4.78210,65.47000,-210.95060,-210.95060,-223.90870,-231.15240,0.08380,7.42510,12.12110,202.63500,51.97630,-19.36500,-53.97840,-102.95250,-17.65070,-26.12120
2019-12-31,1447.70000,508.10000,939.60000,,-537.80000,896.20000,43.40020,-90.30000,-46.90000,-33.40000,-13.50000,-13.50000,,-13.50000,163.50020,43.40000,10.38320,10.38320,-1.40000,1.70000,0.34820,0.79890,3.99710,64.90290,2.99790,2.99790,-3.23960,-0.93250,0.10590,5.69510,15.80300,-1.11180,0.35810,-0.09870,-0.22360,116.91860,35.5225,19.3273
2019-09-30,1316.80000,484.00000,832.80000,,-456.50000,812.00000,20.80010,-75.80000,-55.00000,-0.20000,-54.80000,-54.80000,,-54.80000,140.00000,20.80010,10.38500,10.38500,-5.30000,-5.30000,0.27240,0.80220,4.08270,63.24420,1.57960,1.57960,-4.17680,-4.16160,0.09910,8.33950,10.79210,-4.63110,1.47930,-0.41260,-0.91590,113.94320,8.9072,-7.1695
2019-06-30,1506.10000,558.90000,947.20000,,-480.60000,841.70000,105.49990,-50.70000,54.80000,5.40000,49.40000,49.40000,,49.40000,223.69990,105.49990,10.38450,13.55280,4.80000,1.70000,0.34420,0.78450,3.66370,62.89090,7.00480,7.00480,3.63850,3.28000,0.11140,6.59120,13.65450,3.72800,-1.35880,0.36550,0.80360,127.60240,11.1986,5.2015
2019-03-31,1200.40000,426.80000,773.60000,,-449.00000,807.30000,-33.70000,-90.80000,-124.50000,5.70000,-130.20000,-130.20000,,-130.20000,85.90010,-33.70000,10.37830,10.37830,-12.50000,-12.50000,0.32590,0.78830,3.74490,64.44520,-2.80740,-2.80740,-10.37150,-10.84640,0.08910,6.19400,14.53020,-9.98850,3.53480,-0.96640,-2.11430,125.52600,0.13490,-9.25970
2018-12-31,1413.30000,502.40000,910.90000,,-475.30000,823.60000,87.30010,83.70000,171.00000,0.40000,170.60000,170.60000,,113.90000,233.50010,87.30010,12.06210,13.01050,14.20000,9.20000,0.58830,0.78820,3.78020,64.45200,6.17700,6.17700,12.09930,8.05920,0.14880,5.44620,16.52520,12.20660,-4.55760,1.79660,2.58540,135.06640,15.9459,1.8435
2018-09-30,1221.40000,442.40000,779.00000,,-448.90000,800.90000,-21.89990,-67.40000,-89.30000,11.10000,-100.40000,-100.40000,,-100.40000,111.90010,-21.89990,12.31260,12.31260,-8.20000,-8.20000,0.59260,0.81030,4.33640,63.77930,-1.79300,-1.79300,-7.31130,-8.22010,0.13040,7.86980,11.43610,-8.00320,2.55760,-1.07230,-1.51860,121.23700,1.0759,-10.3188
2018-06-30,1442.50000,543.60000,898.90000,,-467.50000,809.20000,89.70000,-70.10000,19.60000,-2.60000,22.20000,22.20000,,22.20000,230.30000,89.70000,12.80390,12.81050,1.70000,1.70000,0.67630,0.70640,2.44870,62.31540,6.21840,6.21840,1.35880,1.53900,0.15130,8.05420,11.17440,1.12700,-0.68810,0.23290,0.33090,154.46320,10.2747,4.5019
2018-03-31,1383.60000,492.70000,890.90000,,-456.10000,781.00000,109.89990,-87.50000,22.40000,4.70000,17.70000,17.70000,,17.70000,243.29990,109.89990,12.80460,12.80460,1.40000,1.40000,0.60390,0.69790,2.35220,64.39000,7.94300,7.94300,1.61900,1.27930,0.14280,8.28010,10.86950,0.84900,-0.54670,0.18270,0.25640,162.84570,12.91720,4.83420
2017-12-31,1416.80000,509.60000,907.20020,,-482.90000,836.90000,70.30010,-56.20000,14.10000,290.50000,-276.40000,-276.40000,,-276.40000,217.70000,70.30010,12.82460,12.82460,-21.90000,-21.90000,0.61900,0.69440,2.31330,64.03160,4.96190,4.96190,0.99520,-19.50880,0.14450,5.21840,17.24660,-13.08460,8.63800,-2.81870,-3.99920,165.49540,24.3874,12.181
2017-09-30,1178.70000,425.50000,753.20000,,-415.80000,757.30000,-4.10010,-56.20000,-60.30000,-17.60000,-42.70000,-42.70000,,-42.70000,133.99990,-4.10010,13.10770,13.10770,-3.30000,-3.30000,0.52700,0.66770,2.04620,63.90090,-0.34780,-0.34780,-5.11580,-3.62260,0.11890,9.14430,9.84220,-1.76130,1.49670,-0.43080,-0.58520,186.83580,8.4897,6.857
2017-06-30,1202.30000,441.90000,760.40000,,-435.30000,779.90000,-19.50000,-266.60000,-286.10000,-109.60000,-176.50000,-176.50000,,-176.50000,116.20000,-19.50000,13.11660,13.11660,-13.50000,-13.50000,0.54270,0.66190,1.99230,63.24550,-1.62190,-1.62190,-23.79610,-14.68020,0.12250,7.81730,11.51290,-7.12640,6.43010,-1.79890,-2.40960,189.30670,-5.1824,-14.7616
2017-03-31,1281.40000,479.40000,802.00000,,-390.80000,746.70000,55.30010,-56.10000,-0.80000,-9.20000,8.40000,8.40000,,8.40000,182.70000,55.30010,12.13580,12.14010,0.70000,0.70000,0.71920,0.64830,1.88280,62.58780,4.31560,4.31560,-0.06240,0.65550,0.12890,8.84940,10.17010,0.32300,-0.32490,0.08450,0.11360,198.81960,14.20910,1.25200
2016-12-31,926.09990,345.30000,580.79990,,-296.20000,547.59970,33.20010,-20.80000,12.40000,-16.60000,29.00000,29.00000,,29.00000,117.90010,33.20010,9.88380,9.88720,2.90000,2.90000,0.57480,0.68430,2.20760,62.71460,3.58490,3.58490,1.33890,3.13140,0.10720,4.33570,20.75800,1.44310,-1.26720,0.33560,0.45560,182.58470,22.1636,5.6593
2016-09-30,779.80000,293.00000,486.80000,,-231.40000,421.30000,65.50000,-15.00000,50.50000,20.10000,30.40000,30.40000,,30.40000,129.90000,65.50000,9.81940,9.82840,3.10000,3.10000,0.32870,0.55210,1.24480,62.42630,8.39960,8.39960,6.47600,3.89840,0.15690,13.50510,6.66410,1.94160,-2.82480,0.61180,0.86970,160.85360,7.8677,-3.9169
2016-06-30,764.00000,297.10000,466.90000,,-220.60000,411.30000,55.60000,-15.20000,40.40000,16.40000,24.00000,24.00000,,24.00000,120.50000,55.60000,9.81940,9.83040,2.40000,2.40000,0.41180,0.55200,1.24460,61.11260,7.27750,7.27750,5.28800,3.14140,0.15440,11.36380,7.91990,1.54560,-2.19940,0.48500,0.69240,159.53460,11.2994,4.2754
2016-03-31,766.00000,296.30000,469.70000,,-220.80000,410.40000,59.30000,-12.90000,46.40000,18.10000,28.30000,28.30000,,28.30000,119.80000,59.30000,9.82000,9.82070,2.90000,2.90000,0.49100,0.55670,1.26830,61.31850,7.74150,7.74150,6.05740,3.69450,0.15530,9.00670,9.99260,1.83020,-2.57310,0.57390,0.81130,158.68780,2.33180,-2.99370
2015-12-31,783.85680,302.71100,481.14580,,-226.03900,405.81100,75.33480,-10.33400,65.00100,23.34000,41.66100,41.66100,,41.66100,138.92680,75.33480,9.79630,9.80290,4.30000,4.30000,0.58190,0.56470,1.30930,61.38190,9.61080,9.61080,8.29250,5.31490,0.15410,7.42930,12.11420,2.70750,-3.76900,0.81880,1.17870,158.18560,26.3564,14.3266
2015-09-30,688.84000,264.47000,424.37000,,-214.21100,388.83100,35.53900,-14.28100,21.25800,9.08000,12.17800,12.17800,,12.17800,93.56100,35.53900,9.79780,9.80730,1.20000,1.20000,0.62330,0.54890,1.22880,61.60650,5.15930,5.15930,3.08610,1.76790,0.14760,12.12880,7.42040,0.80440,-1.22410,0.26090,0.36280,155.63920,1.6558,-5.6616
2015-06-30,821.07900,331.22300,489.85600,,-223.15100,395.68300,94.17300,-26.90000,67.27300,23.35000,43.92300,43.92300,,43.92300,153.64800,94.17300,9.79780,9.80370,4.50000,4.50000,0.74980,0.54830,1.22560,59.66000,11.46940,11.46940,8.19320,5.34940,0.17320,10.03160,8.97160,2.88770,-4.43730,0.92680,1.30430,156.37100,17.4757,9.9806
2015-03-31,653.12400,251.59600,401.52800,,-192.19900,369.47500,32.05300,-21.98500,10.06800,3.93000,6.13800,6.13800,,6.13800,88.26400,32.05300,9.79190,9.79190,0.60000,0.60000,0.70000,0.55570,1.26660,61.47810,4.90770,4.90770,1.54150,0.93980,0.14010,13.54720,6.64340,0.41020,-0.60370,0.13160,0.18230,153.84430,2.20210,-4.90480
2014-12-31,712.15480,273.63590,438.51890,,-208.10490,377.89690,60.62200,-19.03300,41.58900,11.77000,29.81900,29.81900,,29.81900,120.37500,60.62210,9.75060,9.77000,3.10000,3.10000,0.63140,0.55370,1.25620,61.57640,8.51250,8.51250,5.83990,4.18720,0.14950,7.17520,12.54320,1.97120,-2.97420,0.62600,0.87980,155.54920,18.283,9.337
2014-09-30,633.90400,247.81700,386.08700,,-190.91000,357.57300,28.51400,-16.42800,12.08600,4.71000,7.37600,7.37600,,7.37600,81.31300,28.51400,9.75060,9.76280,0.80000,0.80000,0.73370,0.55520,1.26360,60.90620,4.49820,4.49820,1.90660,1.16360,0.13740,14.76320,6.09620,0.48880,-0.73150,0.15990,0.21740,155.18280,1.2642,-5.6765
2014-06-30,726.57300,287.56100,439.01200,,-204.43200,370.61500,68.39700,-16.89300,51.50400,20.09000,31.41400,31.41400,-0.02100,31.39300,122.27700,68.39700,9.75070,9.76280,3.20000,3.20000,0.81450,0.55340,1.25430,60.42230,9.41360,9.41360,7.08860,4.32070,0.15430,11.43310,7.87190,2.06070,-3.15630,0.66700,0.92020,156.75360,11.0446,4.967
2014-03-31,622.75800,237.22300,385.53500,,-197.91300,367.99600,17.53900,-25.48100,-7.94200,-3.10000,-4.84200,-4.84200,0.33400,-4.50800,70.92400,17.53900,9.73900,9.73900,-0.50000,-0.50000,1.08610,0.57440,1.36570,61.90770,2.81630,2.81630,-1.27530,-0.72390,0.12940,11.68050,7.70510,-0.32040,0.47900,-0.10060,-0.13640,155.38650,-0.16170,-5.88380
2013-12-31,712.97700,285.48000,427.49700,343.63000,-230.07300,393.73000,33.76700,-25.41000,8.37000,-274.24000,282.61000,282.61100,-2.99400,279.61700,80.62900,33.76700,7.80920,7.80920,35.80000,35.80000,1.28200,0.59110,1.45610,59.95990,4.73610,4.73610,1.17400,39.21820,0.14130,6.71680,13.39920,18.74740,-27.79830,5.59990,7.66630,155.02570,18.8293,8.3895
2013-09-30,695.98400,268.29000,427.69400,,-209.08000,369.84700,57.84700,-20.54500,37.30200,3.43000,33.87200,33.87200,-0.40700,33.46500,97.00300,57.84700,7.60000,7.60000,4.40000,4.40000,,,,61.45170,8.31150,8.31150,5.35960,4.80830,,,,,,,,,9.3633,0.0362
2013-06-30,762.66500,315.94500,446.72000,,-204.25300,368.87100,77.84900,-11.66100,66.18800,4.33000,61.85800,61.85800,-0.28200,61.57600,128.21900,77.84900,7.60000,7.60000,8.10000,8.10000,,,,58.57360,10.20750,10.20750,8.67850,8.07380,,,,,,,,,12.845,4.2305
2013-03-31,577.80200,214.52200,363.28000,,-180.52300,343.73800,19.54200,-31.67900,-12.13700,3.10000,-15.23700,-15.23700,4.97900,-10.25800,68.00400,19.54200,7.60000,7.60000,-1.30000,-1.30000,,,,62.87280,3.38210,3.38210,-2.10050,-1.77530,,,,,,,,,4.72130,0.20040
2012-12-31,,,,,,,,,,,,,,,,,,,,0.00000,,,,,,,,,,,,,,,,,0,0
2012-03-31,,,,,,,,,,,,,,,,,,,,0.00000,,,,,,,,,,,,,,,,,0.00000,
