Date,revenue,gross-profit,selling-general-administrative-expenses,other-operating-income-expenses,operating-income,total-non-operating-income-expense,pre-tax-income,total-provision-income-taxes,income-after-taxes,income-from-continuous-operations,net-income,ebitda,ebit,basic-shares-outstanding,shares-outstanding,eps-basic-net-earnings-per-share,eps-earnings-per-share-diluted,current-ratio,long-term-debt-capital,debt-equity-ratio,gross-margin,operating-margin,ebit-margin,pre-tax-profit-margin,net-profit-margin,asset-turnover,receiveable-turnover,days-sales-in-receivables,roe,return-on-tangible-equity,roa,roi,book-value-per-share,operating-cash-flow-per-share,free-cash-flow-per-share
2023-09-30,190.52200,190.52200,76.69600,-51.58400,50.97200,2.19200,53.16400,14.77900,38.38500,38.38500,38.38500,62.24200,53.27700,74.26170,74.69530,0.52000,0.51000,2.99590,0.07080,0.07620,100.00000,26.75390,27.96370,27.90440,20.14730,0.11870,9.31010,9.66690,3.12810,72.43270,2.39110,2.90660,16.52370,0.7187,0.7095
2023-06-30,183.23200,183.23200,80.82500,-47.34700,44.23900,0.28800,44.52700,11.65000,32.87700,32.87700,32.87700,55.06000,46.37600,73.98630,74.50520,0.44000,0.44000,2.55020,0.07320,0.07890,100.00000,24.14370,25.31000,24.30090,17.94280,0.11720,8.94600,10.06040,2.77570,423.72550,2.10230,2.57270,15.96880,0.8896,0.8863
2023-03-31,176.56200,176.56200,77.99300,-43.99100,43.80300,-19.86500,23.93800,6.71600,17.22200,17.22200,17.22200,54.57800,46.15000,73.89020,74.37040,0.23000,0.23000,2.53670,0.07530,0.08150,100.00000,24.80890,26.13810,13.55780,9.75410,0.11710,8.03800,11.19690,1.50090,-54.14510,1.14200,1.38790,15.52150,0.52610,0.52310
2022-12-31,164.13300,164.13300,76.73300,-40.66500,36.41400,0.23800,36.65200,11.05900,25.59300,25.59300,25.59300,46.73500,38.72700,73.72430,73.87280,0.35000,0.35000,2.53600,0.09050,0.09960,100.00000,22.18570,23.59490,22.33070,15.59280,0.10920,8.06670,11.15700,2.27220,-46.12520,1.70290,2.06640,15.25250,0.6046,0.5827
2022-09-30,154.66300,154.66300,69.13300,-38.61800,37.39100,0.01100,37.40200,7.29300,30.10900,30.10900,30.10900,46.91200,38.95100,73.84230,73.84470,0.41000,0.41000,3.71740,0.09390,0.10360,100.00000,24.17580,25.18440,24.18290,19.46750,0.10540,6.08770,14.78400,2.74430,-69.72250,2.05210,2.48670,14.85730,0.5446,0.5417
2022-06-30,151.20700,151.20700,67.69000,-40.90700,33.41100,-0.07800,33.33300,7.99300,25.34000,25.34000,25.34000,42.61000,34.89900,73.63160,73.69230,0.34000,0.34000,3.35130,0.09780,0.10840,100.00000,22.09620,23.08030,22.04460,16.75850,0.10550,7.51260,11.97980,2.38360,-31.91960,1.76760,2.15050,14.41610,0.4049,0.3932
2022-03-31,148.30300,148.30300,68.08200,-42.09200,29.50100,-0.12800,29.37300,7.15400,22.21900,22.21900,22.21900,38.12900,30.66000,73.57180,73.67550,0.30000,0.30000,3.05280,0.10140,0.11320,100.00000,19.89240,20.67390,19.80610,14.98220,0.10570,16.34190,5.50730,2.14730,-20.27360,1.58400,1.92960,14.06020,0.34510,0.34020
2021-12-31,143.58400,143.58400,73.70700,-40.59400,20.25010,-0.02400,20.22600,7.87500,12.35100,12.35100,12.35100,29.28310,21.20300,72.13720,72.39920,0.18000,0.17000,2.27950,0.10230,0.11390,100.00000,14.10330,14.76700,14.08650,8.60190,0.10380,9.38760,9.58710,1.22360,-9.24680,0.89280,1.09850,13.72140,0.5051,0.4932
2021-09-30,139.66700,139.66700,67.91600,-38.21300,21.82900,-0.11900,21.71000,9.46000,12.25000,12.25000,12.25000,33.53800,22.89000,72.92180,73.56680,0.17000,0.17000,2.22690,0.10390,0.11600,100.00000,15.62930,16.38900,15.54410,8.77090,0.10260,6.67310,13.48710,1.23550,-7.85740,0.90000,1.10710,13.48050,0.5379,0.5349
2021-06-30,128.04200,128.04200,60.78100,-36.68600,20.07100,0.02200,20.09300,10.10700,9.98600,9.98600,9.98600,30.57500,20.84500,71.92220,72.15510,0.14000,0.14000,5.88430,0.13680,0.15850,100.00000,15.67530,16.27980,15.69250,7.79900,0.09600,6.17840,14.56680,1.05530,-21.97860,0.74860,0.91090,13.04430,0.5304,0.5278
2021-03-31,119.00600,119.00600,89.05100,-36.77000,-17.05700,0.01500,-17.04200,-8.12600,-8.91600,-8.91600,-8.91600,-6.81500,-16.28600,70.42230,70.42230,-0.13000,-0.13000,4.04920,0.07470,0.08070,100.00000,-14.33290,-13.68500,-14.32030,-7.49210,0.09630,4.64200,19.38840,-0.95910,14.03010,-0.72170,-0.88750,12.82910,0.20810,0.20480
2020-12-31,110.92000,110.92000,63.06400,-34.71000,2.70300,-1.69100,1.01200,10.87700,-9.86500,-9.86500,-9.86500,13.14600,3.84600,67.36200,67.36200,-0.15000,-0.14000,2.68710,0.07650,0.08290,100.00000,2.43690,3.46740,0.91240,-8.89380,0.09070,6.34300,14.18890,-1.09000,11.02100,-0.80620,-1.00660,12.49080,0.3659,0.3555
2020-09-30,107.13800,107.13800,62.38500,-33.86700,0.87200,0.01500,0.88700,-7.71000,8.59700,8.59700,8.59700,10.88600,2.21600,67.28200,70.06870,0.13000,0.12000,4.13890,0.11920,0.13530,100.00000,0.81390,2.06840,0.82790,8.02420,0.08500,4.68790,19.19820,0.95400,-9.05970,0.68180,0.84030,12.43830,0.3374,0.3152
2020-06-30,99.13100,99.13100,61.90700,-30.51700,-3.51400,0.03900,-3.47500,5.80500,-9.28000,-9.28000,-9.28000,6.70700,-2.04000,67.20880,67.20880,-0.14000,-0.14000,3.84670,0.12170,0.13860,100.00000,-3.54480,-2.05790,-3.50550,-9.36140,0.08010,9.24300,9.73710,-1.05520,7.86130,-0.75010,-0.92680,12.14860,0.3056,0.3011
2020-03-31,114.89000,114.89000,66.69300,-36.30400,1.85700,-0.05000,1.80700,-0.92900,2.73600,2.73600,2.73600,11.89300,3.48400,67.14250,69.31730,0.04000,0.04000,3.55590,0.12220,0.13920,100.00000,1.61630,3.03250,1.57280,2.38140,0.09310,6.35560,14.16080,0.31280,-2.20780,0.22180,0.27450,12.08430,0.13340,0.12740
2019-12-31,111.00800,111.00800,65.65000,-34.11100,1.22100,,1.22100,3.96100,-2.74000,-2.74000,-2.74000,11.24700,2.92300,66.29860,66.29860,-0.05000,-0.05000,3.19540,0.12410,0.14170,100.00000,1.09990,2.63320,1.09990,-2.46830,0.09340,8.11880,11.08540,-0.31900,2.27640,-0.23050,-0.27940,11.86440,0.3607,0.3517
2019-09-30,110.13100,110.13100,61.80500,-35.08800,3.20300,-2.29600,0.90700,4.63500,-3.72800,-3.72800,-3.72800,13.23800,5.71500,69.27500,69.27500,-0.05000,-0.05000,2.76560,0.12550,0.14350,100.00000,2.90840,5.18930,0.82360,-3.38510,0.09450,9.54760,9.42650,-0.43980,2.84750,-0.31990,-0.38460,11.70770,0.3566,0.3499
2019-06-30,104.48300,104.48300,53.09300,-33.22000,6.52600,,6.52600,3.28900,3.23700,3.23700,3.23700,18.17000,10.55700,66.15000,66.15000,0.05000,0.05000,2.56130,0.25310,0.34130,100.00000,6.24600,10.10400,6.24600,3.09810,0.09070,7.67190,11.73120,0.45240,-1.22420,0.28110,0.33790,10.81650,0.0716,0.0603
2019-03-31,92.31400,92.31400,46.56300,-28.58000,6.25100,,6.25100,3.44000,2.81100,2.81100,2.81100,17.17100,10.27500,66.15000,66.15000,0.04000,0.04000,,,,100.00000,6.77150,11.13050,6.77150,3.04500,,,,,,,,,0.04190,0.04050
2018-12-31,,,,,,,,,,,,,,,,,0.00000,,,,,,,,,,,,,,,,,-0.6336,-0.6214
2018-09-30,92.91200,92.91200,41.09400,-29.95700,15.29700,,15.29700,4.94300,10.35400,10.35400,10.35400,21.86200,15.29700,66.15000,66.15000,0.16000,0.16000,,,,100.00000,16.46400,16.46400,16.46400,11.14390,,,,,,,,,0.3556,0.3486
2018-06-30,88.77700,88.77700,39.31400,-29.16300,13.60200,,13.60200,4.33700,9.26500,9.26500,9.26500,13.60200,13.60200,66.15000,66.15000,0.14000,0.14000,,,,100.00000,15.32150,15.32150,15.32150,10.43630,,,,,,,,,0.278,0.2728
2017-12-31,,,,,,,,,,,,,,,,,0.00000,,,,,,,,,,,,,,,,,0,0
