Date,revenue,cost-goods-sold,gross-profit,research-development-expenses,selling-general-administrative-expenses,operating-expenses,operating-income,total-non-operating-income-expense,pre-tax-income,total-provision-income-taxes,income-after-taxes,income-from-continuous-operations,net-income,ebitda,ebit,basic-shares-outstanding,shares-outstanding,eps-basic-net-earnings-per-share,eps-earnings-per-share-diluted,current-ratio,gross-margin,operating-margin,ebit-margin,pre-tax-profit-margin,net-profit-margin,asset-turnover,inventory-turnover,receiveable-turnover,days-sales-in-receivables,roe,return-on-tangible-equity,roa,roi,book-value-per-share,operating-cash-flow-per-share,free-cash-flow-per-share
2023-09-30,102.69300,5.21800,97.47500,30.03700,48.71800,78.75500,18.72000,3.69100,22.41100,1.51800,20.89300,20.89300,20.89300,16.54000,18.72000,67.41500,69.74900,0.31000,0.30000,9.51640,94.91880,18.22910,18.22910,21.82330,20.34510,0.22010,0.16120,3.49860,25.72490,4.99350,4.99350,4.47790,4.99350,6.19810,-0.0738,-0.079
2023-06-30,98.21600,5.58000,92.63600,29.04400,43.39100,72.43500,20.20100,3.80600,24.00700,1.93300,22.07400,22.07400,22.07400,18.49900,20.20100,67.23400,70.13200,0.33000,0.31000,6.66950,94.31860,20.56790,20.56790,24.44310,22.47500,0.21650,0.22450,2.93420,30.67290,5.71330,5.71330,4.86650,5.71330,5.73630,0.122,0.118
2023-03-31,71.42800,5.28300,66.14500,24.19200,44.00600,68.19800,-2.05300,3.45600,1.40300,-0.17000,1.57300,1.57300,1.57300,-4.75200,-2.05300,66.71700,70.86400,0.02000,0.02000,7.53750,92.60370,-2.87420,-2.87420,1.96420,2.20220,0.17510,0.40410,4.06880,22.11950,0.44610,0.44610,0.38560,0.44610,5.25590,-0.07160,-0.07510
2022-12-31,21.88500,2.82100,19.06400,22.81300,40.84400,63.65700,-44.59300,2.46800,-42.12500,0.57900,-42.70400,-42.70400,-42.70400,-46.27100,-44.59300,58.49600,58.49600,-0.61000,-0.61000,8.19870,87.10990,-203.76050,-203.76050,-192.48340,-195.12910,0.05590,0.28880,1.42980,62.94450,-12.53760,-12.53760,-10.90910,-12.53760,5.12100,-0.851,-0.8616
2022-09-30,0.34500,0.17200,0.17300,24.91400,29.94000,54.85400,-54.68100,0.80000,-53.88100,-0.12500,-53.75600,-53.75600,-53.75600,-54.60500,-54.68100,58.53300,58.53300,-0.92000,-0.92000,5.27460,50.14490,-15849.57000,-15849.57000,-15617.68000,-15581.45000,0.00190,0.30550,2.51820,35.73910,-37.32330,-37.32330,-29.62690,-37.32330,2.46060,-0.7294,-0.7371
2022-06-30,,,,24.25900,29.99400,,-54.25300,0.36000,-53.89300,0.17400,-54.06700,-54.06700,-54.06700,-54.25700,-54.25300,58.27600,58.27600,-0.93000,-0.93000,7.95680,,,,,,,,,,-28.04470,-28.04470,-24.00420,-28.04470,3.29370,-0.7071,-0.7254
2022-03-31,,,,21.46400,26.35000,,-47.81400,0.11200,-47.70200,0.14600,-47.84800,-47.84800,-47.84800,-47.77700,-47.81400,51.60400,51.60400,-0.93000,-0.93000,9.58230,,,,,,,,,,-19.85840,-19.85840,-17.43490,-19.85840,4.16400,-0.78740,-0.79400
2021-12-31,,,,13.39400,14.92100,,-28.31500,-0.02900,-28.34400,0.00000,-28.34400,-28.34400,-28.34400,-28.19500,-28.31500,6.58600,6.58600,-4.19000,-4.19000,6.03310,,,,,,,,,,18.75000,-32.14230,-26.83740,-32.14230,12.56170,-4.4674,-4.4963
2021-09-30,0.28500,,0.28500,12.85300,10.35000,,-22.91800,-0.22400,-23.14200,,-23.14200,-23.14200,-23.14200,-22.88500,-22.91800,6.75700,6.75700,-3.42000,-3.42000,,100.00000,-8041.40300,-8041.40300,-8120.00000,-8120.00000,,,,,,,,,,-2.897,-2.9196
2021-06-30,,,,10.92900,7.65800,,-18.58700,-3.33500,-21.92200,,-21.92200,-21.92200,-21.92200,-18.57700,-18.58700,6.43400,6.43400,-3.41000,-3.41000,,,,,,,,,,,,,,,,-1.9652,-1.965
2021-03-31,,,,6.86400,6.00400,,-12.86800,-1.65500,-14.52300,,-14.52300,-14.52300,-14.52300,-12.85800,-12.86800,6.23500,6.23500,-2.33000,-2.33000,,,,,,,,,,,,,,,,-2.02770,-2.03000
2020-12-31,,,,,,,,,,,,,,,,,,,0.00000,,,,,,,,,,,,,,,,0,0
