Date,revenue,cost-goods-sold,gross-profit,research-development-expenses,selling-general-administrative-expenses,operating-expenses,operating-income,total-non-operating-income-expense,pre-tax-income,total-provision-income-taxes,income-after-taxes,income-from-continuous-operations,net-income,ebitda,ebit,basic-shares-outstanding,shares-outstanding,eps-basic-net-earnings-per-share,eps-earnings-per-share-diluted,current-ratio,long-term-debt-capital,debt-equity-ratio,gross-margin,operating-margin,ebit-margin,pre-tax-profit-margin,net-profit-margin,asset-turnover,receiveable-turnover,days-sales-in-receivables,roe,return-on-tangible-equity,roa,roi,book-value-per-share,operating-cash-flow-per-share,free-cash-flow-per-share
2024-03-31,466.60500,68.66700,397.93800,128.81100,219.64300,354.59900,43.33900,-2.38100,40.95800,6.18000,34.77800,34.77800,34.77800,84.53900,43.33900,87.06700,87.78000,0.40000,0.40000,2.80390,0.12230,0.13940,85.28370,9.28820,9.28820,8.77790,7.45340,0.06530,0.51240,175.63160,0.64290,4.31810,0.48640,0.56420,61.96900,3.22190,3.10180
2023-12-31,805.10790,70.04900,735.05890,126.28800,269.85700,402.05900,332.99990,-8.22800,324.77200,50.01000,274.76200,274.76200,274.76200,372.37700,333.00000,86.83300,87.38600,3.16000,3.14000,2.30470,0.12270,0.13990,91.29940,41.36090,41.36090,40.33890,34.12740,0.10990,0.67700,132.93370,5.09730,36.68030,3.75210,4.47190,62.02520,2.6629,2.5624
2023-09-30,458.79500,65.25700,393.53800,123.22300,194.55200,323.72200,69.81600,-7.27100,62.54500,7.04300,55.50200,55.50200,55.50200,110.57400,69.81600,86.81700,87.38100,0.64000,0.64000,2.43130,0.13090,0.15060,85.77640,15.21730,15.21730,13.63250,12.09730,0.06870,0.50810,177.13520,1.10850,14.29460,0.83170,0.96350,57.65680,1.8318,1.7805
2023-06-30,496.59900,68.34000,428.25900,125.02300,202.14200,332.63500,95.62400,-11.64100,83.98300,14.45700,69.52600,69.52600,69.52600,134.00200,95.62400,86.69600,87.19200,0.80000,0.80000,2.19660,0.13300,0.15340,86.23840,19.25580,19.25580,16.91160,14.00040,0.07520,0.53040,169.67430,1.41470,29.17850,1.05260,1.22660,56.64310,0.7292,0.67
2023-03-31,509.44700,67.65200,441.79500,120.33500,188.58400,314.10000,127.69500,-6.85700,120.83800,20.21600,100.62200,100.62200,100.62200,165.20000,127.69500,86.93000,87.43100,1.16000,1.15000,2.12640,0.13610,0.15760,86.72050,25.06540,25.06540,23.71940,19.75120,0.07860,0.58140,154.79530,2.10410,57.68850,1.55260,1.81770,55.18560,2.98250,2.90370
2022-12-31,694.11500,61.42700,632.68800,111.39000,257.45000,372.58710,260.10090,-3.69000,256.41100,-1.53600,257.94700,257.94700,257.94700,293.78990,260.10100,87.05100,87.49000,2.97000,2.95000,2.09370,0.13410,0.15490,91.15030,37.47230,37.47230,36.94070,37.16200,0.10380,0.66130,136.08600,5.30120,64.74570,3.85690,4.59030,55.96150,1.9842,1.8798
2022-09-30,472.51100,61.96700,410.54400,108.05600,175.28300,287.16000,123.38400,-5.40300,117.98100,22.00600,95.97500,95.97500,95.97500,157.59300,123.38400,87.06300,87.41800,1.10000,1.10000,2.37810,0.14220,0.16580,86.88560,26.11240,26.11240,24.96890,20.31170,0.07670,0.57820,155.64840,2.11230,35.28180,1.55760,1.81180,52.17350,1.4503,1.3913
2022-06-30,473.85000,62.48700,411.36300,108.94100,170.38300,283.35300,128.01000,-5.11600,122.89400,24.09400,98.80000,98.80000,98.80000,162.76300,128.01000,87.00100,87.32100,1.14000,1.13000,2.12460,0.14470,0.16920,86.81290,27.01490,27.01490,25.93520,20.85050,0.07740,0.58530,153.76830,2.21890,86.26580,1.61480,1.89780,51.17050,1.374,1.3165
2022-03-31,425.07700,64.76000,360.31700,105.27400,169.75500,279.15400,81.16300,-3.13400,78.02900,7.04100,70.98800,70.98800,70.98800,115.79600,81.16300,87.12200,87.75000,0.81000,0.81000,2.28460,0.14580,0.17270,84.76510,19.09370,19.09370,18.35640,16.70000,0.07020,0.53660,167.71120,1.62670,31.55090,1.17270,1.38960,50.17070,2.40380,2.34610
2021-12-31,655.66700,68.97700,586.68990,101.48900,243.38400,347.84210,238.84790,-3.87500,234.97300,31.80200,203.17100,203.17100,203.17100,270.51190,238.84780,87.10000,88.10200,2.33000,2.31000,2.10480,0.14390,0.16810,89.47990,36.42820,36.42820,35.83730,30.98690,0.10370,0.67560,133.22180,4.53100,65.19040,3.21250,3.87910,51.49400,1.1577,1.102
2021-09-30,441.16800,62.74600,378.42200,102.02300,165.36800,270.79400,107.62800,-3.73000,103.89800,18.55600,85.34200,85.34200,85.34200,139.77800,107.62800,87.23900,88.16900,0.98000,0.97000,2.92570,0.14790,0.17360,85.77730,24.39620,24.39620,23.55070,19.34460,0.07380,0.65330,137.76790,1.96670,14.96300,1.42840,1.67580,49.75510,1.7859,1.7034
2021-06-30,446.65400,64.15800,382.49600,100.87900,160.41000,265.72300,116.77300,12.08700,128.86000,35.14400,93.71600,93.71600,93.71600,149.23800,116.77300,87.16800,88.05300,1.08000,1.06000,2.72490,0.15060,0.17720,85.63590,26.14400,26.14400,28.85010,20.98180,0.07580,0.67250,133.82630,2.20500,20.82190,1.59090,1.87300,48.74050,1.3486,1.2828
2021-03-31,363.22600,62.10300,301.12300,100.47900,146.21500,251.10100,50.02200,-2.39900,47.62300,-24.77500,72.39800,72.39800,72.39800,82.80300,50.02200,86.80800,87.98600,0.83000,0.82000,2.66160,0.16180,0.19410,82.90240,13.77160,13.77160,13.11110,19.93190,0.06240,0.53970,166.75790,1.76070,18.19830,1.24440,1.47590,47.18920,1.94470,1.88740
2020-12-31,623.68600,67.90300,555.78300,96.51000,195.84500,296.39190,259.39110,-1.51900,257.87200,42.24000,215.63200,215.63200,215.63200,288.10410,259.39110,85.84000,87.28800,2.50000,2.46000,2.35890,0.16300,0.19480,89.11260,41.59000,41.59000,41.34650,34.57380,0.10500,0.77370,116.32090,5.26200,59.12570,3.62980,4.40430,47.33430,1.9876,1.8598
2020-09-30,366.96500,53.38500,313.58000,86.61600,132.64200,223.49500,90.08500,0.05900,90.14400,14.51700,75.62700,75.62700,75.62700,116.04600,90.08500,85.79800,87.22400,0.88000,0.87000,2.59630,0.10560,0.11810,85.45230,24.54870,24.54870,24.56470,20.60880,0.07570,0.59810,150.46690,2.10680,12.13450,1.56050,1.88440,41.81070,1.0732,0.991
2020-06-30,385.66100,53.86000,331.80100,86.13300,128.69800,218.99400,112.80700,-0.22200,112.58500,16.02100,96.56400,96.56400,96.56400,138.60200,112.80700,85.65100,86.93400,1.13000,1.11000,2.38000,0.10970,0.12320,86.03440,29.25030,29.25030,29.19270,25.03860,0.08250,0.70210,128.18420,2.80870,20.03170,2.06690,2.50050,40.09950,1.5222,1.4069
2020-03-31,304.98500,50.11600,254.86900,86.11200,130.52200,220.79600,34.07300,-0.74900,33.32400,-12.74000,46.06400,46.06400,46.06400,59.85000,34.07300,85.79800,87.36900,0.54000,0.53000,2.40290,0.11400,0.12870,83.56770,11.17200,11.17200,10.92640,15.10370,0.06740,0.53260,168.99290,1.39910,10.57650,1.01770,1.23960,38.46830,1.68720,1.60730
2019-12-31,486.22790,49.59600,436.63190,,167.93700,250.91600,185.71590,-0.56900,185.14700,19.29500,165.85200,165.85200,165.85200,208.56290,185.71600,84.25900,85.92500,1.96000,1.92000,2.23770,0.10920,0.14440,89.79990,38.19520,38.19530,38.07820,34.10990,0.10050,0.71180,126.44030,4.80260,29.43830,3.42750,4.27790,40.28020,1.6136,1.3913
2019-09-30,343.89900,41.36500,302.53400,73.01800,120.68200,197.48700,105.04700,3.78200,108.82900,19.36600,89.46300,89.46300,89.46300,124.68700,105.04700,84.10900,85.73300,1.06000,1.04000,2.54570,,,87.97180,30.54590,30.54590,31.64560,26.01430,0.09600,0.72660,123.87110,3.06030,10.11930,2.49760,3.06030,34.73370,1.3958,1.2933
2019-06-30,368.63500,40.49700,328.13800,75.30200,120.41200,199.51000,128.62800,1.31300,129.94100,20.19100,109.75000,109.75000,109.75000,147.21800,128.62800,83.97800,85.48300,1.31000,1.28000,2.24130,,,89.01430,34.89310,34.89310,35.24920,29.77200,0.10490,0.73480,122.47460,3.89560,14.45060,3.12430,3.89560,33.52360,1.0359,0.9184
2019-03-31,317.13000,34.81500,282.31500,70.73800,112.16900,186.66600,95.64900,3.01700,98.66600,12.43600,86.23000,86.23000,86.23000,113.54700,95.64900,83.76400,85.49300,1.03000,1.01000,2.11120,,,89.02190,30.16080,30.16080,31.11220,27.19070,0.09400,0.69670,129.17880,3.21230,13.10830,2.55700,3.21230,32.00340,1.77300,1.69230
2018-12-31,415.43210,40.08900,375.34310,117.91500,133.13700,195.40700,179.93600,5.12600,185.06200,31.89900,153.16300,153.16300,153.16300,191.85000,179.93600,83.97300,85.91300,1.83000,1.78000,2.49860,,,90.35000,43.31300,43.31300,44.54690,36.86840,0.12720,0.77820,115.64630,5.78070,17.68990,4.68970,5.78070,31.68030,1.5367,1.4353
2018-09-30,289.41800,36.30800,253.11000,,97.57600,160.08600,93.02400,2.23900,95.26300,5.92700,89.33600,89.33600,89.33600,106.62700,93.02400,84.15800,86.04300,1.06000,1.04000,2.71420,,,87.45480,32.14180,32.14180,32.91540,30.86750,0.09470,0.72690,123.82040,3.50540,11.85750,2.92320,3.50540,30.33190,1.2761,1.2027
2018-06-30,305.91300,40.45000,265.46300,58.35700,95.05800,156.91000,108.55300,1.16900,109.72200,17.12600,92.59600,92.59600,92.59600,125.67800,108.55300,84.10500,85.98600,1.10000,1.08000,2.62750,,,86.77730,35.48490,35.48490,35.86710,30.26870,0.10000,0.68460,131.45560,3.69280,13.18000,3.02770,3.69280,29.76340,1.2952,1.2508
2018-03-31,282.87300,39.03800,243.83500,57.53000,87.80900,148.77400,95.06100,1.97700,97.03800,12.75800,84.28000,84.28000,84.28000,111.67400,95.06100,83.93100,86.15200,1.00000,0.98000,3.00240,,,86.19950,33.60550,33.60550,34.30440,29.79430,0.09560,0.64650,139.21620,3.50090,9.56090,2.84810,3.50090,28.68160,1.53710,1.50300
2017-12-31,302.33600,40.81200,261.52400,49.22200,108.15700,160.84500,100.67900,1.65100,102.33000,49.74500,52.58500,52.58500,52.58500,118.41800,100.67900,84.98800,86.85400,0.62000,0.60000,2.08740,,,86.50110,33.30040,33.30040,33.84640,17.39290,0.10280,0.77830,115.64320,2.34140,7.41000,1.78760,2.34140,26.67510,1.1479,1.0985
2017-09-30,275.58500,35.98300,239.60200,50.14400,80.01500,133.41900,106.18300,1.74200,107.92500,34.29500,73.63000,73.63000,73.63000,123.11300,106.18300,84.77400,86.58800,0.87000,0.85000,2.42100,,,86.94310,38.53000,38.53000,39.16220,26.71770,0.09680,1.00200,89.82170,3.21910,9.45410,2.58710,3.21910,26.96150,1.0362,0.9514
2017-06-30,263.92400,36.33800,227.58600,49.00200,77.05100,129.19200,98.39400,1.47800,99.87200,30.14200,69.73000,69.73000,69.73000,114.81200,98.39400,85.16700,86.89500,0.82000,0.80000,2.22550,,,86.23160,37.28120,37.28120,37.84120,26.42050,0.09560,0.93520,96.23160,3.18490,10.06480,2.52560,3.18490,25.84510,1.2965,1.2567
2017-03-31,253.40500,37.03100,216.37400,54.37800,73.41700,130.90200,85.47200,0.09500,85.56700,22.26100,63.30600,63.30600,63.30600,102.06300,85.47200,85.45600,87.22400,0.74000,0.73000,2.23570,,,85.38660,33.72940,33.72940,33.76690,24.98210,0.09070,0.80320,112.05840,2.86270,8.95490,2.26520,2.86270,25.88030,1.44330,1.39680
2016-12-31,270.62800,38.97800,231.65000,45.56000,85.95000,134.68400,96.96600,1.10000,98.06600,28.08300,69.98300,69.98300,69.98300,114.23300,96.96600,87.22700,88.96900,0.82000,0.80000,2.16920,,,85.59720,35.83000,35.83000,36.23650,25.85950,0.09660,0.78090,115.24560,3.16890,10.01800,2.49890,3.16890,25.77260,1.1052,1.058
2016-09-30,245.86200,35.58600,210.27600,45.41800,61.53700,110.17700,100.09900,0.89400,100.99300,31.43600,69.55700,69.55700,69.55700,117.54300,100.09900,86.95900,88.67600,0.80000,0.78000,2.42090,,,85.52600,40.71350,40.71350,41.07710,28.29110,0.09000,0.93880,95.86320,3.11950,9.77660,2.54750,3.11950,25.80420,0.9663,0.9415
2016-06-30,246.06900,37.01100,209.05800,47.44300,64.25900,114.90300,94.15500,1.32300,95.47800,25.85000,69.62800,69.62800,69.62800,111.59900,94.15500,87.63800,89.30500,0.79000,0.78000,2.37270,,,84.95910,38.26370,38.26370,38.80130,28.29610,0.08960,0.92520,97.28140,3.11410,9.86890,2.53410,3.11410,25.65300,0.813,0.775
2016-03-31,225.90600,35.28500,190.62100,44.67200,57.76900,105.59900,85.02200,0.75600,85.77800,29.31000,56.46800,56.46800,56.46800,102.45400,85.02200,88.11400,90.08400,0.64000,0.63000,2.35600,,,84.38070,37.63600,37.63600,37.97070,24.99620,0.08190,0.88660,101.51200,2.52780,8.18260,2.04680,2.52780,25.39280,1.22910,1.19920
2015-12-31,251.64700,36.99200,214.65500,41.39200,71.96300,117.71200,96.94300,0.85700,97.80000,29.77900,68.02100,68.02100,68.02100,115.83100,96.94300,89.56100,91.50200,0.77000,0.75000,2.22340,,,85.30010,38.52340,38.52340,38.86400,27.03030,0.09220,0.86240,104.36480,3.09970,10.60300,2.49170,3.09970,24.89710,1.2855,1.2267
2015-09-30,237.84000,36.58100,201.25900,44.78400,61.36700,111.07600,90.18300,0.19600,90.37900,24.34600,66.03300,66.03300,66.03300,109.83000,90.18300,89.69400,91.59300,0.74000,0.72000,2.53730,,,84.61950,37.91750,37.91750,37.99990,27.76360,0.08800,0.99250,90.67740,2.98580,10.25640,2.44420,2.98580,24.84580,0.8522,0.8184
2015-06-30,235.48500,37.78500,197.70000,42.64600,63.52400,111.20500,86.49500,0.76400,87.25900,24.92400,62.33500,62.33500,62.33500,106.20200,86.49500,89.86600,91.72600,0.69000,0.68000,2.58040,,,83.95440,36.73060,36.73060,37.05500,26.47090,0.08580,0.95380,94.36270,2.78120,8.95190,2.27000,2.78120,24.88930,0.7296,0.6852
2015-03-31,217.78100,35.88800,181.89300,40.00900,56.74900,101.83500,80.05800,1.26900,81.32700,25.19500,56.13200,56.13200,56.13200,99.48600,80.05800,90.05900,92.14000,0.62000,0.61000,2.31760,,,83.52110,36.76080,36.76080,37.34350,25.77450,0.08120,0.87530,102.82090,2.60930,9.49070,2.09360,2.60930,23.97570,1.23860,1.19920
2014-12-31,254.37500,39.76900,214.60600,42.17000,72.37400,120.55800,94.04800,-0.16700,93.88100,24.24800,69.63300,69.63300,69.63300,114.74900,94.04800,92.06700,94.19400,0.77000,0.73000,2.32720,,,84.36600,36.97220,36.97220,36.90650,27.37420,0.09240,0.86660,103.85580,3.14020,10.77900,2.52950,3.14020,24.43120,0.9701,0.9134
2014-09-30,234.00000,37.19400,196.80600,41.03300,58.17200,105.99800,90.80800,0.11100,90.91900,25.44000,65.47900,65.47900,65.47900,112.15900,90.80800,91.87500,93.90500,0.71000,0.70000,2.63950,0.01400,0.01420,84.10510,38.80680,38.80680,38.85430,27.98250,0.08390,1.01160,88.97000,2.90280,9.85460,2.34770,2.86220,24.56810,0.8789,0.7856
2014-06-30,232.37500,38.67800,193.69700,42.09800,62.28000,110.16500,83.53200,0.35000,83.88200,20.84600,63.03600,63.03600,63.03600,103.94600,83.53200,92.31400,94.33800,0.68000,0.67000,2.38160,0.01310,0.01330,83.35540,35.94710,35.94710,36.09770,27.12680,0.08300,0.90500,99.44640,2.83980,10.42990,2.25190,2.80240,24.15530,0.8552,0.772
2014-03-31,215.27100,37.74500,177.52600,40.12000,53.55000,98.46400,79.06200,0.39500,79.45700,22.91500,56.54200,56.54200,56.54200,98.52000,79.06200,92.48300,94.94900,0.61000,0.60000,2.56310,0.01070,0.01080,82.46630,36.72670,36.72670,36.91020,26.26550,0.07710,0.85240,105.58590,2.56000,8.58070,2.02430,2.53270,23.83910,1.38640,1.34330
2013-12-31,236.02000,38.60900,197.41100,37.88000,62.28700,105.15900,92.25200,0.31300,92.56500,16.63600,75.92900,75.92900,75.92900,111.69000,92.25200,92.69100,95.13900,0.83000,0.79000,2.42400,0.00840,0.00850,83.64160,39.08650,39.08650,39.21920,32.17060,0.08670,0.79050,113.85520,3.55430,12.88780,2.78910,3.52440,23.14010,0.8965,0.7417
2013-09-30,212.65800,35.16900,177.48900,38.88200,51.34500,95.85200,81.63700,0.07300,81.71000,19.28000,62.43000,62.43000,62.43000,101.51500,81.63700,92.54100,95.26500,0.67000,0.66000,2.48080,0.00530,0.00540,83.46220,38.38890,38.38890,38.42320,29.35700,0.08120,0.93040,96.73170,2.98950,11.84200,2.38440,2.97350,22.53920,0.6824,0.6252
2013-06-30,214.85000,36.68000,178.17000,38.67000,55.26200,99.74500,78.42500,0.20000,78.62500,22.68000,55.94500,55.94500,55.94500,99.12700,78.42500,92.86000,95.04000,0.60000,0.59000,2.15070,0.00310,0.01640,82.92760,36.50220,36.50220,36.59530,26.03910,0.08340,0.91370,98.50240,2.80030,13.14590,2.17170,2.79150,21.63240,0.9183,0.8699
2013-03-31,197.73200,36.23400,161.49800,36.00700,50.01300,91.94900,69.54900,0.04000,69.58900,18.56600,51.02300,51.02300,51.02300,90.23200,69.54900,92.90800,95.16600,0.55000,0.54000,2.22180,,0.01320,81.67520,35.17340,35.17340,35.19360,25.80410,0.07610,0.74870,120.20680,2.54370,12.03620,1.96260,2.54370,21.52750,1.00280,0.95990
2012-12-31,220.74800,36.68100,184.06700,34.20600,61.75400,102.42800,81.63900,-0.08500,81.55400,25.49100,56.06300,56.06300,56.06300,103.39200,81.63900,92.62200,94.95400,0.61000,0.59000,1.91320,,0.02740,83.38330,36.98290,36.98290,36.94440,25.39680,0.08470,0.70560,127.55690,2.88940,16.59300,2.15010,2.88940,20.93850,0.7278,0.664
2012-09-30,196.90900,33.75600,163.15300,33.50600,49.19500,89.50100,73.65200,-0.21300,73.43900,21.82000,51.61900,51.61900,51.61900,95.40400,73.65200,92.44800,94.75500,0.56000,0.54000,1.82260,,0.04200,82.85710,37.40410,37.40410,37.29590,26.21470,0.07700,0.79050,113.85370,2.72180,18.78390,2.01770,2.72180,20.48220,0.7456,0.7078
2012-06-30,195.01600,34.73700,160.27900,33.41500,48.98000,89.14500,71.13400,0.12500,71.25900,20.99700,50.26200,50.26200,50.26200,92.33900,71.13400,92.62600,94.92800,0.54000,0.53000,1.81320,0.01440,0.05840,82.18760,36.47600,36.47600,36.54010,25.77330,0.07760,0.71920,125.14740,2.76040,20.59430,1.99990,2.72070,19.72280,0.7911,0.69
2012-03-31,185.34500,34.34200,151.00300,31.50100,45.24900,83.17500,67.82800,-0.53300,67.29500,21.75600,45.53900,45.53900,45.53900,88.54000,67.82800,92.81700,95.19000,0.49000,0.48000,1.81790,0.01440,0.06420,81.47130,36.59550,36.59550,36.30800,24.56990,0.07360,0.72640,123.90180,2.50090,20.18200,1.80920,2.46490,19.56580,0.87820,0.82840
2011-12-31,198.20900,33.34200,164.86700,29.75100,56.57100,91.72400,73.14300,-0.02300,73.12000,25.66300,47.45700,47.45700,47.45700,92.18200,73.14300,92.12000,94.38100,0.52000,0.50000,1.68670,0.02940,0.07270,83.17840,36.90200,36.90190,36.89040,23.94290,0.08100,0.79960,112.56210,2.70490,32.57670,1.93820,2.62540,18.93620,0.824,0.7228
2011-09-30,172.93500,31.02700,141.90800,28.89900,43.18000,76.57900,65.32900,0.11400,65.44300,19.89700,45.54600,45.54600,45.54600,82.42000,65.32900,92.27700,94.44500,0.49000,0.48000,1.68630,0.04500,0.08160,82.05860,37.77660,37.77660,37.84250,26.33710,0.07370,0.86780,103.70800,2.69020,68.49010,1.93990,2.56920,18.33280,0.6971,0.6452
2011-06-30,162.25800,28.06300,134.19500,25.18200,40.13000,69.38200,64.81300,-0.17000,64.64300,19.21200,45.43100,45.43100,45.43100,79.80700,64.81300,91.94000,94.18800,0.49000,0.48000,2.45860,0.06090,0.09070,82.70470,39.94440,39.94440,39.83960,27.99920,0.07250,0.79790,112.80260,2.76970,13.08030,2.03000,2.60110,17.79760,0.8376,0.7924
2011-03-31,158.04700,26.58200,131.46500,24.69800,40.47600,69.19100,62.27400,-0.62200,61.65200,19.41100,42.24100,42.24100,42.24100,77.10500,62.27400,91.76700,94.17100,0.46000,0.45000,2.37420,0.06900,0.09780,83.18100,39.40220,39.40220,39.00870,26.72690,0.07260,0.72670,123.85330,2.67920,15.42210,1.93910,2.49420,17.18140,0.90110,0.86560
2010-12-31,166.57300,26.80700,139.76600,23.31700,46.93500,74.38100,65.38500,0.48300,65.86800,16.72800,49.14000,49.14000,49.14000,80.79400,65.38510,90.68400,93.20900,0.54000,0.52000,2.29510,0.07700,0.10430,83.90680,39.25310,39.25310,39.54300,29.50060,0.07830,0.74360,121.03120,3.21190,22.69470,2.31040,2.96470,16.69370,-0.271,-0.3258
2010-09-30,139.84300,25.27900,114.56400,21.69600,36.95400,62.68700,51.87700,-0.98500,50.89200,14.76200,36.13000,36.13000,36.13000,67.02900,51.87700,90.88000,93.21200,0.40000,0.39000,1.93050,0.08650,0.11290,81.92330,37.09660,37.09660,36.39220,25.83610,0.06600,0.81910,109.87690,2.47440,26.81620,1.70550,2.26050,16.05560,0.7743,0.7236
2010-06-30,137.76700,24.14000,113.62700,21.39000,35.97900,61.24400,52.38300,-0.68400,51.69900,16.20600,35.49300,35.49300,35.49300,67.43200,52.38300,90.61400,93.14600,0.39000,0.38000,2.11790,0.09590,0.12140,82.47770,38.02290,38.02290,37.52640,25.76310,0.07050,0.94850,94.88980,2.53060,49.34650,1.81680,2.28780,15.45340,0.6433,0.6159
2010-03-31,136.05300,24.65300,111.40000,22.58700,35.22800,61.77700,49.62300,-1.68800,47.93500,15.56600,32.36900,32.36900,32.36900,64.83900,49.62300,89.96400,92.77400,0.36000,0.35000,2.03370,0.11710,0.15110,81.87990,36.47330,36.47330,35.23260,23.79150,0.06960,0.84400,106.63430,2.38180,225.50500,1.65610,2.10280,15.03610,0.64380,0.62370
2009-12-31,150.36200,25.66100,124.70100,20.45500,39.15000,64.34500,60.35600,-1.52000,58.83600,21.20600,37.63000,37.63000,37.63000,76.59100,60.35600,88.48600,91.78500,0.42000,0.41000,1.93240,0.13150,0.17170,82.93390,40.14050,40.14050,39.12960,25.02630,0.07830,0.97750,92.06920,2.86680,-77.57810,1.95970,2.48990,14.63750,0.4871,0.4666
2009-09-30,128.18700,23.88900,104.29800,19.46200,31.71900,56.66600,47.63200,-1.83400,45.79800,15.26900,30.52900,30.52900,30.52900,63.79900,47.63200,88.28400,91.64000,0.35000,0.33000,1.76280,0.14040,0.18470,81.36400,37.15820,37.15820,35.72750,23.81600,0.06920,1.08760,82.74940,2.42860,-25.02500,1.64780,2.08760,14.19090,0.3652,0.3446
2009-06-30,122.02600,24.05800,97.96800,19.90900,32.57000,57.30800,40.66000,-3.39800,37.26200,10.12500,27.13700,27.13700,27.13700,56.62900,40.66000,87.72600,91.04800,0.31000,0.30000,1.50710,0.14920,0.19740,80.28450,33.32080,33.32080,30.53610,22.23870,0.06650,0.94980,94.76160,2.24510,-14.79000,1.47880,1.91020,13.73960,0.484,0.4702
2009-03-31,116.31000,23.62800,92.68200,20.03000,33.82500,57.85300,34.82900,-3.19600,31.63300,10.53800,21.09500,21.09500,21.09500,50.64400,34.82900,88.86600,92.17500,0.24000,0.23000,1.42850,0.17270,0.23430,79.68530,29.94500,29.94500,27.19720,18.13690,0.06370,0.84500,106.50970,1.81710,-8.79610,1.15620,1.50320,13.26710,0.55600,0.52030
