Date,revenue,cost-goods-sold,gross-profit,selling-general-administrative-expenses,other-operating-income-expenses,operating-expenses,operating-income,total-non-operating-income-expense,pre-tax-income,total-provision-income-taxes,income-after-taxes,income-from-continuous-operations,income-from-discontinued-operations,net-income,ebitda,ebit,basic-shares-outstanding,shares-outstanding,eps-basic-net-earnings-per-share,eps-earnings-per-share-diluted,current-ratio,long-term-debt-capital,debt-equity-ratio,gross-margin,operating-margin,ebit-margin,pre-tax-profit-margin,net-profit-margin,asset-turnover,inventory-turnover,receiveable-turnover,days-sales-in-receivables,roe,return-on-tangible-equity,roa,roi,book-value-per-share,operating-cash-flow-per-share,free-cash-flow-per-share
2024-03-31,978.80000,594.10000,384.70000,192.20000,,192.20000,192.50000,0.20000,192.70000,45.10000,147.60000,147.60000,,147.60000,212.10000,192.50000,147.17900,148.29700,1.00000,1.00000,1.65440,0.05510,0.06360,39.30320,19.66690,19.66690,19.68740,15.07970,0.30760,1.13750,1.67430,53.75360,7.84360,16.45850,4.63830,7.41150,9.86740,0.71880,0.57050
2023-12-31,988.10000,618.30000,369.80000,185.00000,,169.40010,200.39990,-23.50000,176.90000,39.60000,137.30000,137.30000,,137.30000,221.19990,200.40000,149.95300,151.01600,0.93000,0.91000,1.58710,0.05980,0.06900,37.42540,20.28130,20.28140,17.90310,13.89540,0.30740,1.24310,1.65790,54.28600,7.44420,15.70400,4.27210,6.99900,9.67140,1.5354,1.337
2023-09-30,937.50000,581.30000,356.20000,174.90000,,174.90000,181.30000,-4.90000,176.40000,41.00000,135.40000,135.40000,,135.40000,200.70000,181.30000,150.10300,151.21000,0.90000,0.90000,1.67990,0.05970,0.06880,37.99470,19.33870,19.33870,18.81600,14.44270,0.29300,1.12000,1.59600,56.39040,7.19290,14.82540,4.23110,6.76320,9.87060,1.1862,1.0636
2023-06-30,960.80000,576.10000,384.70000,180.30000,,180.30000,204.40000,4.50000,208.90000,51.90000,157.00000,157.00000,,157.00000,223.30000,204.40000,150.47500,151.54110,1.04000,1.04000,1.81400,0.09400,0.10910,40.03960,21.27390,21.27390,21.74230,16.34060,0.29570,1.13290,1.63150,55.16340,8.31390,17.00050,4.83260,7.53210,9.90210,0.9277,0.8384
2023-03-31,966.40000,592.30000,374.10000,187.20000,-15.60000,202.80000,171.30000,,171.30000,44.40000,126.90000,126.90000,,126.90000,190.50000,171.30000,150.89700,151.90100,0.84000,0.84000,1.83520,0.15600,0.19040,38.71070,17.72560,17.72560,17.72560,13.13120,0.28970,1.17590,1.64690,54.64820,7.08860,15.37250,3.80360,5.98300,11.89960,0.78930,0.71890
2022-12-31,936.09990,587.50010,348.59980,168.90000,,168.90020,179.69960,-422.60000,-242.90000,-122.80000,-120.10000,-120.10000,,-120.10000,200.09960,179.69960,154.78600,155.77900,-0.76000,-0.77000,1.74880,0.16060,0.19710,37.23960,19.19660,19.19660,-25.94810,-12.82980,0.28090,1.13770,1.61060,55.87870,-6.87190,-15.39550,-3.60410,-5.76790,11.56040,1.128,1.005
2022-09-30,874.20000,569.20000,305.00000,155.50000,,155.50000,149.50000,-4.80000,144.70000,34.90000,109.80000,109.80000,,109.80000,167.70000,149.50000,154.19700,155.07500,0.71000,0.71000,1.74230,0.13850,0.16470,34.88900,17.10140,17.10140,16.55230,12.56010,0.27050,1.08300,1.54950,58.08510,6.28220,14.10040,3.39740,5.41210,11.44030,1.0372,0.905
2022-06-30,965.90000,631.50000,334.40000,166.70000,,166.70000,167.70000,-2.40000,165.30000,39.10000,126.20000,126.20000,,126.20000,185.70000,167.70000,155.69220,156.63170,0.81000,0.81000,1.75720,0.13990,0.16650,34.62060,17.36210,17.36210,17.11360,13.06550,0.29080,1.28090,1.55410,57.90970,7.04040,15.62660,3.79960,6.05540,11.60590,0.2431,0.1286
2022-03-31,977.70000,636.10000,341.60000,179.80000,,179.80000,161.80000,-5.20000,156.60000,36.80000,119.80000,119.80000,,119.80000,182.10010,161.80000,157.01900,158.31800,0.76000,0.76000,1.71780,0.13760,0.16330,34.93910,16.54910,16.54910,16.01720,12.25330,0.28460,1.30160,1.60730,55.99570,6.62280,14.61510,3.48770,5.71160,11.59500,0.10420,0.02270
2021-12-31,995.49980,634.89990,360.59990,184.20000,,184.20010,176.39980,5.40000,181.80000,42.20000,139.60000,139.60000,,139.60000,196.29980,176.40010,159.90700,161.32000,0.88000,0.87000,1.56650,0.09390,0.10740,36.22300,17.71970,17.71980,18.26220,14.02310,0.28650,1.41810,1.56920,57.35410,7.61930,16.62700,4.01800,6.90370,11.62170,1.6283,1.4448
2021-09-30,914.60000,574.30000,340.30000,177.60000,,177.60000,162.70000,3.70000,166.40000,34.80000,131.60000,131.60000,,131.60000,181.70000,162.70000,159.18900,160.62800,0.83000,0.82000,1.76890,0.04990,0.05610,37.20750,17.78920,17.78920,18.19370,14.38880,0.27720,1.60550,1.46620,61.38420,6.93910,12.78290,3.98790,6.59290,11.91550,1.1339,1.0417
2021-06-30,859.80000,538.40000,321.40000,173.10000,,173.10000,148.30000,3.00000,151.30000,33.10000,118.20000,118.20000,,118.20000,167.80000,148.30000,160.24200,161.73200,0.74000,0.73000,1.74830,0.05200,0.05860,37.38080,17.24820,17.24820,17.59710,13.74740,0.27380,1.62950,1.41650,63.53800,6.50770,12.43690,3.76410,6.16940,11.41040,0.5706,0.4858
2021-03-31,769.00000,480.40000,288.60000,166.50000,,166.50000,122.10000,4.00000,126.10000,28.40000,97.70000,97.70000,,97.70000,141.60000,122.10000,161.52700,162.78500,0.60000,0.60000,1.86370,0.05110,0.05750,37.52930,15.87780,15.87780,16.39790,12.70480,0.24750,1.53580,1.43870,62.55530,5.28390,9.96130,3.14470,5.01390,11.52340,0.64130,0.53630
2020-12-31,834.50000,510.39990,324.10010,171.20000,,171.20010,152.90000,-1.00000,151.90000,31.90000,120.00000,120.00000,,120.00000,172.20000,152.90010,161.53100,162.60400,0.74000,0.73000,1.82560,0.05440,0.06120,38.83760,18.32230,18.32240,18.20250,14.37990,0.26400,1.70080,1.42650,63.09170,6.49250,12.27500,3.79660,6.13910,11.42550,1.4234,1.2999
2020-09-30,760.00000,462.90000,297.10000,159.40000,,161.00000,136.10000,1.20000,137.30000,31.90000,105.40000,105.40000,,105.40000,156.80000,136.10000,161.41100,162.48000,0.65000,0.65000,1.77480,0.05780,0.06520,39.09210,17.90790,17.90790,18.06580,13.86840,0.25580,1.52970,1.32660,67.84340,6.03290,12.02510,3.54750,5.68440,10.82010,0.9279,0.8549
2020-06-30,663.90000,416.40000,247.50000,155.90000,,162.00000,85.50010,1.50000,87.00000,19.20000,67.80000,67.80000,,67.80000,105.40010,85.50010,161.20800,162.17400,0.42000,0.42000,1.96410,0.14190,0.16950,37.27970,12.87850,12.87850,13.10440,10.21240,0.22250,1.36080,1.28690,69.93670,4.08900,8.64130,2.27200,3.50860,10.27240,0.7735,0.6992
2020-03-31,636.90000,397.40000,239.50000,173.80000,,173.80000,65.70000,2.00000,67.70000,16.00000,51.70000,51.70000,,51.70000,85.80000,65.70000,161.87200,162.89800,0.32000,0.32000,2.06340,0.17190,0.21180,37.60400,10.31560,10.31560,10.62960,8.11740,0.21350,1.27250,1.21550,74.04620,3.19870,6.98080,1.73320,2.64870,10.03040,0.33210,0.25350
2019-12-31,750.90000,455.90000,295.00000,179.90000,,179.90000,115.09990,0.40000,115.50000,24.20000,91.30000,91.30000,,91.30000,135.29990,115.09980,165.45000,166.71100,0.57000,0.55000,1.95750,0.14260,0.17040,39.28620,15.32830,15.32830,15.38150,12.15870,0.24560,1.50460,1.27380,70.65520,5.47760,11.66920,2.98560,4.69650,10.26530,1.0451,0.9626
2019-09-30,728.20000,444.00000,284.20000,172.30000,,172.30000,111.90000,0.90000,112.80000,25.50000,87.30000,87.30000,,87.30000,131.60000,111.90000,164.29800,165.54300,0.53000,0.53000,2.05970,0.15870,0.19270,39.02770,15.36670,15.36670,15.49030,11.98850,0.23740,1.43230,1.18580,75.89810,5.27110,11.34800,2.84560,4.43460,10.15380,0.8365,0.7498
2019-06-30,765.40000,456.70000,308.70000,178.70000,,178.70000,130.00000,2.20000,132.20000,30.10000,102.10000,102.10000,,102.10000,148.20000,130.00000,166.82600,168.08600,0.61000,0.61000,2.18530,0.16940,0.20790,40.33190,16.98460,16.98460,17.27200,13.33940,0.24100,1.41350,1.20570,74.64330,5.91850,12.24960,3.21510,4.91600,10.49310,0.7272,0.6337
2019-03-31,748.20000,455.40000,292.80000,184.70000,,184.70000,108.10000,3.50000,111.60000,22.30000,89.30000,89.30000,,89.30000,128.30000,108.10000,167.80400,169.09600,0.53000,0.53000,2.24920,0.13700,0.16260,39.13390,14.44800,14.44800,14.91580,11.93530,0.23800,1.42450,1.13570,79.24620,5.10520,9.44570,2.84080,4.40600,10.46200,0.12770,0.00410
2018-12-31,812.49980,475.50010,336.99970,186.09990,,192.79980,144.19980,10.60000,154.80000,28.50000,126.30000,126.30000,,126.30000,162.89980,144.20010,170.58900,172.19400,0.74000,0.74000,2.08650,0.11420,0.12890,41.47690,17.74770,17.74770,19.05230,15.54460,0.26450,1.56060,1.25520,71.70090,7.35590,13.86540,4.11200,6.51570,10.21060,0.9263,0.7716
2018-09-30,754.10000,448.10000,306.00000,177.60000,,177.60000,128.40000,3.10000,131.50000,26.90000,104.60000,104.60000,,104.60000,146.20000,128.40000,170.50800,172.08500,0.61000,0.61000,2.16360,0.09920,0.11010,40.57820,17.02690,17.02690,17.43800,13.87080,0.24930,1.45630,1.24320,72.39620,5.95600,11.08520,3.45760,5.36550,10.33360,0.6779,0.5666
2018-06-30,833.30000,492.30000,341.00000,197.20000,,197.20000,143.80000,2.30000,146.10000,31.60000,114.50000,114.50000,,114.50000,161.30000,143.80000,171.06400,172.73000,0.67000,0.66000,2.15080,0.12420,0.14340,40.92160,17.25670,17.25670,17.53270,13.74060,0.27010,1.70350,1.29390,69.55480,6.61740,12.51640,3.71110,5.79540,10.14200,0.7535,0.6246
2018-03-31,788.00000,466.50000,321.50000,192.90000,,192.90000,128.60000,-3.20000,125.40000,26.60000,98.80000,98.80000,,98.80000,146.50000,128.60000,171.53200,173.35100,0.58000,0.57000,2.17640,0.14330,0.17160,40.79950,16.31980,16.31980,15.91370,12.53810,0.25360,1.62490,1.23360,72.95940,5.78320,11.12610,3.18000,4.95440,9.98240,0.24920,0.14940
2017-12-31,768.59990,446.30000,322.29980,184.50000,,184.50010,137.79970,3.00000,140.80000,118.10000,22.70000,22.70000,,22.70000,155.99970,137.79980,172.66600,174.60500,0.14000,0.13000,2.22590,0.19670,0.24950,41.93340,17.92870,17.92870,18.31900,2.95340,0.24040,1.50270,1.29680,69.40280,1.38000,2.77000,0.71000,1.10850,9.58210,1.0079,0.8493
2017-09-30,749.90000,444.90000,305.00000,176.80000,,176.80000,128.20000,3.40000,131.60000,37.90000,93.70000,93.70000,,93.70000,145.80000,128.20000,172.44700,174.35600,0.54000,0.54000,2.32080,0.20980,0.26990,40.67210,17.09560,17.09560,17.54900,12.49500,0.24150,1.52310,1.27730,70.46140,5.62460,11.19070,3.01810,4.44480,9.68940,0.4429,0.2696
2017-06-30,738.20000,434.00000,304.20000,178.30000,,178.30000,125.90000,2.10000,128.00000,35.60000,92.40000,92.40000,,92.40000,143.30000,125.90000,172.99200,174.88900,0.53000,0.53000,2.32400,0.18560,0.23240,41.20830,17.05500,17.05500,17.33950,12.51690,0.24740,1.51220,1.30240,69.10320,5.72600,11.29170,3.09650,4.66340,9.35270,0.4842,0.3723
2017-03-31,740.00000,439.10000,300.90000,183.20000,,183.20000,117.70000,2.70000,120.40000,32.70000,87.70000,87.70000,,87.70000,134.60000,117.70000,173.38000,175.42000,0.51000,0.50000,2.22830,0.18780,0.23580,40.66220,15.90540,15.90540,16.27030,11.85140,0.25170,1.70790,1.26690,71.03920,5.59880,11.39700,2.98280,4.54730,9.05250,-0.06560,-0.16130
2016-12-31,698.09990,413.60000,284.49990,178.40000,,178.39990,106.10000,10.30000,116.40000,33.70000,82.70000,82.70000,,82.70000,122.50000,106.09990,174.71300,176.82500,0.46000,0.48000,2.04020,0.17270,0.21360,40.75350,15.19840,15.19840,16.67380,11.84650,0.24150,1.64720,1.34590,66.87150,5.45770,11.55840,2.86060,4.51490,8.73670,1.0326,0.9087
2016-09-30,683.90000,400.60000,283.30000,164.70000,,164.70000,118.60000,-0.20000,118.40000,35.20000,83.20000,83.20000,,83.20000,135.20000,118.60000,174.41000,176.54800,0.48000,0.47000,2.21020,0.17740,0.22040,41.42420,17.34170,17.34170,17.31250,12.16550,0.24210,1.54910,1.32210,68.07570,5.45360,11.52360,2.94580,4.48640,8.77220,0.6168,0.4973
2016-06-30,667.00000,383.30000,283.70000,160.00000,,160.00000,123.70000,0.40000,124.10000,37.00000,87.10000,87.10000,,87.10000,139.60000,123.70000,174.96200,176.99900,0.51000,0.49000,2.35380,0.15640,0.19050,42.53370,18.54570,18.54570,18.60570,13.05850,0.24960,1.61190,1.35050,66.64320,5.88240,11.28390,3.25950,4.96210,8.48580,0.7273,0.6234
2016-03-31,636.90000,374.20000,262.70000,159.40000,,159.40000,103.30000,0.30000,103.60000,30.10000,73.50000,73.50000,,73.50000,119.50000,103.30000,175.69400,177.81100,0.42000,0.41000,2.36860,0.15640,0.19430,41.24670,16.21920,16.21920,16.26630,11.54030,0.24030,1.62550,1.25650,71.62980,4.97130,9.58780,2.77300,4.19380,8.44430,0.14900,0.03990
2015-12-31,639.40000,376.80000,262.60000,155.10000,,155.09990,107.50010,1.80000,109.30000,29.50000,79.80000,79.80000,,79.80000,123.20010,107.50010,177.62200,179.00900,0.45500,0.45000,2.14830,0.14070,0.17260,41.06980,16.81270,16.81270,17.09420,12.48050,0.24320,1.69040,1.27520,70.57550,5.53280,10.92550,3.03510,4.75450,8.19970,0.6382,0.5292
2015-09-30,625.10000,369.50000,255.60000,149.00000,,149.00000,106.60000,0.60000,107.20000,33.60000,73.60000,73.60000,,73.60000,122.30000,106.60000,177.39600,178.73900,0.41000,0.41000,2.26530,0.14830,0.18340,40.88950,17.05330,17.05330,17.14930,11.77410,0.24040,1.54600,1.30500,68.96500,5.17440,10.44270,2.83060,4.40690,8.07990,0.9858,0.8613
2015-06-30,653.50000,391.10000,262.40000,159.40000,,159.40000,103.00000,0.20000,103.20000,32.10000,71.10000,71.10000,,71.10000,119.00000,103.00000,178.27800,179.65000,0.40000,0.39500,2.41750,0.15630,0.19460,40.15300,15.76130,15.76130,15.79190,10.87990,0.25230,1.67570,1.23650,72.78500,4.94950,9.99720,2.74540,4.17570,8.08130,0.3429,0.2529
2015-03-31,618.50000,389.30000,229.20000,147.20000,,147.20000,82.00000,0.80000,82.80000,24.40000,58.40000,58.40000,,58.40000,97.60000,82.00000,178.87200,180.33400,0.32500,0.32500,2.31000,0.15380,0.21630,37.05740,13.25790,13.25790,13.38720,9.44220,0.24110,1.77930,1.24720,72.16010,4.15630,8.62370,2.27650,3.51720,7.87610,-0.00220,-0.08480
2014-12-31,626.80000,394.89990,231.90010,158.30000,,158.29990,73.60020,0.30000,73.90000,20.70000,53.20000,53.20000,,53.20000,89.00020,73.60010,180.58700,181.97400,0.30000,0.29000,2.17940,0.13200,0.16200,36.99750,11.74220,11.74220,11.79010,8.48760,0.24920,1.89580,1.31850,68.26100,3.85140,8.26090,2.11510,3.34300,7.72550,0.5469,0.4379
2014-09-30,581.60000,366.30000,215.30000,145.50000,,145.50000,69.80000,-0.50000,69.30000,18.70000,50.60000,50.60000,,50.60000,84.60000,69.80000,179.89000,181.21200,0.28000,0.28000,2.20470,0.14900,0.18510,37.01860,12.00140,12.00140,11.91540,8.70010,0.23390,1.67640,1.22620,73.39580,3.67950,8.01140,2.03470,3.13140,7.67880,0.4113,0.3258
2014-06-30,595.40000,379.20000,216.20000,137.40000,,137.40000,78.80010,-0.20000,78.60000,21.30000,57.30000,57.30000,,57.30000,93.60010,78.80010,181.01800,182.31200,0.31500,0.31500,2.24350,0.14830,0.18460,36.31170,13.23480,13.23480,13.20120,9.62380,0.24500,1.83370,1.30280,69.07960,4.22350,9.45860,2.35730,3.59720,7.53450,0.4284,0.2873
2014-03-31,552.20000,356.30000,195.90000,130.90000,,130.90000,65.00000,-0.10000,64.90000,18.20000,46.70000,46.70000,,46.70000,79.80000,65.00000,182.46200,183.93200,0.25500,0.25500,2.23340,0.13690,0.16900,35.47630,11.77110,11.77110,11.75300,8.45710,0.23190,1.80500,1.21200,74.25570,3.47630,7.89520,1.96120,3.00050,7.41330,0.06420,-0.07340
2013-12-31,558.90010,359.00010,199.90010,139.20000,,139.19990,60.70020,-4.00000,56.70000,14.30000,42.40000,42.40000,,42.40000,78.20020,60.70000,184.23600,185.57600,0.23500,0.23000,2.04030,0.11800,0.14440,35.76670,10.86070,10.86060,10.14490,7.58630,0.23370,1.85630,1.21840,73.86470,3.19110,7.43340,1.77290,2.81470,7.28140,0.493,0.3207
2013-09-30,536.20000,339.60000,196.60000,133.70000,,133.70000,62.90000,-1.60000,61.30000,15.10000,46.20000,46.20000,,46.20000,77.10000,62.90000,184.10200,185.45600,0.25000,0.25000,2.17680,0.14560,0.18190,36.66540,11.73070,11.73070,11.43230,8.61620,0.22830,1.79210,1.22980,73.18170,3.68830,9.45750,1.96690,3.15140,6.86550,0.4506,0.3013
2013-06-30,549.10000,351.10000,198.00000,131.60000,,131.60000,66.40000,-5.10000,61.30000,19.20000,42.10000,42.10000,,42.10000,80.30000,66.40000,185.31200,186.46400,0.22500,0.22500,2.29670,0.13770,0.16660,36.05900,12.09250,12.09250,11.16370,7.66710,0.23920,1.96250,1.29930,69.26610,3.35060,8.58660,1.83430,2.88910,6.79090,0.3844,0.2783
2013-03-31,509.60000,330.30000,179.30000,120.00000,,120.00000,59.30000,-2.20000,57.10000,18.10000,39.00000,39.00000,,39.00000,73.40000,59.30000,185.10200,186.36800,0.21000,0.21000,2.31780,0.14560,0.18540,35.18450,11.63660,11.63660,11.20490,7.65310,0.22480,1.94520,1.20270,74.82930,3.15610,8.43240,1.72030,2.69670,6.66350,0.17870,0.07990
2012-12-31,524.30000,338.70000,185.60000,124.80000,-3.10000,127.90000,57.70000,3.60000,61.30000,18.20000,43.10000,43.10000,,39.20000,71.90000,57.70000,184.79000,186.21600,0.34000,0.33750,2.20150,0.15860,0.20410,35.39960,11.00520,11.00520,11.69180,7.47660,0.23010,2.07280,1.23250,73.02310,3.60940,10.26190,1.89130,3.03690,6.45970,0.3766,0.2401
2012-09-30,462.20000,305.40000,156.80000,111.50000,6.40000,105.10000,51.70000,0.30000,52.00000,15.00000,37.00000,37.00000,,37.00000,65.60000,51.70000,184.77600,186.27600,0.20000,0.20000,2.35180,0.17970,0.23470,33.92470,11.18560,11.18560,11.25050,8.00520,0.20680,1.71380,1.25220,71.87150,3.10560,8.96100,1.65530,2.54750,6.45140,0.3763,0.3001
2012-06-30,484.20000,323.70000,160.50000,108.90000,,108.90000,51.60000,-1.00000,50.60000,15.60000,35.00000,35.00000,,35.00000,64.70000,51.60000,185.10400,186.29600,0.19000,0.19000,2.29390,0.18680,0.24580,33.14750,10.65680,10.65680,10.45020,7.22840,0.22090,1.82880,1.26520,71.13380,3.02300,9.25190,1.59700,2.45820,6.26650,0.0287,-0.0987
2012-03-31,468.60000,319.50000,149.10000,105.30000,,105.30000,43.80000,26.10000,69.90000,22.40000,47.50000,47.50000,,47.50000,57.20000,43.80000,368.82400,371.90800,0.13000,0.12750,2.20280,0.20860,0.27980,31.81820,9.34700,9.34700,14.91680,10.13660,0.20820,1.85540,1.03810,86.69660,4.16410,13.34270,2.11090,3.29560,6.15120,-0.00940,-0.04460
2011-12-31,475.80000,320.80010,154.99990,106.20000,,117.39990,37.60010,9.40000,47.00000,15.50000,31.50000,31.50000,0.60000,32.10000,51.40010,37.60010,184.47600,186.29800,0.17500,0.17250,2.35940,0.28980,0.42510,32.57670,7.90250,7.90250,9.87810,6.74650,0.20260,1.90500,1.29150,69.68470,2.90110,10.52460,1.34100,2.06040,5.92350,0.6871,0.5966
2011-09-30,412.00000,293.30000,118.70000,92.20000,,92.20000,26.50000,13.30000,39.80000,12.90000,26.90000,26.90000,155.40000,182.30000,37.90000,26.50000,184.88800,186.56800,0.98500,0.97750,1.98060,0.25090,0.35150,28.81070,6.43200,6.43200,9.66020,44.24760,0.17470,1.65990,1.11500,80.71600,2.39430,7.91180,1.14050,1.79360,6.06890,0.0953,0.0289
2011-06-30,405.30000,293.40000,111.90000,85.10000,11.20000,73.90000,38.00000,3.00000,41.00000,12.40000,28.60000,28.60000,21.70000,50.30000,49.00000,38.00000,184.76000,186.58400,0.27250,0.27000,1.84960,0.26900,0.38720,27.60920,9.37580,9.37580,10.11600,12.41060,0.18910,1.81560,1.23680,72.76830,2.94910,5.29530,1.33450,2.15570,5.24670,-0.1869,-0.2506
2011-03-31,417.40000,290.40000,127.00000,89.30000,,89.30000,37.70000,-4.00000,33.70000,9.50000,24.20000,24.20000,16.80000,41.00000,48.50000,37.70000,184.00000,186.16000,0.22250,0.22000,1.77710,0.25840,0.36860,30.42650,9.03210,9.03210,8.07380,9.82270,0.18930,1.80600,1.15300,78.05460,2.62500,4.92770,1.09740,1.94670,4.98950,-0.28040,-0.34700
2010-12-31,370.20000,253.90010,116.30000,86.00000,,86.00000,30.30000,-1.70000,28.60000,8.20000,20.40000,20.50000,11.60000,32.20000,41.80000,30.30000,182.97200,184.65200,0.17500,0.17500,1.66920,0.21570,0.29610,31.41550,8.18480,8.18480,7.72560,8.69800,0.17540,1.72960,1.18160,76.16690,2.32580,4.54550,0.97130,1.82420,4.80770,0.3035,0.2148
2010-09-30,377.40000,270.20000,107.20000,81.90000,,81.90000,25.30000,-2.00000,23.30000,7.10000,16.20000,16.20000,15.80000,32.00000,35.30000,25.30000,183.18800,185.01600,0.17500,0.17250,1.27790,0.10160,0.32090,28.40490,6.70380,6.70380,6.17380,8.47910,0.18810,1.00600,0.89350,100.73130,1.87960,9.09090,0.80730,1.68860,4.70350,0.0975,-0.0163
2010-06-30,375.00000,260.80000,114.20000,83.80000,,83.80000,30.40000,-37.00000,-6.60000,-5.70000,-0.90000,-0.90000,17.50000,16.60000,39.60000,30.40000,183.07200,184.44800,0.09000,0.09000,1.25090,0.10740,0.29670,30.45330,8.10670,8.10670,-1.76000,4.42670,0.19060,1.01440,0.90040,99.96000,-0.10910,-0.63740,-0.04580,-0.09740,4.50250,0.3532,0.3078
2010-03-31,366.70000,258.40000,108.30000,77.00000,,77.00000,31.30000,-2.20000,29.10000,7.70000,21.40000,21.30000,9.50000,30.90000,41.40000,31.30000,182.36400,183.88400,0.17000,0.16750,1.27360,0.12420,0.34930,29.53370,8.53560,8.53560,7.93560,8.42650,0.18720,1.07260,0.90390,99.57190,2.59570,16.12420,1.08720,2.27320,4.48150,-0.07830,-0.12020
2009-12-31,362.30000,251.30000,111.00000,79.80000,,79.80000,31.20000,-3.40000,27.80000,10.20000,17.60000,17.50000,5.10000,22.60000,18.80000,31.20000,183.30000,183.30000,0.12500,0.12500,1.50620,0.22710,0.32060,30.63760,8.61160,8.61160,7.67320,6.23790,0.18350,2.27420,1.31460,68.46260,2.21580,4.93930,0.88630,1.71250,4.31800,0.4239,0.3987
2009-09-30,501.50000,363.00000,138.50000,92.30000,,92.30000,46.20000,-0.10000,46.10000,11.40000,34.70000,34.60000,,34.60000,63.40000,46.20000,180.96000,182.40000,0.19170,0.19000,1.56550,0.22000,0.31030,27.61720,9.21240,9.21240,9.19240,6.89930,0.27980,1.65980,1.36310,66.02390,4.63120,22.01020,1.93040,3.61240,4.10310,0.4081,0.3431
2009-06-30,498.70000,376.30000,122.40000,88.60000,,88.60000,33.80000,-3.80000,30.00000,6.10000,23.90000,23.70000,,21.30000,50.90000,33.80000,150.63600,151.26600,0.14170,0.14000,1.74240,0.27900,0.41700,24.54380,6.77760,6.77760,6.01560,4.27110,0.27830,1.66500,1.34570,66.88190,3.36840,20.05080,1.32270,2.42850,3.88870,0.5461,0.623
2009-03-31,481.60000,380.20000,101.40000,84.70000,,84.70000,16.70000,-5.40000,11.30000,2.70000,8.60000,8.60000,,2.70000,33.10000,16.70000,56.89800,56.89800,0.04670,0.04670,1.81320,0.33540,0.53120,21.05480,3.46760,3.46760,2.34630,0.56060,0.26460,1.46460,1.34680,66.82730,1.29930,10.52630,0.47260,0.86350,3.65180,0.05620,-0.16350
