Date,revenue,cost-goods-sold,gross-profit,research-development-expenses,selling-general-administrative-expenses,operating-expenses,operating-income,total-non-operating-income-expense,pre-tax-income,total-provision-income-taxes,income-after-taxes,income-from-continuous-operations,income-from-discontinued-operations,net-income,ebitda,ebit,basic-shares-outstanding,shares-outstanding,eps-basic-net-earnings-per-share,eps-earnings-per-share-diluted,current-ratio,long-term-debt-capital,debt-equity-ratio,gross-margin,operating-margin,ebit-margin,pre-tax-profit-margin,net-profit-margin,asset-turnover,receiveable-turnover,days-sales-in-receivables,roe,return-on-tangible-equity,roa,roi,book-value-per-share,operating-cash-flow-per-share,free-cash-flow-per-share
2023-12-31,142.63400,78.97800,63.65600,13.03600,59.88700,72.92300,-9.26700,-7.63900,-16.90600,-2.84500,-14.06100,-14.06100,,-14.06100,11.74100,-9.26700,101.37600,101.37600,-0.14000,-0.14000,1.06940,0.45630,0.83920,44.62890,-6.49700,-6.49700,-11.85270,-9.85810,0.12890,0.65660,137.07470,-3.15550,4.75210,-1.27060,-1.71530,4.38270,0.1128,0.0833
2023-09-30,143.25900,77.73600,65.52300,14.03700,56.92200,218.14000,-152.61700,-9.57800,-162.19500,-0.71300,-161.48200,-161.48200,,-161.48200,-131.94900,-152.61700,100.60400,100.60400,-1.61000,-1.61000,1.10200,0.46150,0.85700,45.73740,-106.53220,-106.53220,-113.21800,-112.72030,0.13130,0.73270,122.83900,-36.06430,52.68480,-14.79870,-19.41660,4.43040,0.2728,0.2038
2023-06-30,146.36600,79.20500,67.16100,15.80000,56.07600,71.87600,-4.71500,-5.22300,-9.93800,-1.53900,-8.39900,-8.39900,,-8.17900,16.54300,-4.71500,99.87700,99.87700,-0.08000,-0.08000,1.21830,0.40390,0.67760,45.88570,-3.22140,-3.22140,-6.78980,-5.58800,0.11600,0.71790,125.36950,-1.40280,2.60540,-0.66590,-0.83610,5.97100,0.01320,-0.05970
2023-03-31,140.11800,80.63600,59.48200,13.39900,55.23200,68.63100,-9.14900,-7.72200,-16.87100,-3.01800,-13.85300,-13.85300,,-13.93200,11.77700,-9.14900,98.78300,101.81600,-0.14000,-0.14000,1.20440,0.40340,0.67600,42.45140,-6.52950,-6.52950,-12.04060,-9.94300,0.11060,0.78630,114.45360,-2.28160,4.14820,-1.09380,-1.36110,6.10560,0.17,0.089
2022-12-31,162.31000,82.69400,79.61600,14.21800,55.60100,69.81900,9.79700,-6.88800,2.90900,-1.15300,4.06200,4.06200,,4.01900,29.93400,9.79700,99.10800,103.34800,0.04000,0.04000,1.18460,0.41000,0.69500,49.05180,6.03600,6.03600,1.79220,2.47610,0.12000,0.70260,128.08880,0.66860,-1.16760,0.30030,0.39440,6.12880,0.3185,0.2643
2022-09-30,174.85900,86.08000,88.77900,14.73600,52.96100,67.69700,21.08200,-5.19800,15.88400,4.18100,11.70300,11.70300,,11.66400,41.16300,21.08200,98.88700,102.89800,0.12000,0.11000,1.16880,0.43300,0.76350,50.77180,12.05660,12.05660,9.08390,6.67050,0.12730,0.68390,131.59140,1.99850,-3.16120,0.85170,1.13300,5.91710,0.2683,0.205
2022-06-30,188.63300,96.28200,92.35100,14.13300,53.78300,67.91600,24.43500,-4.34100,20.09400,5.13600,14.95800,14.95800,,14.92200,44.36400,24.43500,97.82200,102.68600,0.15000,0.15000,1.17990,0.45000,0.81830,48.95800,12.95370,12.95370,10.65240,7.91060,0.13450,0.73220,122.92160,2.58820,-3.70400,1.06690,1.42320,5.85300,0.35670,0.29430
2022-03-31,184.13500,94.73200,89.40300,12.12900,49.84900,61.97800,27.42500,-3.68000,23.74500,3.60400,20.14100,20.14100,,20.10000,43.93100,27.42500,95.19800,102.64000,0.20000,0.20000,1.06650,0.50220,1.03310,48.55300,14.89400,14.89400,12.89540,10.91590,0.12620,0.69980,128.61490,3.90240,-4.15990,1.38090,1.94220,5.31280,0.4048,-1.1191
2021-12-31,216.81800,118.14300,98.67500,13.75500,55.78100,69.53600,29.13900,-18.35900,10.78000,3.71800,7.06200,7.06200,,7.01400,45.10400,29.13900,96.54800,103.28700,0.07000,0.07000,0.70300,0.41280,0.72880,45.51050,13.43940,13.43940,4.97190,3.23500,0.14710,0.74460,120.87560,1.45380,-1.36950,0.47930,0.85350,5.02290,0.3402,0.2965
2021-09-30,188.56800,99.33500,89.23300,13.91500,58.78600,72.70100,16.53200,-24.76800,-8.23600,-2.34900,-5.88700,-5.88700,,-5.85200,32.86000,16.53200,96.15700,96.15700,-0.06000,-0.06000,0.53750,0.33320,0.52710,47.32140,8.76710,8.76710,-4.36770,-3.10340,0.13350,0.82670,108.87120,-1.20570,1.09390,-0.41670,-0.80380,5.05470,0.374,0.31
2021-06-30,158.07500,88.27600,69.79900,12.92400,37.73000,50.65400,19.14500,-1.46200,17.68300,3.43000,14.25300,14.25300,,14.28400,27.79800,19.14500,91.58500,98.82200,0.16000,0.14000,0.52350,0.30740,0.48260,44.15560,12.11130,12.11130,11.18650,9.03620,0.11100,0.72150,124.74400,2.70620,-2.66810,1.00090,1.87390,5.54190,-0.29340,-0.33760
2021-03-31,95.08200,56.06000,39.02200,6.29200,16.77600,23.06800,15.95400,-1.02300,14.93100,-15.12500,30.05600,30.05600,,30.05600,18.00600,15.95400,88.51400,96.15100,0.34580,0.30610,0.87620,,0.10030,41.04040,16.77920,16.77920,15.70330,31.61060,0.36520,1.53400,58.67200,20.72660,258.30210,11.54360,20.71230,1.61330,0.1518,-0.1739
2020-12-31,88.59200,50.89300,37.69900,5.20200,11.98000,17.18200,20.51700,-4.94100,15.57600,1.06100,14.51500,14.51500,,14.51500,22.33800,20.51700,89.00300,96.97600,0.16000,0.15000,1.06280,0.13200,0.16930,42.55350,23.15900,23.15900,17.58170,16.38410,0.38110,1.50090,59.96510,12.95130,-9741.47500,6.24460,11.23230,1.25460,0.1925,0.2514
2020-09-30,70.89300,41.19400,29.69900,4.21700,13.36600,17.58300,12.11600,-11.08200,1.03400,0.66100,0.37300,0.37300,,0.37300,13.80500,12.11600,88.03500,96.05700,0.00420,0.00390,0.89270,0.15550,0.20450,41.89270,17.09050,17.09050,1.45850,0.52610,0.33970,1.53210,58.74450,0.39210,-2.10010,0.17870,0.33080,1.07370,0.2442,0.1394
2020-06-30,59.01200,32.86000,26.15200,4.40800,11.12200,15.53000,10.62200,-0.30600,10.31600,0.37600,9.94000,9.94000,,9.94000,12.17400,10.62200,87.38600,93.10800,0.11000,0.11000,0.82680,0.16790,0.22070,44.31640,17.99970,17.99970,17.48120,16.84400,0.30770,1.35840,66.25550,11.14350,-42.07050,5.18310,9.26200,1.02020,0.06460,0.04300
2020-03-31,39.35100,24.02300,15.32800,3.70600,8.69700,12.40300,2.92500,0.72100,3.64600,-10.38100,14.02700,14.02700,-0.20900,13.81800,3.78300,2.92500,84.59400,89.55800,0.17000,0.16000,0.70580,0.19280,0.25430,38.95200,7.43310,7.43310,9.26530,35.11470,0.21390,1.18760,75.78330,18.13350,-39.30230,7.62290,14.61770,0.88710,0.134,0.1143
2019-12-31,36.01600,21.97600,14.04000,2.78300,7.12500,9.90800,4.13200,-0.83000,3.30200,0.04100,3.26100,3.26100,0.06500,3.32600,4.67200,4.13200,85.87600,92.47200,0.04000,0.04000,1.18100,,,38.98270,11.47270,11.47270,9.16810,9.23480,0.31690,1.34920,66.70540,5.70590,21.76470,2.86920,5.69600,0.66320,0.0785,0.0656
2019-09-30,32.79500,20.49000,12.30500,2.73500,6.45500,9.19000,3.11500,-4.38000,-1.26500,0.07200,-1.33700,-1.33700,-0.08800,-1.42500,3.59700,3.11500,83.90900,83.90900,-0.02000,-0.02000,1.03850,,,37.52100,9.49840,9.49840,-3.85730,-4.34520,0.32080,1.29610,69.43960,-2.75860,-21.22560,-1.30790,-2.75290,0.56970,0.0791,0.0671
2019-06-30,30.55300,18.55300,12.00000,2.79400,6.16600,8.96000,3.04000,-4.81800,-1.77800,-0.10700,-1.67100,-1.67100,-0.14800,-1.81900,3.50200,3.04000,81.81400,81.81400,-0.02000,-0.02000,1.09460,,,39.27600,9.94990,9.94990,-5.81940,-5.95360,0.33680,1.34400,66.96460,-4.50000,33.18770,-1.84200,-4.48800,0.45140,0.05880,0.04930
2019-03-31,27.19200,16.23800,10.95400,2.70200,6.31800,9.02000,1.93400,-8.38400,-6.45000,0.31200,-6.76200,-6.76200,-0.09600,-6.85800,2.30400,1.93400,77.44000,77.44000,-0.10000,-0.10000,0.96910,,,40.28390,7.11240,7.11230,-23.72020,-25.22070,0.32820,1.19750,75.15560,-18.64970,114.41630,-8.16070,-18.59840,0.44550,0.0281,0.0211
2018-12-31,30.41100,19.73300,10.67800,2.42800,5.79400,8.22200,2.45600,-3.37600,-0.92000,0.21600,-1.13600,-1.13600,-0.21200,-1.34800,3.41600,2.45600,77.64500,77.64500,-0.01000,-0.01000,0.89300,0.16800,0.24980,35.11230,8.07600,8.07600,-3.02520,-4.43260,0.35410,1.25560,71.68100,-3.58890,10.57830,-1.32260,-2.97660,0.40860,0.0296,0.0205
2018-09-30,23.85400,16.31000,7.54400,2.63700,4.59200,7.22900,0.31500,1.73000,2.04500,-0.02300,2.06800,2.06800,-0.35600,1.71200,1.02200,0.31500,77.19300,78.78000,0.02000,0.02000,0.81540,0.13790,0.20600,31.62570,1.32050,1.32050,8.57300,7.17700,0.29550,1.14340,78.71130,6.44940,-19.39600,2.56200,5.54260,0.41510,0.0042,-0.0045
2018-06-30,22.11200,15.72300,6.38900,3.10900,4.54000,7.64900,-1.26000,2.75200,1.49200,-0.03600,1.52800,1.52800,-1.04400,0.48400,-0.53100,-1.26000,76.20400,79.59800,0.01000,0.01000,0.80280,0.19670,0.29480,28.89380,-5.69830,-5.69830,6.74750,2.18890,0.27580,1.14300,78.74190,5.32780,-10.62290,1.90600,4.26490,0.37670,-0.04550,-0.05060
2018-03-31,20.96100,14.07600,6.88500,2.11800,6.10600,8.22400,-1.33900,-2.88700,-4.22600,-0.01400,-4.21200,-4.21200,-34.21300,-38.42500,-1.51200,-1.33900,75.16000,75.16000,-0.51000,-0.51000,0.85670,0.23600,0.36120,32.84670,-6.38800,-6.38800,-20.16130,-183.31660,0.24200,1.22940,73.20740,-15.27640,26.61280,-4.86330,-11.62860,0.36360,0.0863,0.0759
2017-12-31,22.73200,15.32400,7.40800,3.12000,5.77500,8.89500,-1.48700,-3.39200,-4.87900,-0.08400,-4.79500,-4.79500,0.99600,-3.79900,-0.62300,-1.48700,72.14800,75.44200,-0.06000,-0.06000,0.83820,0.16340,0.22300,32.58840,-6.54140,-6.54140,-21.46310,-16.71210,0.18460,0.69960,128.64950,-8.05190,24.20010,-3.89320,-6.72530,0.81330,0.027,0.0221
2017-09-30,15.90500,10.29500,5.61000,2.24100,4.83500,7.07600,-1.46600,-6.02100,-7.48700,-0.88400,-6.60300,-6.60300,0.14500,-6.45800,-0.47800,-1.46600,66.84600,66.84600,-0.10000,-0.10000,0.78330,0.16180,0.22960,35.27190,-9.21720,-9.21720,-47.07330,-40.60360,0.13970,0.66860,134.60110,-10.97870,33.39910,-5.80160,-9.18760,0.84070,0.0005,-0.0052
2017-06-30,15.15300,10.00100,5.15200,2.17400,4.49500,6.66900,-1.51700,-2.53900,-4.05600,0.03100,-4.08700,-4.08700,-0.08800,-4.17500,-0.53600,-1.51700,66.59900,66.59900,-0.06000,-0.06000,0.78050,0.19860,0.28080,33.99990,-10.01120,-10.01120,-26.76700,-27.55230,0.13670,0.75250,119.59610,-6.97020,18.69540,-3.68620,-5.57680,0.88180,-0.02110,-0.02660
2017-03-31,11.59900,8.38900,3.21000,2.35900,3.61800,5.97700,-2.76700,-3.31600,-6.08300,-0.30300,-5.78000,-5.78000,-1.14500,-6.92500,-6.19900,-2.76700,66.59500,66.59500,-0.10000,-0.10000,0.76900,0.17220,0.20800,27.67480,-23.85550,-23.85550,-52.44420,-59.70340,0.10780,1.08780,82.73730,-9.33090,-33.74200,-5.37270,-7.71200,0.93170,0.0168,0.0162
2016-12-31,22.28500,18.91700,3.36800,3.11300,5.66500,8.77800,-5.41000,3.12400,-2.28600,0.30000,-2.58600,-2.58600,,-2.58600,-2.99600,-5.41000,66.63400,66.63400,-0.04000,-0.04000,0.82580,0.13540,0.15660,15.11330,-24.27640,-24.27640,-10.25800,-11.60420,0.19860,1.15670,77.80750,-3.78040,17.28030,-2.30450,-3.26370,1.02810,-0.0632,-0.0671
2016-09-30,22.83200,19.67900,3.15300,3.11700,6.34300,9.46000,-6.30700,-1.47100,-7.77800,-0.43700,-7.34100,-7.34100,,-7.34100,-3.86300,-6.30700,66.45700,66.45700,-0.11000,-0.11000,0.88740,0.16180,0.19300,13.80960,-27.62350,-27.62350,-34.06620,-32.15220,0.19500,1.30640,68.89150,-10.50650,47.73390,-6.26940,-8.79390,1.05010,-0.0372,-0.0468
2016-06-30,24.03900,21.10400,2.93500,2.83500,6.54900,9.38400,-6.44900,-0.66700,-7.11600,0.29600,-7.41200,-7.41200,,-7.41200,-4.01300,-6.44900,66.28600,66.28600,-0.11000,-0.11000,0.65150,,0.13750,12.20930,-26.82720,-26.82720,-29.60190,-30.83320,0.20640,1.53620,58.58480,-9.74100,67.13760,-6.36370,-9.72820,1.14940,-0.01650,-0.02370
2016-03-31,-41.25800,-36.55100,-4.70700,-3.01500,0.28200,-2.73300,-1.97400,-0.34600,-2.32000,-0.03200,-2.28800,-2.28800,,-5.82800,-2.59200,-1.97400,61.76300,61.76300,-0.09000,-0.09000,0.76040,,0.12680,11.40870,4.78450,4.78450,5.62320,14.12570,-0.33830,-2.35500,-38.21590,-2.78440,33.45030,-1.87630,-2.78110,1.24120,-0.0317,-0.0415
2015-12-31,24.08900,20.27300,3.81600,2.73800,6.34300,9.08100,-5.26500,-0.49500,-5.76000,0.00300,-5.76300,-5.76300,,-5.76300,-3.39000,-5.26500,65.97900,65.97900,-0.09000,-0.09000,1.01570,0.07900,0.12200,15.84130,-21.85650,-21.85650,-23.91130,-23.92380,0.19250,1.43880,62.55430,-6.64620,131.60520,-4.60510,-6.11420,1.31380,-0.0537,-0.0583
2015-09-30,20.73400,20.65700,0.07700,2.40600,5.81500,8.22100,-8.14400,-0.40700,-8.55100,-0.22900,-8.32200,-8.32200,,-8.32200,-3.41600,-8.14400,57.27400,57.27400,-0.14000,-0.14000,0.66220,0.08530,0.13520,0.37140,-39.27850,-39.27850,-41.24140,-40.13700,0.17910,1.43150,62.87070,-10.60050,51.47520,-7.18820,-9.68440,1.37110,-0.0232,-0.0279
2015-06-30,18.68600,16.41200,2.27400,2.75400,6.67100,9.42500,-7.15100,-0.49600,-7.64700,0.47200,-8.11900,-8.11900,,-8.11900,-4.79300,-7.15100,57.38800,57.38800,-0.14000,-0.14000,0.70300,0.07820,0.12540,12.16950,-38.26930,-38.26930,-40.92370,-43.44960,0.15540,1.47610,60.97130,-9.56390,55.68200,-6.75140,-8.80600,1.48680,-0.00590,-0.01180
2015-03-31,10.23000,9.29600,0.93400,2.07300,7.88200,9.95500,-9.02100,-0.05400,-9.07500,0.27700,-9.35200,-9.35200,,-9.35200,-8.04700,-9.02100,38.96700,38.96700,-0.23000,-0.23000,0.84640,0.07190,0.11680,9.13000,-88.18180,-88.18180,-88.70970,-91.41740,0.08350,0.84030,107.10260,-10.22870,92.10160,-7.62990,-9.48300,1.60120,-0.1418,-0.1437
2014-12-31,7.00600,5.02300,1.98300,1.71800,5.65600,7.37400,-5.39100,0.02200,-5.36900,0.11500,-5.48400,-5.48400,,-5.48400,-4.96000,-5.39100,37.79900,37.79900,-0.14000,-0.14000,1.50620,,,28.30430,-76.94830,-76.94830,-76.63430,-78.27580,0.21010,1.26350,71.23180,-25.42890,-86.32140,-16.44580,-25.31160,0.57240,-0.0842,-0.1384
2014-09-30,5.46200,3.66100,1.80100,2.15500,4.29100,6.44600,-4.64500,-0.12900,-4.77400,0.42700,-5.20100,-5.20100,,-5.20100,-4.27700,-4.64500,37.50400,37.50400,-0.14000,-0.14000,2.15920,,,32.97330,-85.04210,-85.04210,-87.40390,-95.22150,0.15230,1.25940,71.46280,-20.21530,-41.25810,-14.49880,-20.13710,0.68360,-0.0623,-0.0617
2014-06-30,5.55400,4.14000,1.41400,1.95900,4.13500,6.09400,-4.68000,-0.00200,-4.68200,-0.07200,-4.61000,-4.61000,,-4.61000,-4.31100,-4.68000,37.42400,37.42400,-0.12000,-0.12000,2.68890,,,25.45910,-84.26360,-84.26360,-84.29960,-83.00330,0.14410,1.08770,82.74040,-15.70110,-29.00470,-11.96010,-15.64780,0.77240,-0.08380,-0.08460
2014-03-31,6.05300,4.19000,1.86300,1.83500,3.76200,5.75100,-3.88800,0.00000,-3.67200,-0.28100,-3.39100,-3.39100,0.77300,-2.61800,-3.61500,-3.88800,33.26600,33.26600,0.02000,-0.08000,2.30820,,,30.77810,-64.23260,-64.23260,-60.66410,-43.25130,0.13420,1.18640,75.85990,-10.32240,-17.80990,-7.51970,-10.29100,0.88130,-0.0143,-0.0185
2013-12-31,6.80900,4.87600,1.93300,2.03900,3.58200,5.62100,-3.68800,0.02700,-3.66100,0.00700,-3.66800,-3.66800,-0.50800,-4.17600,-3.14100,-3.68800,31.32900,31.32900,-0.13000,-0.13000,1.06330,,0.00040,28.38890,-54.16360,-54.16360,-53.76710,-61.33060,0.24990,1.07910,83.40430,-22.69380,-262.37470,-13.46100,-22.55430,0.51850,-0.0661,-0.0669
2013-09-30,6.75900,4.37500,2.38400,2.40700,3.82900,6.23600,-3.85200,-0.78000,-4.63200,0.08500,-4.71700,-4.71700,-1.50500,-6.22200,-4.17600,-3.85200,25.23200,25.23200,-0.25000,-0.25000,1.29520,,0.00050,35.27150,-56.99070,-56.99070,-68.53090,-92.05500,0.22150,1.16230,77.43010,-24.64340,-122.13880,-15.45800,-24.51540,0.61530,-0.0698,-0.07
2013-06-30,4.78300,3.11700,1.66600,1.58800,4.17500,5.76300,-4.09700,-1.41300,-5.51000,-0.08700,-5.42300,-5.42300,-0.26300,-5.68600,-2.55000,-4.09700,18.86100,18.86100,-0.30000,-0.30000,0.43130,0.20950,1.60460,34.83170,-85.65750,-85.65750,-115.19970,-118.87940,0.19680,1.00740,89.34140,-114.45720,48.75050,-22.31780,-88.61110,0.23640,-0.08450,-0.08550
2013-03-31,1.41000,0.64800,0.76200,0.31400,2.77900,3.09300,-2.33100,0.00000,-2.74400,0.10500,-2.84900,-2.84900,-0.57000,-3.41900,-1.57200,-2.33100,18.41700,18.41700,-0.04000,-0.19000,0.41350,0.62950,6.82360,54.04260,-165.31920,-165.31920,-194.60990,-242.48230,0.11290,0.70680,127.34040,-447.25340,37.44740,-22.81940,-143.23780,0.03990,-0.0434,-0.044
2012-12-31,2.04900,0.92700,1.12200,0.57700,4.12400,4.70100,-3.57900,-0.60200,-4.18100,0.03300,-4.21400,-4.21400,,-4.21400,-3.18100,-3.57900,17.79700,17.79700,-0.24000,-0.24000,0.52230,0.37090,1.54180,54.75840,-174.67060,-174.67060,-204.05080,-205.66130,0.14330,0.98560,91.31770,-146.93140,64.38500,-29.47060,-89.31750,0.16970,-0.1406,-0.1401
2012-09-30,0.91200,0.37600,0.53600,0.36500,3.40600,3.77100,-3.23500,-0.52000,-3.75500,0.02000,-3.77500,-3.77500,,-3.77500,-2.76700,-3.23500,17.44700,17.44700,-0.22000,-0.22000,0.58850,0.29140,1.07990,58.77190,-354.71490,-354.71490,-411.73250,-413.92540,0.05860,0.44100,204.07890,-101.94410,64.14610,-24.27030,-70.33730,0.21490,-0.0947,-0.0952
2012-06-30,1.29000,0.67200,0.61800,0.36600,2.50400,2.87000,-2.25200,-0.48700,-2.73900,0.01400,-2.75300,-2.75300,,-2.75300,-1.81100,-2.25200,16.90100,16.90100,-0.16000,-0.16000,1.29800,0.20390,0.67150,47.90700,-174.57370,-174.57370,-212.32560,-213.41090,0.09220,1.26590,71.09300,-52.15000,-280.91850,-19.67130,-40.74290,0.32690,-0.09410,-0.09410
2012-03-31,1.44200,0.81500,0.62700,0.58000,4.46200,10.33000,-9.70300,-12.38100,-22.08000,0.04700,-22.12700,-22.12700,0.00000,-22.12700,-0.59100,-9.70300,10.76700,10.76700,-2.05000,-2.05000,1.67920,0.35060,0.55310,43.68930,-672.88490,-672.88490,-1531.20700,-1534.46600,0.09750,1.21180,74.27180,-395.19520,-1781.56300,-149.54720,-252.13080,0.35740,-0.111,-0.1108
2011-12-31,1.95700,0.79000,1.16700,0.43000,6.85200,7.28200,-6.11500,-0.73100,-6.84600,0.03200,-6.87800,-6.87800,,-6.87800,-5.72400,-6.11500,8.39320,8.39320,-0.80000,-0.80000,0.47320,-0.48560,-0.33600,59.63210,-312.46800,-312.46800,-349.82120,-351.45630,0.09890,1.00880,89.21820,39.02410,25.16650,-34.75490,58.28810,,-0.0959,-0.0967
2011-09-30,1.93800,0.71800,1.22000,0.48400,1.42200,1.90600,-0.68600,-0.24500,-0.93100,,-0.93100,-0.93100,,-0.93100,-0.39600,-0.68600,8.35420,8.35420,-0.10000,-0.10000,0.40000,0.78890,4.47540,62.95150,-35.39730,-35.39730,-48.03920,-48.03920,0.14820,0.96900,92.87930,-82.82930,10.77550,-7.11770,-16.10730,,0.0702,0.0738
2011-06-30,1.89300,0.55000,1.34300,0.66400,1.15000,1.81400,-0.47100,-0.26900,-0.74000,0.03100,-0.77100,-0.77100,,-0.77100,-0.13400,-0.47100,8.33580,8.33580,-0.10000,-0.10000,0.46240,0.67230,2.10380,70.94560,-24.88110,-24.88110,-39.09140,-40.72900,0.14000,0.82300,109.35020,-38.07420,9.89730,-5.70270,-11.91650,,-0.03230,-0.03630
2011-03-31,2.22000,0.22000,2.00000,0.47000,1.94000,2.43000,-0.43000,-0.83000,-1.22000,0.06000,-1.28000,-1.25000,0.00000,-1.25000,0.32000,-0.43000,,,,0.00000,0.51610,0.61330,1.62840,90.09010,-19.36940,-19.36940,-54.95500,-56.30630,0.15630,0.82530,109.05410,-49.52470,17.00680,-8.80280,-18.51850,,0.1534,0.1617
2010-12-31,2.04800,1.25000,0.79800,0.92000,1.91000,2.84000,-2.04200,-6.36000,-8.44000,0.04000,-8.48000,-8.49100,0.00000,-8.49100,-2.07200,-2.04200,7.23480,7.23480,-1.15000,-1.15000,0.50220,0.71070,2.46240,38.57420,-99.70700,-99.70700,-412.10930,-414.59960,0.13700,0.79070,113.81840,-519.64700,102.54830,-56.79600,-141.99000,,-0.1047,-0.0963
2010-09-30,2.07700,1.08000,0.99700,1.06000,1.57000,2.64000,-1.64300,-0.52000,-2.18000,0.06000,-2.24000,-2.25300,0.00000,-2.25300,-1.42300,-1.64300,7.19140,7.19140,-0.30000,-0.30000,0.69850,0.27620,0.38260,47.66490,-79.10450,-79.10450,-104.95910,-108.47380,0.09230,0.67880,132.59510,-22.27610,38.05740,-10.00890,-15.95610,,-0.0043,-0.0146
2010-06-30,2.85800,0.66000,2.19800,1.07000,2.42000,3.50000,-1.30200,-1.02000,-2.34000,0.06000,-2.40000,-2.41000,5.02400,2.61400,-0.96200,-1.30200,7.87500,7.87500,0.35000,0.30000,0.88270,0.22410,0.28890,76.62700,-45.55630,-45.55630,-81.87540,91.46260,0.11930,0.75810,118.71940,-19.74760,61.01270,-10.06260,-15.21470,,-0.04440,-0.05080
2010-03-31,-15.84000,-2.74000,-13.10000,1.66000,-1.09000,0.77000,-13.87000,-40.14000,-53.99000,-0.35000,-53.64000,-42.60000,1.70000,-40.90000,-13.53000,-13.87000,,,,0.00000,0.34110,,3.23170,82.76520,87.56310,87.56310,340.84600,258.20710,-0.33860,-3.36310,-26.76140,-533.56730,515.11470,-91.06460,-527.88100,,0.4115,0.478
2009-12-31,9.65100,2.92000,6.73100,1.18000,5.26000,6.61000,0.12100,0.75000,0.85000,0.27000,0.58000,0.58500,0.00000,0.58500,0.54100,0.12100,7.97000,7.97000,0.05000,0.05000,0.36980,,0.51610,69.73370,1.25370,1.25370,8.80740,6.06150,0.11190,0.97290,92.50860,1.19940,-2.63870,0.67810,1.19710,,-0.0189,-0.0641
2009-09-30,10.14100,3.00000,7.14100,1.35000,5.98000,7.50000,-0.35900,-0.44000,-0.82000,0.38000,-1.20000,-1.20100,0.00000,-1.20100,0.49100,-0.35900,7.97260,7.97260,-0.15000,-0.15000,0.37260,,0.51220,70.40730,-3.54010,-3.54010,-8.08600,-11.84300,0.11640,0.93210,96.55850,-2.51600,5.10850,-1.37810,-2.51100,,-0.3926,-0.4139
2009-06-30,10.08300,,10.08300,0.00000,,,10.08300,,10.08000,0.00000,10.08000,-0.96100,0.00000,-0.96100,10.08300,10.08300,7.96160,7.96160,-0.10000,-0.10000,,,,99.97030,100.00000,100.00000,99.97030,-9.53090,,,,,,,,,0.00000,
2009-03-31,9.90100,,9.90100,,,,9.90100,,9.90100,,9.90100,-0.73700,,-32.66800,9.90100,9.90100,7.25280,7.25280,-4.45000,-4.45000,,,,100.00000,100.00000,100.00000,100.00000,-329.94650,,,,,,,,,0,0
