Date,revenue,cost-goods-sold,gross-profit,selling-general-administrative-expenses,other-operating-income-expenses,operating-expenses,operating-income,total-non-operating-income-expense,pre-tax-income,total-provision-income-taxes,income-after-taxes,income-from-continuous-operations,income-from-discontinued-operations,net-income,ebitda,ebit,basic-shares-outstanding,shares-outstanding,eps-basic-net-earnings-per-share,eps-earnings-per-share-diluted,current-ratio,long-term-debt-capital,debt-equity-ratio,gross-margin,operating-margin,ebit-margin,pre-tax-profit-margin,net-profit-margin,asset-turnover,inventory-turnover,receiveable-turnover,days-sales-in-receivables,roe,return-on-tangible-equity,roa,roi,book-value-per-share,operating-cash-flow-per-share,free-cash-flow-per-share
2024-03-31,4901.00000,4023.00000,878.00000,366.00000,,459.00000,419.00000,-50.00000,369.00000,76.00000,293.00000,224.00000,,218.00000,651.00000,419.00000,275.19000,275.31000,0.79000,0.79000,1.29130,0.29430,0.54830,17.91470,8.54930,8.54930,7.52910,4.44810,0.20730,1.69680,1.34200,67.06390,1.97840,5.76430,0.94740,1.39620,41.61830,0.88630,-0.07630
2023-12-31,4919.00000,3997.00000,922.00000,381.00000,,567.00000,355.00000,-44.00000,311.00000,-680.00000,991.00000,919.00000,,905.00000,603.00000,355.00000,276.92000,282.88000,3.36000,3.25000,1.71530,0.34560,0.52900,18.74370,7.21690,7.21690,6.32240,18.39810,0.20140,1.69010,1.38720,64.87900,7.82460,21.90700,3.76220,5.12010,42.09180,2.208,1.4928
2023-09-30,5114.00000,4221.00000,893.00000,360.00000,,447.00000,446.00000,-49.00000,397.00000,-1312.00000,1709.00000,1637.00000,,1629.00000,674.00000,446.00000,282.84000,283.01000,5.76000,5.76000,1.80790,0.36890,0.58850,17.46190,8.72120,8.72120,7.76300,31.85370,0.21570,1.73560,1.40220,64.18260,14.90890,46.98620,6.90400,9.40860,38.82270,2.5661,1.8818
2023-06-30,5200.00000,4336.00000,864.00000,353.00000,,454.00000,410.00000,-61.00000,349.00000,30.00000,319.00000,246.00000,,229.00000,637.00000,410.00000,272.69000,272.77000,0.84000,0.84000,1.75900,0.40730,0.69100,16.61540,7.88460,7.88460,6.71150,4.40380,0.23530,1.82180,1.39450,64.54040,2.61010,13.68190,1.11320,1.54710,33.32460,1.9616,1.1645
2023-03-31,4818.00000,4058.00000,760.00000,342.00000,,412.00000,348.00000,-68.00000,280.00000,34.00000,246.00000,164.00000,,146.00000,566.00000,348.00000,271.01000,271.17000,0.54000,0.54000,1.71360,0.41370,0.71040,15.77420,7.22290,7.22290,5.81150,3.03030,0.22190,1.63300,1.35190,66.57530,1.78750,10.63550,0.75520,1.04810,33.89140,-0.03320,-1.02520
2022-12-31,4640.00000,3827.00000,813.00000,303.00000,,373.00000,440.00000,-72.00000,368.00000,25.00000,343.00000,266.00000,,233.00000,630.00000,440.00000,270.90000,271.18000,0.86000,0.87000,1.60000,0.41790,0.72140,17.52160,9.48280,9.48280,7.93100,5.02160,0.21200,1.63550,1.35160,66.58840,2.95620,20.35200,1.21550,1.72080,33.20910,3.4401,2.7882
2022-09-30,4614.00000,3821.00000,793.00000,275.00000,,323.00000,470.00000,-38.00000,432.00000,59.00000,373.00000,306.00000,,286.00000,663.00000,470.00000,270.93000,271.10000,1.06000,1.05000,2.66000,0.43050,0.75790,17.18680,10.18640,10.18640,9.36280,6.19850,0.23100,1.65700,1.37080,65.65670,3.65110,5.77250,1.53220,2.07920,30.93390,1.6122,0.8313
2022-06-30,4057.00000,3617.00000,440.00000,286.00000,,343.00000,97.00000,-81.00000,16.00000,16.00000,,-72.00000,,-61.00000,292.00000,97.00000,270.93000,270.93000,-0.23000,-0.23000,2.62700,0.43720,0.77880,10.84550,2.39090,2.39090,0.39440,-1.50360,0.20380,1.53130,1.33980,67.17280,-0.86940,-1.43600,-0.36170,-0.48930,30.56840,0.35,-0.4111
2022-03-31,4178.00000,3589.00000,589.00000,274.00000,,333.00000,256.00000,-82.00000,174.00000,21.00000,153.00000,90.00000,,73.00000,449.00000,256.00000,270.79000,271.16000,0.27000,0.27000,2.59860,0.43060,0.76020,14.09770,6.12730,6.12730,4.16470,1.74720,0.20480,1.55230,1.36800,65.78750,1.04650,1.73180,0.44110,0.59590,31.74430,-0.74490,-1.64850
2021-12-31,4134.00000,3543.00000,591.00000,291.00000,,331.00000,260.00000,-167.00000,93.00000,,93.00000,39.00000,,15.00000,451.00000,260.00000,270.46000,271.22000,0.06000,0.05000,2.00520,0.32160,0.47510,14.29610,6.28930,6.28930,2.24960,0.36280,0.22960,1.75920,1.48490,60.60960,0.45560,0.76680,0.21660,0.30900,31.64720,2.4665,1.8177
2021-09-30,3654.00000,3138.00000,516.00000,263.00000,,301.00000,215.00000,-35.00000,180.00000,25.00000,155.00000,104.00000,,86.00000,409.00000,215.00000,270.51000,271.20000,0.32000,0.32000,2.11370,0.32000,0.47160,14.12150,5.88400,5.88400,4.92610,2.35360,0.20700,1.48090,1.34590,66.87190,1.22370,2.07090,0.58920,0.83210,31.41870,0.0137,-0.6016
2021-06-30,3807.00000,3205.00000,602.00000,266.00000,,317.00000,285.00000,-38.00000,247.00000,28.00000,219.00000,166.00000,,147.00000,485.00000,285.00000,270.49000,271.06000,0.54000,0.54000,2.06270,0.32100,0.47470,15.81300,7.48620,7.48620,6.48800,3.86130,0.21410,1.77960,1.43440,62.74230,1.94720,3.34880,0.93360,1.32210,31.51480,1.096,0.631
2021-03-31,4023.00000,3296.00000,727.00000,255.00000,,298.00000,429.00000,-39.00000,390.00000,48.00000,342.00000,300.00000,,279.00000,625.00000,429.00000,270.31000,271.14000,1.03000,1.03000,1.96900,0.32290,0.48620,18.07110,10.66370,10.66370,9.69430,6.93510,0.23020,2.16130,1.43780,62.59510,3.62490,6.32910,1.71660,2.45460,30.59940,0.92940,0.43890
2020-12-31,4212.00000,3433.00000,779.00000,278.00000,,333.00000,446.00000,-33.00000,413.00000,55.00000,358.00000,315.00000,,283.00000,656.00000,446.00000,263.43000,270.70000,0.95000,0.90000,1.84500,0.33120,0.50630,18.49480,10.58880,10.58880,9.80530,6.71890,0.24040,2.64690,1.49790,60.08550,3.88890,7.11220,1.79770,2.60090,29.99720,2.9489,2.6149
2020-09-30,3668.00000,3021.00000,647.00000,229.00000,,283.00000,364.00000,-37.00000,327.00000,-2.00000,329.00000,305.00000,,283.00000,559.00000,364.00000,270.03000,270.38000,1.05000,1.05000,1.84100,0.34250,0.53400,17.63900,9.92370,9.92370,8.91490,7.71540,0.22310,2.45810,1.40000,64.28570,4.03760,7.66330,1.85480,2.65470,27.97520,2.0579,1.6967
2020-06-30,1960.00000,1947.00000,13.00000,217.00000,,324.00000,-311.00000,-50.00000,-361.00000,-14.00000,-347.00000,-365.00000,,-369.00000,-124.00000,-311.00000,258.03000,258.21000,-1.43000,-1.43000,1.89300,0.35640,0.58180,0.66330,-15.86740,-15.86740,-18.41840,-18.82650,0.12830,1.60640,1.06870,84.21430,-5.12210,-10.08010,-2.38870,-3.29660,26.39020,-0.4163,-1.048
2020-03-31,3226.00000,2725.00000,501.00000,252.00000,1434.00000,-1118.00000,1619.00000,-44.00000,1575.00000,10.00000,1565.00000,1567.00000,,1572.00000,1800.00000,1619.00000,255.51000,255.83000,6.15000,6.14000,1.69360,0.53650,1.20780,15.53010,50.18600,50.18600,48.82210,48.72910,0.19950,1.99930,1.39770,64.38930,30.40950,96.01720,9.69260,14.09550,20.21940,0.62930,-0.16420
2019-12-31,3596.00000,2909.00000,687.00000,298.00000,,363.00000,324.00000,-56.00000,268.00000,30.00000,238.00000,241.00000,,230.00000,504.00000,324.00000,256.81000,257.39000,0.89000,0.90000,1.31200,0.49750,1.08800,19.10460,9.01000,9.01000,7.45270,6.39600,0.26720,2.26210,1.39980,64.29640,6.00850,57.65550,1.79060,3.01930,15.71170,2.718,2.1012
2019-09-30,3559.00000,2882.00000,677.00000,262.00000,,357.00000,320.00000,-35.00000,285.00000,38.00000,247.00000,252.00000,,246.00000,499.00000,320.00000,255.89000,256.44000,0.96000,0.96000,1.38970,0.51020,1.15920,19.02220,8.99130,8.99130,8.00790,6.91210,0.27510,2.14280,1.33750,67.29140,6.66490,48.74280,1.94760,3.26420,14.78950,1.2748,0.6298
2019-06-30,3627.00000,2958.00000,669.00000,260.00000,,334.00000,335.00000,-37.00000,298.00000,31.00000,267.00000,271.00000,,274.00000,524.00000,335.00000,257.02000,257.26000,1.07000,1.07000,1.21620,0.51710,1.20950,18.44500,9.23630,9.23630,8.21620,7.55450,0.27670,2.26840,1.35390,66.47640,7.26150,-301.11110,2.06740,3.50630,14.56710,1.9931,1.1688
2019-03-31,3575.00000,2962.00000,613.00000,256.00000,,316.00000,297.00000,-22.00000,275.00000,33.00000,242.00000,245.00000,,240.00000,472.00000,297.00000,259.08000,259.55000,0.93000,0.92000,1.20050,0.52360,1.24810,17.14690,8.30770,8.30770,7.69230,6.71330,0.27460,2.23380,1.30670,68.87830,6.74000,-121.28710,1.88190,3.21100,14.09790,0.32360,-0.57020
2018-12-31,3636.00000,2967.00000,669.00000,242.00000,,314.00000,355.00000,-62.00000,293.00000,42.00000,251.00000,257.00000,,247.00000,559.00000,355.00000,264.41000,265.22000,0.94000,0.93000,1.29320,0.52390,1.18370,18.39930,9.76350,9.76350,8.05830,6.79320,0.29130,2.32340,1.46200,61.55940,7.00270,-109.82910,2.05930,3.33420,14.11590,2.8556,2.1683
2018-09-30,3485.00000,2834.00000,651.00000,232.00000,,328.00000,323.00000,-30.00000,293.00000,66.00000,227.00000,231.00000,,222.00000,487.00000,323.00000,264.56000,265.33000,0.84000,0.84000,1.53650,0.51740,1.07850,18.68010,9.26830,9.26830,8.40750,6.37020,0.28270,2.08690,1.32260,68.04880,6.06460,53.59630,1.87390,2.92660,14.42270,0.646,-0.1389
2018-06-30,3684.00000,2958.00000,726.00000,260.00000,,305.00000,421.00000,-43.00000,378.00000,83.00000,295.00000,303.00000,,291.00000,579.00000,421.00000,264.81000,265.48000,1.10000,1.10000,1.55320,0.51970,1.08810,19.70680,11.42780,11.42780,10.26060,7.89900,0.29910,2.33830,1.41800,63.46910,8.06280,85.11240,2.46020,3.87220,14.18940,2.055,1.2871
2018-03-31,3630.00000,2947.00000,683.00000,259.00000,,309.00000,374.00000,-4.00000,370.00000,59.00000,311.00000,316.00000,,307.00000,531.00000,374.00000,265.69000,266.44000,1.16000,1.15000,1.59820,0.52960,1.14200,18.81540,10.30300,10.30300,10.19280,8.45730,0.28900,2.45170,1.37190,65.60330,8.54520,61.47860,2.51590,4.01980,13.96730,0.58170,-0.31900
2017-12-31,3440.00000,2730.00000,710.00000,266.00000,,324.00000,386.00000,-36.00000,350.00000,135.00000,215.00000,222.00000,55.00000,256.00000,542.00000,386.00000,265.84000,267.44000,0.96000,0.95000,1.59350,0.54020,1.17970,20.63950,11.22090,11.22090,10.17440,7.44190,0.28270,2.52080,1.40980,63.83720,6.31220,62.71190,1.82430,2.90230,13.22980,1.5963,0.7867
2017-09-30,3148.00000,2498.00000,650.00000,230.00000,,277.00000,373.00000,-42.00000,331.00000,31.00000,300.00000,306.00000,107.00000,395.00000,511.00000,373.00000,266.24000,267.16000,1.48000,1.48000,1.61960,0.57470,1.35560,20.64800,11.84880,11.84880,10.51460,12.54770,0.22220,1.52130,0.97610,92.20140,8.46710,41.86050,2.16010,3.60080,13.59470,0.576,-0.0453
2017-06-30,3153.00000,2498.00000,655.00000,231.00000,,291.00000,364.00000,-27.00000,337.00000,38.00000,299.00000,306.00000,80.00000,369.00000,495.00000,364.00000,267.41000,268.03000,1.38000,1.38000,1.40260,0.55270,1.23960,20.77390,11.54460,11.54460,10.68820,11.70310,0.24150,1.68220,1.00830,89.25780,9.31510,72.00000,2.34380,4.16670,12.31060,2.2409,1.6964
2017-03-31,3143.00000,2544.00000,599.00000,225.00000,,306.00000,293.00000,-56.00000,237.00000,19.00000,218.00000,229.00000,123.00000,335.00000,421.00000,293.00000,269.20000,269.54000,1.24000,1.24000,1.34090,0.57510,1.35610,19.05820,9.32230,9.32230,7.54060,10.65860,0.25150,1.85020,1.00350,89.68500,7.76530,154.72970,1.83240,3.29970,11.00920,1.07590,0.46750
2016-12-31,3193.00000,2325.00000,868.00000,252.00000,,343.00000,525.00000,-344.00000,181.00000,-4.00000,185.00000,197.00000,109.00000,281.00000,490.00000,525.00000,270.38000,271.64000,1.04000,1.03000,1.30640,0.58860,1.43430,27.18450,16.44220,16.44220,5.66870,8.80050,0.25980,2.70660,1.49910,60.03760,7.12990,174.33630,1.60270,2.93330,10.24130,2.5336,2.3845
2016-09-30,4091.00000,3253.00000,838.00000,278.00000,,375.00000,463.00000,-110.00000,353.00000,57.00000,296.00000,306.00000,0.00000,293.00000,639.00000,463.00000,272.19000,272.77000,1.08000,1.07000,1.34000,0.58030,1.39470,20.48400,11.31750,11.31750,8.62870,7.16210,0.33750,2.36580,1.37140,65.62450,10.47590,1912.50000,2.52430,4.39720,10.76760,1.5282,0.8064
2016-06-30,4206.00000,3346.00000,860.00000,278.00000,,466.00000,394.00000,-46.00000,348.00000,84.00000,264.00000,271.00000,0.00000,258.00000,586.00000,394.00000,272.92000,273.37000,0.95000,0.94000,1.29550,0.58900,1.46790,20.44700,9.36760,9.36760,8.27390,6.13410,0.35180,2.53870,1.45030,62.05420,9.78340,-185.61640,2.26650,4.02140,10.15530,2.1163,1.5012
2016-03-31,4051.00000,3262.00000,789.00000,277.00000,,345.00000,444.00000,-40.00000,404.00000,75.00000,329.00000,335.00000,108.00000,425.00000,609.00000,444.00000,276.62000,277.04000,1.54000,1.53000,1.25140,0.60110,1.64640,19.47670,10.96030,10.96030,9.97280,10.49120,0.33560,2.53460,1.38070,65.18390,12.67020,-105.01570,2.77520,5.05360,9.66250,0.96740,0.10470
2015-12-31,3879.00000,3161.00000,718.00000,252.00000,,383.00000,335.00000,-56.00000,279.00000,61.00000,218.00000,224.00000,-3.00000,192.00000,288.00000,335.00000,279.29000,281.64000,0.69000,0.68000,1.30400,0.59140,1.46650,18.50990,8.63620,8.63620,7.19260,4.94970,0.32400,2.67650,1.41050,63.80510,8.19610,-118.51850,1.87090,3.34880,9.82360,2.5024,2.6119
2015-09-30,3631.00000,2862.00000,769.00000,249.00000,,308.00000,461.00000,-41.00000,420.00000,61.00000,359.00000,364.00000,54.00000,404.00000,595.00000,461.00000,282.97000,284.40000,1.43000,1.42000,1.25470,0.49310,1.12550,21.17870,12.69620,12.69620,11.56710,11.12640,0.33650,2.41110,1.38850,64.81690,13.12190,24.76190,3.37290,6.65200,9.88540,1.2282,0.5936
2015-06-30,3858.00000,3076.00000,782.00000,261.00000,,301.00000,481.00000,-32.00000,449.00000,80.00000,369.00000,369.00000,298.00000,645.00000,619.00000,481.00000,287.77000,288.85000,2.24000,2.23000,1.57320,0.47130,0.90570,20.26960,12.46760,12.46760,11.63820,16.71850,0.35690,2.67480,1.42890,62.98600,12.21450,21.19470,3.41380,6.45780,10.56640,1.8535,1.3474
2015-03-31,3797.00000,3056.00000,741.00000,255.00000,,295.00000,446.00000,-86.00000,360.00000,61.00000,299.00000,304.00000,-75.00000,209.00000,576.00000,446.00000,290.90000,291.81000,0.72000,0.72000,1.48950,0.50090,1.02030,19.51540,11.74610,11.74610,9.48120,5.50430,0.36290,2.82700,1.41840,63.45270,11.41570,22.17360,2.90520,5.69720,9.19750,0.46260,-0.26730
2014-12-31,3778.00000,3004.00000,774.00000,268.00000,,310.00000,464.00000,-33.00000,431.00000,74.00000,357.00000,362.00000,6.00000,344.00000,600.00000,464.00000,294.11000,296.93000,1.17000,1.16000,1.34330,0.44260,0.80520,20.48700,12.28160,12.28160,11.40820,9.10530,0.35240,2.96540,1.57420,57.17310,12.01460,22.22220,3.37660,6.69750,10.33200,2.9855,2.3917
2014-09-30,3762.00000,3041.00000,721.00000,259.00000,,329.00000,392.00000,-28.00000,364.00000,56.00000,308.00000,313.00000,12.00000,305.00000,531.00000,392.00000,298.59000,300.14000,1.02000,1.02000,1.47810,0.41700,0.72630,19.16530,10.42000,10.42000,9.67570,8.10740,0.34440,2.47840,1.32510,67.91870,9.26310,13.63240,2.86550,5.40030,11.39030,1.6927,1.07
2014-06-30,4062.00000,3262.00000,800.00000,261.00000,,338.00000,462.00000,-30.00000,432.00000,56.00000,376.00000,379.00000,27.00000,382.00000,600.00000,462.00000,302.68000,303.74000,1.26000,1.26000,1.52130,0.39650,0.66560,19.69470,11.37370,11.37370,10.63520,9.40420,0.35470,2.58480,1.33220,67.55540,10.28770,15.00400,3.30950,6.20900,12.23860,2.0688,1.5955
2014-03-31,3897.00000,3164.00000,733.00000,248.00000,,293.00000,440.00000,-52.00000,388.00000,69.00000,319.00000,326.00000,15.00000,320.00000,576.00000,440.00000,305.85000,306.89000,1.05000,1.04000,1.49620,0.40900,0.70090,18.80930,11.29070,11.29070,9.95640,8.21140,0.34850,2.56190,1.27100,70.80830,9.33030,14.14930,2.91540,5.51420,11.48410,0.44320,-0.43990
2013-12-31,2770.00000,2133.00000,637.00000,217.00000,,277.00000,360.00000,-30.00000,330.00000,58.00000,272.00000,261.00000,,298.00000,461.00000,360.00000,310.82000,311.80000,0.96000,0.97000,1.47710,0.40640,0.70240,22.99640,12.99640,12.99640,11.91340,10.75810,0.25070,1.95150,1.04060,86.49100,7.60050,11.78330,2.36260,4.51170,11.20800,2.1679,1.9044
2013-09-30,4017.00000,3338.00000,679.00000,228.00000,,292.00000,387.00000,-30.00000,357.00000,72.00000,285.00000,293.00000,,271.00000,527.00000,387.00000,309.68000,310.62000,0.88000,0.87000,1.50040,0.42260,0.75020,16.90320,9.63410,9.63410,8.88720,6.74630,0.37160,2.70720,1.40650,63.98810,9.09090,14.67940,2.71020,5.24900,10.46160,1.2956,0.7864
2013-06-30,4240.00000,3464.00000,776.00000,241.00000,,293.00000,483.00000,-31.00000,452.00000,73.00000,379.00000,389.00000,,367.00000,618.00000,483.00000,311.93000,312.69000,1.18000,1.17000,1.47890,0.43760,0.79750,18.30190,11.39150,11.39150,10.66040,8.65570,0.40190,2.98110,1.47840,60.87740,12.78760,21.39710,3.68690,7.19170,9.80660,1.6766,1.2839
2013-03-31,4024.00000,3339.00000,685.00000,230.00000,,288.00000,397.00000,-70.00000,327.00000,37.00000,290.00000,298.00000,,276.00000,531.00000,397.00000,314.68000,315.36000,0.88000,0.88000,1.46620,0.45050,0.85540,17.02290,9.86580,9.86580,8.12620,6.85880,0.39170,2.90850,1.43970,62.51240,10.28650,17.89790,2.90080,5.65250,9.26780,0.47250,-0.19660
2012-12-31,3767.00000,3158.00000,609.00000,254.00000,,432.00000,177.00000,-46.00000,131.00000,-15.00000,146.00000,155.00000,,136.00000,327.00000,177.00000,322.94000,323.29000,0.45000,0.44000,1.42850,0.45090,0.87070,16.16670,4.69870,4.69870,3.47760,3.61030,0.37020,2.96250,1.55340,57.93740,5.47700,9.97430,1.52320,3.00740,8.97560,0.9362,0.5138
2012-09-30,3663.00000,3058.00000,605.00000,215.00000,,238.00000,367.00000,-29.00000,338.00000,52.00000,286.00000,292.00000,,269.00000,485.00000,367.00000,320.93000,321.28000,0.84000,0.84000,1.60680,0.41040,0.72820,16.51650,10.01910,10.01910,9.22740,7.34370,0.38000,2.72790,1.44210,62.40790,10.17420,12.57540,3.02940,5.99840,9.03780,1.3236,0.8046
2012-06-30,3997.00000,3272.00000,725.00000,230.00000,,257.00000,468.00000,-28.00000,440.00000,98.00000,342.00000,350.00000,,330.00000,585.00000,468.00000,325.87000,326.14000,1.01000,1.01000,1.58280,0.42830,0.77510,18.13860,11.70880,11.70880,11.00830,8.25620,0.42350,2.95840,1.51690,59.33200,13.14310,16.57980,3.70880,7.51400,8.24470,1.4199,1.0249
2012-03-31,4092.00000,3373.00000,719.00000,228.00000,,255.00000,464.00000,-28.00000,436.00000,77.00000,359.00000,363.00000,,342.00000,582.00000,464.00000,328.24000,328.47000,1.04000,1.04000,1.54730,0.43010,0.78830,17.57090,11.33920,11.33920,10.65490,8.35780,0.42240,2.96660,1.43380,62.77130,13.72400,17.57870,3.74690,7.82160,8.05800,0.89200,0.10960
2011-12-31,3900.00000,3221.00000,679.00000,245.00000,,268.00000,411.00000,-67.00000,344.00000,29.00000,315.00000,290.00000,0.00000,290.00000,534.00000,411.00000,328.00000,328.00000,0.88000,0.88000,1.48200,0.47900,0.96870,17.41030,10.53850,10.53850,8.82050,7.43590,0.42730,3.05600,1.58600,56.74620,13.35790,18.41270,3.17700,6.95940,6.61400,1.4995,0.9562
2011-09-30,3931.00000,3294.00000,637.00000,222.00000,,244.00000,393.00000,-23.00000,370.00000,87.00000,283.00000,285.00000,,266.00000,521.00000,393.00000,336.83000,336.83000,0.79000,0.79000,,,,16.20450,9.99750,9.99750,9.41240,6.76670,,,,,,,,,,1.2214,0.7829
2011-06-30,4213.00000,3518.00000,695.00000,240.00000,,267.00000,428.00000,-45.00000,383.00000,73.00000,310.00000,316.00000,,298.00000,545.00000,428.00000,337.78000,337.78000,0.88000,0.88000,,,,16.49660,10.15900,10.15900,9.09090,7.07330,,,,,,,,,,1.2502,0.7259
2011-03-31,3997.00000,3353.00000,644.00000,205.00000,,232.00000,412.00000,-3.00000,409.00000,116.00000,293.00000,310.00000,,291.00000,529.00000,412.00000,686.99000,686.99000,0.42000,0.42000,,,,16.11210,10.30770,10.30770,10.23270,7.28050,,,,,,,,,,0.22710,0.03200
2010-12-31,,,,,,,,,,,,,,,,,,,,0.00000,,,,,,,,,,,,,,,,,,0,0
2009-12-31,,,,,,,,,,,,,,,,,,,,0.00000,,,,,,,,,,,,,,,,,,0,0
