Date,revenue,cost-goods-sold,gross-profit,research-development-expenses,selling-general-administrative-expenses,operating-expenses,operating-income,total-non-operating-income-expense,pre-tax-income,total-provision-income-taxes,income-after-taxes,income-from-continuous-operations,income-from-discontinued-operations,net-income,ebitda,ebit,basic-shares-outstanding,shares-outstanding,eps-basic-net-earnings-per-share,eps-earnings-per-share-diluted,current-ratio,long-term-debt-capital,debt-equity-ratio,gross-margin,operating-margin,ebit-margin,pre-tax-profit-margin,net-profit-margin,asset-turnover,inventory-turnover,receiveable-turnover,days-sales-in-receivables,roe,return-on-tangible-equity,roa,roi,book-value-per-share,operating-cash-flow-per-share,free-cash-flow-per-share
2023-12-31,107.23800,71.33600,35.90200,15.28100,24.58500,39.86600,-3.96400,-4.77900,-8.74300,0.87800,-9.62100,-9.62100,,-9.62100,-2.18100,-3.96400,97.77600,97.77600,-0.10000,-0.10000,1.58220,0.77900,3.66730,33.47880,-3.69640,-3.69640,-8.15290,-8.97160,0.22510,0.45960,1.38560,64.95580,-20.18970,94.01030,-2.01970,-4.46090,0.48050,-0.051,-0.0636
2023-09-30,103.89200,64.39900,39.49300,14.01300,23.26700,37.28000,2.21300,-3.25000,-1.03700,1.93200,-2.96900,-2.96900,,-2.96900,3.70200,2.21300,96.55500,96.55500,-0.03000,-0.03000,1.65870,0.76920,3.45520,38.01350,2.13010,2.13010,-0.99820,-2.85780,0.21790,0.42940,1.34280,67.02440,-5.82800,43.18550,-0.62270,-1.34500,0.52670,-0.08900,-0.10030
2023-06-30,118.29200,80.61400,37.67800,14.18700,23.94800,38.13500,-0.45700,-1.51900,-1.97600,0.58000,-2.55600,-2.55600,,-2.55600,0.87800,-0.45700,94.88400,94.88400,-0.03000,-0.03000,1.70180,0.76170,3.30390,31.85170,-0.38630,-0.38630,-1.67040,-2.16080,0.24680,0.55540,1.58190,56.89250,-4.76340,60.39700,-0.53340,-1.13490,0.55590,0.0955,0.0095
2023-03-31,118.06000,79.34200,38.71800,14.20900,22.19300,36.40200,2.31600,-1.19500,1.12100,0.52200,0.59900,0.59900,,0.59900,3.66000,2.31600,95.52200,97.45500,0.01000,0.01000,1.78760,0.75960,3.26380,32.79520,1.96170,1.96170,0.94950,0.50740,0.24820,0.52690,1.52630,58.96580,1.09500,-17.83260,0.12590,0.26330,0.57250,0.2583,0.2406
2022-12-31,114.76000,71.79300,42.96700,14.64100,25.62100,40.26200,2.70500,-3.53000,-0.82500,1.04900,-1.87400,-1.87400,,-1.87400,4.08400,2.70500,94.56700,94.56700,-0.02000,-0.02000,1.82410,0.77090,3.47480,37.44070,2.35710,2.35710,-0.71890,-1.63300,0.24480,0.46120,1.28670,69.94450,-3.62160,29.75090,-0.39980,-0.82980,0.54190,-0.1905,-0.2062
2022-09-30,96.49300,61.89600,34.59700,14.09200,22.68700,36.77900,-2.18200,-2.92600,-5.10800,0.34100,-5.44900,-5.44900,,-5.44900,-0.78700,-2.18200,93.52900,93.52900,-0.06000,-0.06000,1.74130,0.78410,3.75230,35.85440,-2.26130,-2.26130,-5.29360,-5.64700,0.20690,0.40550,1.25270,71.84570,-11.59580,50.07810,-1.16840,-2.50400,0.50110,0.00050,-0.01310
2022-06-30,110.02300,67.00300,43.02000,14.56900,26.40300,40.97200,2.04800,-3.47300,-1.42500,2.02700,-3.45200,-3.45200,,-3.45200,3.54000,2.04800,92.09500,92.09500,-0.04000,-0.04000,1.68000,0.76370,3.39300,39.10090,1.86140,1.86140,-1.29520,-3.13750,0.23270,0.47100,1.16500,77.25460,-6.49010,70.43450,-0.73000,-1.53360,0.56890,-0.0503,-0.0657
2022-03-31,96.16900,61.38500,34.78400,14.10400,20.97200,35.07600,-0.29200,-0.34700,-0.63900,0.40700,-1.04600,-1.04600,,-1.04600,1.32600,-0.29200,92.76100,92.76100,-0.01000,-0.01000,1.72440,0.77040,3.51190,36.16970,-0.30360,-0.30360,-0.66450,-1.08770,0.20490,0.44640,1.07700,83.56700,-2.02680,15.66570,-0.22280,-0.46530,0.55610,-0.2314,-0.2432
2021-12-31,116.27500,73.64800,42.62700,14.69700,23.94900,38.64600,3.98100,-3.32200,0.65900,0.48000,0.17900,0.17900,,0.17900,5.62600,3.98100,91.76100,93.93200,0.00000,0.00000,1.71890,0.77380,3.56970,36.66050,3.42380,3.42380,0.56680,0.15390,0.24450,0.59550,1.41960,63.39670,0.35100,-2.44070,0.03760,0.07940,0.54990,0.3503,0.3423
2021-09-30,107.44200,67.91800,39.52400,14.38200,22.73100,37.11300,2.41100,-3.00800,-0.59700,0.43100,-1.02800,-1.02800,,-1.02800,3.98600,2.41100,90.83800,90.83800,-0.01000,-0.01000,1.86130,0.80920,4.32230,36.78640,2.24400,2.24400,-0.55560,-0.95680,0.22580,0.53690,1.14250,78.77200,-2.24630,8.18210,-0.21610,-0.42850,0.50340,-0.09470,-0.11070
2021-06-30,110.93600,67.20500,43.73100,15.35700,24.23200,39.58900,4.14200,-14.83400,-10.69200,0.40000,-11.09200,-11.09200,,-11.09200,5.90900,4.14200,92.03100,92.03100,-0.12000,-0.12000,1.83390,0.71180,2.52470,39.42000,3.73360,3.73370,-9.63800,-9.99860,0.23110,0.53370,1.29960,69.25070,-16.11270,-106.19440,-2.31040,-4.64400,0.75800,0.0715,0.0616
2021-03-31,102.56200,63.02000,39.54200,13.26800,21.84800,35.11600,4.42600,-4.09500,0.33100,0.72100,-0.39000,-0.39000,,-0.39000,6.37000,4.42600,93.12300,93.12300,0.00000,0.00000,1.86080,0.67630,2.33010,38.55420,4.31540,4.31540,0.32270,-0.38030,0.21070,0.46050,1.46700,61.35080,-0.49650,-1.93560,-0.08010,-0.16070,0.84230,0.1712,0.1684
2020-12-31,97.45900,56.62800,40.83100,11.95600,20.67600,32.63200,8.19900,-3.14300,5.05600,0.28700,4.76900,4.76900,,4.76900,10.21600,8.19900,92.02500,93.35300,0.05000,0.05000,1.92980,0.68360,2.32210,41.89560,8.41280,8.41280,5.18780,4.89330,0.20380,0.40840,1.49100,60.36420,6.13160,24.75350,0.99740,1.93970,0.83640,0.2071,0.2008
2020-09-30,85.33200,49.92900,35.40300,12.14800,17.78700,29.93500,5.46800,-4.72200,0.74600,0.34400,0.40200,0.40200,,0.40200,7.48500,5.46800,91.19400,91.68100,0.00000,0.00000,1.96610,0.72010,2.66440,41.48850,6.40790,6.40790,0.87420,0.47110,0.18360,0.35410,1.13720,79.13870,0.59610,4.46670,0.08650,0.16680,0.73890,-0.03130,-0.03750
2020-06-30,94.97700,55.23200,39.74500,12.21500,22.30300,34.51800,5.22700,-5.11700,0.11000,0.26200,-0.15200,-0.15200,,-0.15200,7.53000,5.22700,89.87400,90.62300,,0.00000,1.96130,0.74840,2.97490,41.84700,5.50350,5.50340,0.11580,-0.16000,0.19350,0.41100,1.04830,85.85140,-0.23890,-2.89250,-0.03100,-0.06010,0.69790,0.2071,0.1982
2020-03-31,99.54800,60.41500,39.13300,11.16400,20.00000,31.16400,7.96900,-5.05900,2.91000,0.28500,2.62500,2.62500,,2.62500,8.16400,7.96900,90.47600,90.85500,0.03000,0.03000,1.95120,0.76100,3.18420,39.31070,8.00520,8.00520,2.92320,2.63690,0.20320,0.44330,0.96950,92.83610,4.38400,180.28690,0.53570,1.04770,0.67640,-0.1328,-0.1352
2019-12-31,98.82600,60.92600,37.90000,13.06400,21.21300,34.27700,3.62300,7.76600,11.38900,0.67900,10.71000,10.71000,,10.71000,7.82000,3.62300,89.51700,90.27900,0.12000,0.12000,1.89660,0.76650,3.28330,38.35020,3.66600,3.66600,11.52430,10.83720,0.20610,0.46420,1.12640,79.89860,19.12500,-456.32720,2.23370,4.46500,0.61990,0.1869,0.1731
2019-09-30,89.57700,56.63400,32.94300,13.34100,23.88200,37.22300,-4.28000,-4.43900,-8.71900,0.63700,-9.35600,-9.35600,,-9.35600,-2.08600,-4.28000,88.77200,88.77200,-0.11000,-0.11000,1.93720,0.82140,4.59950,36.77620,-4.77800,-4.77800,-9.73350,-10.44460,0.19320,0.43820,0.85570,105.17830,-22.83400,53.99980,-2.01750,-4.07790,0.46260,-0.27740,-0.29160
2019-06-30,117.41700,71.49100,45.92600,16.05100,26.61700,42.66800,3.25800,-3.79400,-0.53600,0.86400,-1.40000,-1.40000,,-1.40000,8.03200,3.25800,87.46500,87.46500,-0.02000,-0.02000,1.79040,0.76220,3.20510,39.11360,2.77470,2.77470,-0.45650,-1.19230,0.26800,0.59170,1.04940,85.75970,-2.80720,16.32080,-0.31950,-0.66760,0.56340,0.1014,0.0889
2019-03-31,103.22100,62.75500,40.46600,12.91300,24.67200,37.58500,2.88100,-3.82900,-0.94800,0.23600,-1.18400,-1.18400,,-1.18400,5.18800,2.88100,87.96200,87.96200,-0.01000,-0.01000,1.71440,0.75390,3.06350,39.20330,2.79110,2.79110,-0.91840,-1.14710,0.25420,0.50430,1.03450,86.99450,-2.48510,10.87940,-0.29150,-0.61160,0.54130,-0.0781,-0.0895
2018-12-31,102.31800,63.93800,38.38000,13.64000,25.60800,39.24800,-0.86800,-3.32100,-4.18900,0.45100,-4.64000,-4.64000,,-4.64000,1.56100,-0.86800,87.23700,87.23700,-0.05000,-0.05000,1.71110,0.74780,2.96510,37.51050,-0.84830,-0.84830,-4.09410,-4.53490,0.26500,0.53510,1.18520,75.93940,-10.05530,37.51310,-1.20180,-2.53600,0.52510,-0.1561,-0.163
2018-09-30,95.82900,57.95000,37.87900,13.88900,28.67800,42.56700,-4.68800,-3.98300,-8.67100,0.53500,-9.20600,-9.20600,,-9.20600,-2.17900,-4.68800,86.47900,86.47900,-0.11000,-0.11000,1.69440,0.73240,2.73690,39.52770,-4.89200,-4.89200,-9.04840,-9.60670,0.25960,0.49240,1.44280,62.37990,-19.54320,80.43000,-2.49400,-5.22970,0.54460,-0.20610,-0.22460
2018-06-30,113.78600,65.80100,47.98500,14.58800,30.30400,44.89200,3.09300,-4.45000,-1.35700,-0.41100,-0.94600,-0.94600,,-0.94600,5.80800,3.09300,84.89300,84.89300,-0.01000,-0.01000,1.67710,0.72940,2.69530,42.17130,2.71830,2.71830,-1.19260,-0.83140,0.30040,0.60620,1.72420,52.19850,-1.94520,9.41850,-0.24980,-0.52640,0.56460,0.3277,0.3076
2018-03-31,99.83200,63.58300,36.24900,13.90600,26.16400,40.07000,-3.82100,-4.46500,-8.28600,0.56600,-8.85200,-8.85200,,-8.85200,-1.05500,-3.82100,85.45900,85.45900,-0.10000,-0.10000,1.61560,0.75000,2.99970,36.31000,-3.82740,-3.82740,-8.29990,-8.86690,0.25780,0.54860,1.21980,73.78540,-19.76860,62.78020,-2.28550,-4.94250,0.52320,0.0506,0.0202
2017-12-31,100.32900,60.97400,39.35500,14.66400,25.70800,40.37200,-1.01700,-3.73800,-4.75500,-0.03600,-4.71900,-4.71900,,-4.71900,1.88600,-1.01700,84.58600,84.58600,-0.06000,-0.06000,1.54050,0.72650,3.45900,39.22590,-1.01370,-1.01370,-4.73940,-4.70350,0.24240,0.53580,1.24010,72.57750,-9.60880,48.68980,-1.14000,-2.62840,0.57580,-0.0068,-0.0192
2017-09-30,90.95000,52.84400,38.10600,14.09300,26.06500,40.15800,-2.05200,-6.57100,-8.62300,0.75900,-9.38200,-9.38200,,-9.38200,0.91000,-2.05200,83.74700,83.74700,-0.11000,-0.11000,1.48480,0.70960,3.24840,41.89780,-2.25620,-2.25620,-9.48100,-10.31560,0.23090,0.46590,1.30580,68.92250,-19.28630,92.46990,-2.38150,-5.60070,0.58080,-0.15560,-0.16660
2017-06-30,112.09400,68.90900,43.18500,13.26400,27.10600,40.37000,2.81500,-7.67400,-4.85900,0.39600,-5.25500,-5.25500,,-5.25500,9.62700,2.81500,82.49500,82.49500,-0.07000,-0.07000,1.08620,0.52560,3.53670,38.52570,2.51130,2.51130,-4.33480,-4.68800,0.27580,0.65590,1.54000,58.44210,-11.29310,42.92250,-1.29290,-5.35780,0.55570,0.2791,0.2617
2017-03-31,97.31200,61.88700,35.42500,12.48400,24.20900,36.69300,-1.26800,-2.91900,-4.18700,0.84200,-5.02900,-5.02900,,-5.02900,3.69000,-1.26800,82.91300,82.91300,-0.06000,-0.06000,1.04760,0.54450,3.74070,36.40350,-1.30300,-1.30300,-4.30270,-5.16790,0.23340,0.53090,1.11740,80.54700,-11.06350,36.09670,-1.20640,-5.03950,0.54770,-0.1498,-0.1553
2016-12-31,87.50200,56.11500,31.38700,11.94400,24.26600,36.21000,-4.82300,-4.12000,-8.94300,0.42600,-9.36900,-9.36900,,-9.36900,0.20300,-4.82300,82.32800,82.32800,-0.11000,-0.11000,1.76140,0.78130,3.64750,35.87000,-5.51190,-5.51190,-10.22030,-10.70720,0.21080,0.48000,1.22090,73.71910,-20.08230,63.76500,-2.25670,-4.39200,0.56280,-0.051,-0.0732
2016-09-30,86.50600,55.16200,31.34400,12.22900,25.66200,37.89100,-6.54700,-4.00500,-10.55200,-0.62600,-9.92600,-9.92600,,-9.92600,-1.44800,-6.54700,81.57600,81.57600,-0.12000,-0.12000,1.85140,0.76270,3.27940,36.23330,-7.56830,-7.56830,-12.19800,-11.47440,0.20460,0.47000,1.51930,59.23880,-18.59850,98.31610,-2.34810,-4.41360,0.65330,-0.08290,-0.09880
2016-06-30,94.97300,57.67300,37.30000,14.15500,26.10500,40.26000,-2.96000,-4.17100,-7.13100,0.07600,-7.20700,-7.20700,,-7.20700,2.21100,-2.96000,80.50900,80.50900,-0.09000,-0.09000,1.72050,0.74080,3.52690,39.27430,-3.11670,-3.11670,-7.50850,-7.58850,0.20250,0.49720,1.67180,53.83530,-12.08010,124.28010,-1.53660,-3.13110,0.73310,0.2489,0.2204
2016-03-31,105.28400,60.34000,44.94400,13.27000,26.23200,39.50200,5.44200,-3.96300,1.47900,0.72300,0.75600,0.75600,,0.75600,10.72800,5.44200,80.86000,82.07100,0.01000,0.01000,1.65760,0.73210,3.36300,42.68840,5.16890,5.16890,1.40480,0.71810,0.21490,0.51520,1.17870,76.35260,1.21260,-14.57200,0.15430,0.32480,0.77040,-0.1172,-0.1376
2015-12-31,108.91200,66.34100,42.57100,14.93100,27.76400,42.69500,-0.12400,-5.07000,-5.19400,0.83300,-6.02700,-6.02700,,-6.02700,5.01200,-0.12400,80.34600,80.34600,-0.08000,-0.08000,1.30690,0.64410,3.39620,39.08750,-0.11390,-0.11390,-4.76900,-5.53380,0.23010,0.59490,1.64910,54.57580,-9.90160,70.00020,-1.27330,-3.52370,0.75300,0.0987,0.0668
2015-09-30,89.63100,55.73300,33.89800,14.29600,26.83300,41.12900,-7.23100,-5.09100,-12.32200,0.70400,-13.02600,-13.02600,,-13.02600,-1.99900,-7.23100,79.76000,79.76000,-0.16000,-0.16000,1.33160,0.63090,3.19310,37.81950,-8.06750,-8.06750,-13.74750,-14.53290,0.19410,0.48980,1.58260,56.86920,-20.31190,175.76590,-2.82070,-7.49620,0.80300,0.15370,0.13430
2015-06-30,101.75000,61.29800,40.45200,14.85000,27.08000,41.93000,-1.47800,-4.01400,-5.49200,0.10800,-5.60000,-5.60000,,-5.60000,3.82600,-1.47800,78.27700,78.27700,-0.06000,-0.06000,2.08530,0.72490,2.63470,39.75630,-1.45260,-1.45260,-5.39750,-5.50370,0.21800,0.57750,1.30910,68.75110,-7.38980,-259.02010,-1.19970,-2.03310,0.95350,-0.0241,-0.0822
2015-03-31,97.51500,58.85500,38.66000,12.83600,24.65200,37.48800,1.17200,-3.61800,-2.44600,0.52100,-2.96700,-2.96700,,-2.96700,6.70200,1.17200,78.74600,78.74600,-0.04000,-0.04000,2.09890,0.72440,2.62790,39.64520,1.20190,1.20190,-2.50830,-3.04260,0.21030,0.53650,1.58880,56.64610,-3.87930,-326.04540,-0.63990,-1.06930,0.96850,0.0066,-0.0151
2014-12-31,98.15500,59.66600,38.48900,13.91700,28.16300,42.08000,-3.59100,-5.52800,-9.11900,0.87300,-9.99200,-9.99200,,-9.99200,1.98200,-3.59100,77.92400,77.92400,-0.13000,-0.13000,2.01470,0.72390,2.62230,39.21250,-3.65850,-3.65850,-9.29040,-10.17980,0.20990,0.57100,1.55830,57.75390,-13.15650,621.00350,-2.13700,-3.63210,0.96820,0.0238,0.0051
2014-09-30,82.38100,54.58000,27.80100,14.14900,28.92400,43.07300,-15.27200,-5.46100,-20.73300,0.91700,-21.65000,-21.65000,,-21.65000,-9.66500,-15.27200,77.29000,77.29000,-0.28000,-0.28000,2.03670,0.71030,2.45200,33.74690,-18.53830,-18.53830,-25.16720,-26.28030,0.17920,0.54580,1.55600,57.83940,-26.89670,-2410.96800,-4.71020,-7.79160,1.03970,-0.19040,-0.22530
2014-06-30,102.00000,63.55300,38.44700,13.57600,29.53800,43.11400,-4.66690,-4.66900,-9.33600,0.47300,-9.80900,-9.80900,,-9.80900,0.99410,-4.66700,75.80400,75.80400,-0.13000,-0.13000,1.97470,0.66500,1.98490,37.69310,-4.57540,-4.57550,-9.15290,-9.61670,0.20600,0.72420,1.41370,63.66350,-9.95350,-57.90450,-1.98090,-3.33460,1.27690,-0.0063,-0.0378
2014-03-31,97.14400,57.44000,39.70400,13.76300,26.41600,40.17900,-0.47500,-3.31200,-3.78700,0.87800,-4.66500,-4.66500,,-4.66500,5.22200,-0.47500,76.38200,76.38200,-0.06000,-0.06000,2.01650,0.67860,2.11090,40.87130,-0.48900,-0.48900,-3.89830,-4.80220,0.19780,0.60410,1.63920,54.90570,-4.86810,-38.17510,-0.95000,-1.56480,1.24930,0.1824,0.1481
2013-12-31,93.63400,55.46300,38.17100,13.43500,25.45200,38.88700,-0.71600,-3.77500,-4.49100,0.95000,-5.44100,-5.44100,,-5.44100,5.20100,-0.71600,75.28000,75.28000,-0.07000,-0.07000,2.01160,0.67870,2.11270,40.76620,-0.76470,-0.76470,-4.79630,-5.81090,0.19300,0.62920,1.26910,70.91370,-5.71670,-57.15330,-1.12140,-1.83660,1.25350,-0.0208,-0.0695
2013-09-30,76.64100,50.16300,26.47800,12.95000,25.81400,38.76400,-12.28600,-2.46000,-14.74600,0.78700,-15.53300,-15.53300,,-15.53300,-6.00500,-12.28600,74.70000,74.70000,-0.21000,-0.21000,2.05300,0.67860,2.11180,34.54810,-16.03060,-16.03060,-19.24040,-20.26720,0.16200,0.57010,1.27450,70.61810,-16.40820,-226.85800,-3.28280,-5.27290,1.26530,-0.15070,-0.19360
2013-06-30,84.90000,57.61500,27.28500,14.68700,25.32300,40.01000,-12.72500,-4.28400,-17.00900,1.70600,-18.71500,-18.71500,0.00000,-18.71500,-6.37800,-12.72500,73.28100,73.28100,-0.25000,-0.25000,2.15540,0.65040,1.86050,32.13780,-14.98820,-14.98820,-20.03420,-22.04360,0.17840,0.70610,1.53090,58.78940,-17.51770,-120.19150,-3.93230,-6.12400,1.43240,-0.0662,-0.1156
2013-03-31,70.54700,50.49400,20.05300,15.69700,29.39100,45.08800,-25.03500,-5.56500,-30.60000,0.60300,-31.20300,-31.20300,,-31.20300,-18.88400,-25.03500,74.01600,74.01600,-0.42000,-0.42000,2.15640,0.61830,1.61960,28.42500,-35.48700,-35.48700,-43.37530,-44.23010,0.14190,0.54750,1.30660,68.88000,-25.56680,-109.19680,-6.27730,-9.76000,1.64710,-0.2631,-0.2938
2012-12-31,77.77900,51.15300,26.62600,17.23900,31.65300,48.89200,-22.26600,-2.58000,-24.84600,0.66700,-25.51300,-25.51300,-3.65800,-29.17100,-15.94800,-22.26600,72.87000,72.87000,-0.40000,-0.40000,1.61920,0.35100,0.54080,34.23290,-28.62730,-28.62730,-31.94440,-37.50500,0.18710,0.57590,1.22550,73.44040,-16.91540,-46.28550,-6.13830,-10.97840,2.04040,-0.391,-0.4434
2012-09-30,82.74800,59.07200,23.67600,18.57400,25.73100,44.30500,-20.62900,-0.70400,-21.33300,0.59700,-21.93000,-21.93000,-2.20000,-24.13000,-12.80200,-20.62900,71.99500,71.99500,-0.34000,-0.34000,1.67720,0.32250,0.47610,28.61220,-24.92990,-24.92990,-25.78070,-29.16080,0.18890,0.72270,1.43610,62.66980,-12.96940,-31.05180,-5.00670,-8.78620,2.34380,-0.18280,-0.25670
2012-06-30,100.53300,64.04300,36.49000,20.04100,29.84400,49.88500,-13.39500,-4.36100,-17.75600,0.44300,-18.19900,-18.19900,-0.49200,-20.26400,-4.95200,-13.39500,70.88700,70.88700,-0.28000,-0.28000,1.81580,0.28050,0.38980,36.29660,-13.32400,-13.32400,-17.66190,-20.15660,0.21250,0.78390,1.48080,60.77710,-8.92690,-19.19060,-3.84620,-6.42320,2.83680,-0.079,-0.1224
2012-03-31,101.81600,65.70500,36.11100,22.39800,26.41300,48.81100,-12.70000,-0.83800,-13.53800,1.24700,-14.78500,-14.78500,-0.09600,-14.88100,-4.70900,-12.70000,71.12000,71.12000,-0.21000,-0.21000,1.81500,0.26580,0.36210,35.46690,-12.47350,-12.47350,-13.29650,-14.61560,0.20660,0.77190,1.40470,64.06940,-6.82280,-13.85930,-3.00060,-5.00910,3.04110,0.0824,0.0291
2011-12-31,106.42300,66.18000,40.24300,18.28300,27.41200,45.69500,-5.45200,-4.46400,-9.91600,0.36700,-10.28300,-10.28300,-0.10400,-10.38700,2.75000,-5.45200,70.69800,70.69800,-0.15000,-0.15000,1.91490,0.25080,0.33470,37.81420,-5.12300,-5.12300,-9.31750,-9.76010,0.21630,0.79850,1.43950,62.51960,-4.44270,-8.75860,-2.08990,-3.32870,3.25970,0.1585,0.1174
2011-09-30,100.45100,76.02300,24.42800,20.56500,28.55000,49.11500,-24.68700,-2.85800,-27.54500,0.53800,-28.08300,-28.08300,,-26.51000,-16.36800,-24.68700,70.26300,70.26300,-0.38000,-0.38000,1.92440,0.24260,0.32030,24.31830,-24.57620,-24.57620,-27.42130,-26.39100,0.20090,0.91240,1.28930,69.80690,-11.74920,-23.16870,-5.61620,-8.89890,3.39560,-0.70190,-0.71600
2011-06-30,75.22300,42.99700,32.22600,14.65000,42.43500,57.08500,-24.85900,-0.02600,-24.88500,0.07000,-24.95500,-24.95500,,-24.98000,-21.73900,-24.85900,60.08500,60.08500,-0.41000,-0.41000,1.40720,,,42.84060,-33.04710,-33.04710,-33.08170,-33.20790,0.16500,0.43950,1.21620,74.00360,-10.38380,-20.82810,-5.47520,-10.38380,3.43030,0.358,0.3588
2011-03-31,54.74700,27.43400,27.31300,9.29100,18.54800,27.83900,-0.52600,0.02200,-0.50400,0.65600,-1.16000,-1.16000,,-1.16000,1.03000,-0.52600,59.96000,59.96000,-0.02000,-0.02000,3.07940,,,49.88950,-0.96080,-0.96080,-0.92060,-2.11880,0.20920,0.79730,1.22010,73.76460,-0.64710,-0.66440,-0.44320,-0.64710,2.98030,-0.1551,-0.1699
2010-12-31,54.24600,24.78000,29.46600,9.31300,16.46800,25.78100,3.68500,0.67600,4.36100,0.26300,4.09800,4.09800,,4.09800,5.18600,3.68500,59.28200,61.37600,0.07000,0.07000,3.12560,,,54.31920,6.79310,6.79310,8.03930,7.55450,0.21160,0.69520,1.81690,49.53440,2.30750,2.37100,1.59820,2.30750,2.97350,0.1782,0.148
2010-09-30,38.06800,19.83100,18.23700,8.04700,16.31900,24.36600,-6.12900,1.61600,-4.51300,0.12700,-4.64000,-4.64000,,-4.64000,-4.74000,-6.12900,58.66700,58.66700,-0.08000,-0.08000,2.90460,,,47.90640,-16.10010,-16.10010,-11.85510,-12.18870,0.15010,0.66070,1.03500,86.95260,-2.75040,-2.83130,-1.82980,-2.75040,2.86620,-0.17470,-0.19740
2010-06-30,61.78900,30.73000,31.05900,8.37300,16.68900,25.06200,5.99700,-0.68300,5.31400,0.29300,5.02100,5.02100,,5.02100,7.55500,5.99700,57.56000,60.19100,0.09000,0.09000,2.75420,,,50.26620,9.70560,9.70560,8.60020,8.12600,0.23480,1.09030,1.62800,55.28410,2.95220,3.03950,1.90780,2.95220,2.90590,0.1213,0.0779
2010-03-31,51.94000,26.56400,25.37600,7.71900,14.89800,22.61700,2.75900,-0.22700,2.53200,0.26000,2.27200,2.27200,,2.27200,4.43100,2.75900,57.85100,60.47000,0.04000,0.04000,2.51800,,,48.85640,5.31190,5.31190,4.87490,4.37430,0.20130,0.94100,1.43000,62.93590,1.40510,1.44950,0.88070,1.40510,2.78750,-0.0512,-0.0765
2009-12-31,57.32100,31.35700,25.96400,7.76900,20.49300,28.26200,-2.29800,0.42600,-1.87200,-0.69600,-1.17600,-1.17600,,-1.17600,-0.24800,-2.29800,57.40500,57.40500,-0.02000,-0.02000,2.33180,,,45.29580,-4.00900,-4.00900,-3.26580,-2.05160,0.22000,1.23980,1.53130,58.77380,-0.74710,-0.77170,-0.45140,-0.74710,2.72760,-0.0141,-0.0203
2009-09-30,50.57500,28.95600,21.61900,7.66200,17.57900,25.24100,-3.62200,0.48500,-3.13700,0.13900,-3.27600,-3.27600,,-3.27600,-1.78000,-3.62200,56.71300,56.71300,-0.06000,-0.06000,1.92770,,,42.74640,-7.16160,-7.16160,-6.20270,-6.47750,0.19630,1.12760,1.66890,53.92880,-2.11620,-2.18790,-1.27160,-2.11620,2.69680,-0.14030,-0.15060
2009-06-30,58.80300,31.71300,27.09000,9.18500,17.58000,26.76500,0.32500,0.64600,0.97100,-0.25100,1.22200,1.22200,,1.22200,1.99300,0.32500,55.41300,58.72900,0.03000,0.03000,1.71240,,,46.06910,0.55270,0.55270,1.65130,2.07810,0.21430,1.09700,1.61430,55.75280,0.79400,0.82160,0.44540,0.79400,2.71700,0.1052,0.0715
2009-03-31,61.30100,30.93900,30.36200,9.25900,20.24100,29.50000,0.86200,0.57500,1.43700,0.22100,1.21600,1.21600,,1.21600,2.54100,0.86200,55.72400,58.77200,0.02000,0.02000,1.63730,,,49.52940,1.40620,1.40620,2.34420,1.98370,0.22520,1.08320,1.85220,48.59190,0.82590,0.85620,0.44680,0.82590,2.63350,-0.1689,-0.2073
