Date,revenue,cost-goods-sold,gross-profit,selling-general-administrative-expenses,other-operating-income-expenses,operating-expenses,operating-income,total-non-operating-income-expense,pre-tax-income,total-provision-income-taxes,income-after-taxes,income-from-continuous-operations,net-income,ebitda,ebit,basic-shares-outstanding,shares-outstanding,eps-basic-net-earnings-per-share,eps-earnings-per-share-diluted,current-ratio,long-term-debt-capital,debt-equity-ratio,gross-margin,operating-margin,ebit-margin,pre-tax-profit-margin,net-profit-margin,asset-turnover,inventory-turnover,receiveable-turnover,days-sales-in-receivables,roe,return-on-tangible-equity,roa,roi,book-value-per-share,operating-cash-flow-per-share,free-cash-flow-per-share
2023-09-30,71.05700,46.90800,24.14900,19.26900,,19.27900,4.87000,-0.38100,4.48900,1.36800,3.12100,3.12100,3.16500,9.38600,4.87000,42.55400,43.51600,0.07000,0.07000,1.58890,0.25030,0.39290,33.98540,6.85370,6.85370,6.31750,4.45420,0.23490,5.41290,1.75880,51.17150,1.97070,8.40090,1.03180,1.47740,3.68630,0.2008,0.1263
2023-06-30,72.35000,47.17400,25.17600,19.01300,,19.02300,6.15300,-0.43200,5.72100,1.73400,3.98700,3.98700,4.01800,10.54200,6.15300,42.80100,43.61400,0.09000,0.09000,1.59160,0.25120,0.39760,34.79750,8.50450,8.50450,7.90740,5.55360,0.24050,5.31480,1.88160,47.83120,2.52500,10.87210,1.32550,1.89060,3.65270,0.2371,0.1855
2023-03-31,68.91800,45.99300,22.92500,19.48200,,19.49300,3.43200,-0.44500,2.98700,1.16000,1.82700,1.82700,1.94000,8.11100,3.43200,42.55200,43.76400,0.05000,0.04000,1.55470,0.25590,0.41130,33.26420,4.97980,4.97980,4.33410,2.81490,0.22710,4.99710,1.74820,51.48250,1.16020,5.04380,0.60200,0.86330,3.60880,0.08740,0.03590
2022-12-31,68.82200,45.63300,23.18900,19.16800,,19.17800,4.01100,-0.45300,3.55800,1.45600,2.10200,2.10200,2.12300,8.85200,4.01100,42.21400,43.28000,0.04000,0.04000,1.48100,0.26000,0.42530,33.69420,5.82810,5.82810,5.16990,3.08480,0.22390,5.30000,1.77610,50.67160,1.34490,6.00040,0.68400,0.99520,3.62610,0.2456,0.2095
2022-09-30,73.13600,48.31500,24.82100,19.08200,,19.09900,5.72200,-0.43900,5.28300,1.57700,3.70600,3.70600,3.73700,10.72000,5.72200,42.28300,42.95600,0.09000,0.09000,1.49560,0.26920,0.44300,33.93810,7.82380,7.82380,7.22350,5.10970,0.23580,5.08850,1.77870,50.59790,2.38500,10.85910,1.19500,1.74300,3.61160,0.3494,0.311
2022-06-30,74.56400,49.02600,25.53800,19.93900,,19.97400,5.56400,-0.43700,5.12700,2.00100,3.12600,3.12600,3.26200,10.76700,5.56400,42.25000,43.49000,0.08000,0.08000,1.47150,0.27990,0.46730,34.24980,7.46210,7.46210,6.87600,4.37480,0.23930,4.96110,1.68080,53.54690,2.02530,9.45840,1.00300,1.45840,3.58960,0.1981,0.1652
2022-03-31,69.48800,47.03900,22.44900,19.35500,,19.39000,3.05900,-0.40500,2.65400,0.79800,1.85600,1.85600,1.97200,8.50300,3.05900,42.06400,43.73900,0.05000,0.05000,1.53280,0.27970,0.46900,32.30630,4.40220,4.40220,3.81940,2.83790,0.22040,4.84740,1.70720,52.71800,1.16540,4.89580,0.58870,0.83950,3.68040,0.06700,0.03860
2021-12-31,69.24700,46.96500,22.28200,17.94900,,17.98000,4.30200,-0.44500,3.85700,1.23200,2.62500,2.62500,2.60200,9.94500,4.30200,42.16400,42.73200,0.06000,0.06000,1.49140,0.28840,0.49210,32.17760,6.21250,6.21250,5.56990,3.75760,0.21370,5.31160,1.75570,51.26130,1.65100,6.97840,0.81020,1.17490,3.68820,0.1778,0.1739
2021-09-30,72.43200,48.64300,23.78900,18.82900,,18.86600,4.92300,-0.48800,4.43500,1.29800,3.13700,3.13700,3.17800,10.96700,4.92300,42.07300,42.72400,0.08000,0.07000,1.46250,0.29510,0.50960,32.84320,6.79670,6.79670,6.12300,4.38760,0.21900,5.31970,1.80640,49.82360,1.98570,8.57760,0.94850,1.39970,3.66330,0.2629,0.2201
2021-06-30,68.79900,46.00700,22.79200,18.54900,,18.60500,4.18700,-0.56400,3.62300,1.15500,2.46800,2.46800,2.57400,10.57800,4.18700,42.30400,42.59700,0.06000,0.06000,1.43670,0.30430,0.53690,33.12840,6.08590,6.08590,5.26610,3.74130,0.20830,4.95390,1.80000,50.00040,1.58410,7.18440,0.74730,1.10210,3.59820,0.2704,0.2472
2021-03-31,61.73000,42.94300,18.78700,16.99500,,17.07000,1.71700,-0.60900,1.10800,0.49600,0.61200,0.61200,0.78900,8.25700,1.71700,42.26400,42.63400,0.02000,0.02000,1.41660,0.31740,0.57250,30.43420,2.78150,2.78150,1.79490,1.27810,0.18580,4.40400,1.67530,53.72150,0.39640,1.86100,0.18420,0.27060,3.61260,0.12610,0.11280
2020-12-31,64.34400,43.67000,20.67400,18.20000,,18.34700,2.32700,-0.78400,1.54300,0.26000,1.28300,1.28300,1.25300,9.94900,2.32700,42.92500,43.02100,0.02000,0.02000,1.42620,0.34050,0.63000,32.13040,3.61650,3.61650,2.39800,1.94730,0.18630,4.60950,1.77360,50.74460,0.83130,3.91520,0.37140,0.54830,3.60670,0.3572,0.3253
2020-09-30,72.37900,48.18600,24.19300,19.18600,,19.47100,4.72200,-0.86000,3.86200,1.23400,2.62800,2.62800,2.79100,11.96100,4.72200,42.74700,42.91800,0.07000,0.07000,1.42500,0.36360,0.69390,33.42550,6.52400,6.52400,5.33580,3.85610,0.20520,4.58830,1.75160,51.38200,1.71840,8.41150,0.74510,1.09360,3.48670,0.2952,0.2377
2020-06-30,64.31900,43.87400,20.44500,17.29200,,17.76300,2.68200,-1.11400,1.56800,0.14800,1.42000,1.42000,1.46100,10.22600,2.68200,42.67200,42.76700,0.03000,0.03000,1.56230,0.41480,0.82170,31.78690,4.16980,4.16980,2.43780,2.27150,0.17360,3.67730,1.51790,59.29430,0.95020,5.16700,0.38340,0.55610,3.40840,0.5506,0.5159
2020-03-31,88.42500,60.82800,27.59700,24.33800,,24.93500,2.66200,-1.09300,1.56900,1.10700,0.46200,0.46200,0.68300,10.68200,2.66200,43.67600,43.81100,0.02000,0.02000,1.45440,0.41480,0.82690,31.20950,3.01050,3.01050,1.77440,0.77240,0.23980,4.74510,1.67590,53.70280,0.31390,1.86440,0.12530,0.18370,3.38620,0.06330,0.03770
2019-12-31,92.31600,62.07200,30.24400,26.37900,,27.38900,2.85500,-1.53100,1.32400,0.50200,0.82200,0.82200,0.82400,10.72500,2.85500,44.99700,45.08300,0.03000,0.03000,1.23160,0.37250,0.70750,32.76140,3.09260,3.09260,1.43420,0.89260,0.25420,4.45410,1.79490,50.14170,0.54790,3.04520,0.22630,0.34380,3.31740,0.5086,0.4095
2019-09-30,94.10400,63.70200,30.40200,26.02500,,27.05400,3.34800,-1.24700,2.10100,1.04200,1.05900,1.05900,1.07500,11.14800,3.34800,44.97800,44.99200,0.02000,0.02000,1.20220,0.37190,0.74600,32.30680,3.55780,3.55780,2.23260,1.14240,0.25840,4.14080,1.63200,55.14730,0.70910,4.12740,0.29080,0.44540,3.25460,0.243,0.1888
2019-06-30,98.87300,65.02500,33.84800,27.21900,,28.08600,5.76200,-1.35400,4.40800,3.89600,0.51200,0.51200,0.52400,13.83100,5.76200,45.22500,45.29800,0.01000,0.01000,1.21770,0.38900,0.79180,34.23380,5.82770,5.82770,4.45820,0.53000,0.26550,3.94140,1.65670,54.32510,0.34650,2.19520,0.13750,0.21170,3.20740,0.3604,0.2983
2019-03-31,97.12200,66.44700,30.67500,27.63700,,28.53200,2.14300,-1.41200,0.73100,0.28400,0.44700,0.44700,0.59200,10.51600,2.14300,45.11800,45.35500,0.01000,0.01000,1.22700,0.40150,0.82210,31.58400,2.20650,2.20650,0.75270,0.60950,0.25910,4.08200,1.61580,55.70030,0.30290,2.00780,0.11920,0.18130,3.18930,0.05880,-0.01170
2018-12-31,98.41300,66.25500,32.15800,27.34200,,28.26800,3.89000,-1.42600,2.46400,0.80800,1.65600,1.65600,1.61200,12.18400,3.89000,44.91800,45.05000,0.04000,0.04000,1.42530,0.41630,0.86350,32.67660,3.95270,3.95270,2.50370,1.63800,0.28970,3.95130,1.69580,53.07380,1.12420,7.83910,0.48750,0.65620,3.21490,0.5548,0.455
2018-09-30,100.47300,67.80100,32.67200,26.97300,,27.92200,4.75000,-1.51600,3.23400,0.64700,2.58700,2.58700,2.55900,13.14400,4.75000,44.98300,45.18800,0.06000,0.06000,1.47510,0.43350,0.91240,32.51820,4.72760,4.72760,3.21880,2.54700,0.29960,3.70480,1.60810,55.96550,1.78520,14.54600,0.77140,1.01130,3.16480,0.1547,0.0725
2018-06-30,104.19000,68.35500,35.83500,27.50600,,28.49100,7.34400,-1.49600,5.84800,1.84000,4.00800,4.00800,4.07400,15.57800,7.34400,44.93600,44.97900,0.09000,0.09000,1.48130,0.44830,0.95890,34.39390,7.04870,7.04870,5.61280,3.91020,0.30740,3.69870,1.71680,52.42360,2.82210,28.77250,1.18240,1.55700,3.10970,0.5547,0.4698
2018-03-31,97.70800,67.52300,30.18500,27.30100,,28.30900,1.87600,-1.36100,0.51500,0.03900,0.47600,0.47600,0.62800,10.07300,1.87600,44.74100,44.85500,0.01000,0.01000,1.57180,0.45870,0.99250,30.89310,1.92000,1.92000,0.52710,0.64270,0.29990,3.44910,1.63140,55.16820,0.34210,4.76240,0.14610,0.18520,3.07370,-0.04410,-0.10860
2017-12-31,97.11000,67.63800,29.47200,25.34900,,26.37900,3.09300,-1.47900,1.61400,13.67000,-12.05600,-12.05600,-12.15700,11.43900,3.09300,45.66900,45.66900,-0.27000,-0.27000,1.52850,0.47320,1.04950,30.34910,3.18510,3.18510,1.66200,-12.51880,0.28610,3.39260,1.70340,52.83690,-8.76090,-160.91850,-3.55190,-4.61500,3.04010,0.3448,0.3035
2017-09-30,96.45800,67.23100,29.22700,25.84300,,44.53300,-15.30600,-1.63500,-16.94100,-2.17400,-14.76700,-14.76700,-14.77400,10.83000,-15.30600,45.83400,45.83400,-0.32000,-0.32000,1.60720,0.45930,0.98310,30.30020,-15.86810,-15.86810,-17.56310,-15.31650,0.27150,3.52090,1.63470,55.05550,-9.73090,-71.63230,-4.15690,-5.26130,3.26690,0.2522,0.2002
2017-06-30,102.28000,67.79400,34.48600,25.55000,,26.63200,7.85400,-1.61200,6.24200,2.52200,3.72000,3.72000,3.63600,16.29000,7.85400,45.79200,46.25800,0.08000,0.08000,1.73090,0.45320,0.92070,33.71730,7.67890,7.67890,6.10290,3.55490,0.27540,3.61900,1.71710,52.41350,2.25390,24.36950,1.00170,1.23240,3.55400,0.4,0.3373
2017-03-31,98.73100,67.89300,30.83800,25.14700,,26.26200,4.57600,-1.60200,2.97400,1.22600,1.74800,1.74800,1.78400,12.92400,4.57600,45.63900,46.38200,0.04000,0.04000,1.70540,0.46590,0.96390,31.23440,4.63480,4.63480,3.01220,1.80690,0.27030,3.43680,1.65490,54.38320,1.09170,18.72730,0.47850,0.58310,3.45610,0.14970,0.10630
2016-12-31,98.55800,68.17400,30.38400,23.46200,,24.59000,5.79410,-1.49500,4.29900,1.52000,2.77900,2.77900,2.62400,87.82910,5.79410,45.93200,45.93200,0.06000,0.07000,1.67090,0.47760,1.00220,30.82850,5.87880,5.87880,4.36190,2.66240,0.26690,3.74910,1.64990,54.54810,1.77210,56.35770,0.75250,0.92570,3.41000,0.4199,0.3206
2016-09-30,100.44300,67.71300,32.73000,24.89300,,26.05300,6.67700,-1.61300,5.06400,2.16200,2.90200,2.90200,2.84100,-59.27500,6.67700,45.59900,46.18900,0.06000,0.06000,1.74810,0.48530,1.02640,32.58560,6.64760,6.64760,5.04170,2.82850,0.25390,3.38890,1.63660,54.99210,1.87450,167.74610,0.73360,0.96480,3.36730,0.2609,0.2089
2016-06-30,103.77000,67.37800,36.39200,25.50300,,100.66000,-64.26800,-1.55500,-65.82300,-10.01500,-55.80800,-55.80800,-55.90400,17.65700,-64.26800,45.95500,45.95500,-1.22000,-1.22000,1.64660,0.49750,1.08830,35.06990,-61.93310,-61.93310,-63.43160,-53.87300,0.25910,3.44290,1.70300,52.84740,-36.82680,2047.23900,-13.93520,-18.50390,3.29380,0.3639,0.3048
2016-03-31,103.55000,69.81300,33.73700,26.35600,,27.67100,6.06600,-1.46900,4.59700,1.96900,2.62800,2.62800,2.57400,14.17400,6.06600,46.60800,47.20300,0.06000,0.05000,1.63020,0.42050,0.79530,32.58040,5.85800,5.85800,4.43940,2.48580,0.22220,3.76780,1.68710,53.34550,1.25140,-13.49010,0.56400,0.72530,4.51860,0.11230,0.05930
2015-12-31,104.53900,69.23800,35.30100,26.87700,,28.21300,7.08800,-1.57000,5.51800,2.33400,3.18400,3.18400,3.06100,15.38800,7.08800,46.63100,47.53200,0.06000,0.07000,1.57450,0.42880,0.81950,33.76830,6.78030,6.78030,5.27840,2.92810,0.22030,4.07950,1.73990,51.72850,1.52250,-14.86460,0.67100,0.86960,4.44690,0.3553,0.2977
2015-09-30,106.41800,70.47500,35.94300,25.81600,,27.19500,8.74800,-1.75000,6.99800,-73.33800,80.33600,80.33600,80.28600,17.30100,8.74800,46.69800,47.55700,1.72000,1.69000,1.54800,0.44230,0.87710,33.77530,8.22040,8.22040,6.57600,75.44400,0.22090,3.95060,1.64730,54.63360,39.05400,-306.13530,16.67510,21.77980,4.37740,0.4408,0.3593
2015-06-30,113.38900,72.53000,40.85900,27.13200,,28.58500,12.27400,-2.00600,10.26800,0.81100,9.45700,9.45700,9.25700,20.95500,12.27400,46.61100,47.55800,0.20000,0.19000,1.42280,0.57080,1.49890,36.03440,10.82470,10.82470,9.05560,8.16390,0.27580,3.79040,1.65910,54.24650,7.49890,-8.80970,2.30020,3.21860,2.68400,0.3548,0.2677
2015-03-31,104.31900,68.29800,36.02100,27.45500,,29.01800,7.00300,-1.83100,5.17200,0.76100,4.41100,4.41100,4.43600,15.71900,7.00300,46.44300,47.65400,0.10000,0.09000,1.29810,0.59780,1.73090,34.52970,6.71310,6.71310,4.95790,4.25230,0.25440,3.93560,1.57950,56.98040,3.81390,-3.70110,1.07560,1.53400,2.46280,0.11100,0.03750
2014-12-31,107.59400,72.68000,34.91400,26.95200,,28.45300,6.46100,-8.15000,-1.68900,0.41800,-2.10700,-2.10700,-2.32700,15.31400,6.46100,46.24500,47.08800,-0.05000,-0.06000,1.22610,0.61560,1.85620,32.44980,6.00500,6.00500,-1.56980,-2.16280,0.25980,4.47230,1.73410,51.89930,-1.91830,1.66420,-0.50890,-0.73730,2.35080,0.2741,0.2055
2014-09-30,106.80700,70.58400,36.22300,26.33100,,27.83900,8.38400,-4.10500,4.27900,0.65900,3.62000,3.62000,3.66100,17.31700,8.38400,46.33800,47.01500,0.08000,0.08000,1.52260,0.63540,1.84490,33.91440,7.84970,7.84970,4.00630,3.42770,0.25630,4.36590,1.66740,53.97620,3.24780,-2.87690,0.86850,1.18420,2.38570,0.3238,0.2515
2014-06-30,108.98200,69.77500,39.20700,28.28300,,30.05700,9.15000,-3.92100,5.22900,0.60700,4.62200,4.62200,4.54500,18.12000,9.15000,46.25400,46.83400,0.10000,0.10000,1.50150,0.64670,1.95960,35.97570,8.39590,8.39590,4.79800,4.17040,0.26270,4.35740,1.71300,52.54060,4.29590,-3.52570,1.11390,1.51760,2.30470,0.2993,0.2346
2014-03-31,100.37300,66.43900,33.93400,26.10600,,28.08700,5.84700,-3.88700,1.96000,0.66400,1.29600,1.29600,1.39600,14.74800,5.84700,45.99000,46.78200,0.03000,0.03000,1.42720,0.65930,2.12300,33.80790,5.82530,5.82530,1.95270,1.39080,0.24430,4.13540,1.68710,53.34470,1.27150,-0.94600,0.31550,0.43330,2.18540,0.16490,0.08870
2013-12-31,101.28500,67.81800,33.46700,24.11700,,26.45200,7.01490,-21.78200,-14.76700,1.04000,-15.80700,-15.80700,-16.01000,16.10790,7.01500,45.85600,45.85600,-0.35000,-0.35000,1.36930,0.66660,2.21640,33.04240,6.92590,6.92600,-14.57970,-15.80690,0.24710,4.82790,1.79810,50.05200,-15.94430,11.18490,-3.85610,-5.31570,2.14030,0.1503,0.0767
2013-09-30,101.25200,68.37200,32.88000,24.01900,,26.28600,6.59400,-6.13200,0.46200,0.79000,-0.32800,-0.32800,-0.45000,15.70100,6.59400,45.97600,45.97600,-0.01000,-0.01000,1.59840,0.63950,1.87480,32.47340,6.51250,6.51250,0.45630,-0.44440,0.23900,4.97250,1.72660,52.12610,-0.28820,0.25580,-0.07740,-0.10390,2.45740,0.4362,0.3311
2013-06-30,104.62200,69.01100,35.61100,24.89100,,27.22600,8.38500,-6.04100,2.34400,1.46700,0.87700,0.87700,0.72200,17.54900,8.38500,45.90100,46.05800,0.02000,0.02000,1.70220,0.64770,1.94500,34.03780,8.01460,8.01460,2.24040,0.69010,0.24650,5.03110,1.65770,54.29060,0.77260,-0.67400,0.20670,0.27220,2.45080,0.1745,0.0791
2013-03-31,100.03600,67.65700,32.37900,23.77300,,25.99200,6.38700,-6.01500,0.37200,-0.31100,0.68300,0.68300,0.41500,15.53700,6.38700,45.76200,45.79100,0.01000,0.01000,1.62120,0.65020,1.95950,32.36740,6.38470,6.38470,0.37190,0.41490,0.23760,4.86500,1.64650,54.66250,0.61000,-0.51210,0.16220,0.21340,2.42070,0.25950,0.13690
2012-12-31,96.89100,68.25100,28.64000,21.72700,,26.83800,1.80200,-6.46900,-4.66700,0.93900,-5.60600,-5.60600,-5.89600,11.49400,1.80200,45.66800,45.66800,-0.13000,-0.13000,1.63940,0.65370,2.00770,29.55900,1.85980,1.85980,-4.81680,-6.08520,0.23300,4.78920,1.86850,48.16700,-5.05790,4.11390,-1.34810,-1.75130,2.39590,0.1468,0.0117
2012-09-30,99.42600,70.17800,29.24800,23.91600,,42.46900,-13.22100,-6.95700,-20.17800,-0.08400,-20.09400,-20.09400,-20.11200,13.39300,-13.22100,45.71600,45.71600,-0.44000,-0.44000,1.61110,0.64520,1.93910,29.41690,-13.29730,-13.29730,-20.29450,-20.22810,0.23190,4.85660,1.72320,52.22800,-17.37710,15.07640,-4.68640,-6.16610,2.49830,0.3065,0.1988
2012-06-30,106.22800,72.47500,33.75300,23.97300,,26.77800,6.97500,-7.23100,-0.25600,0.61900,-0.87500,-0.87500,-1.05300,17.90800,6.97500,45.66700,45.66700,-0.02000,-0.02000,1.69770,0.61190,1.66950,31.77410,6.56610,6.56610,-0.24100,-0.99130,0.24040,5.37170,1.75690,51.22720,-0.65100,0.65790,-0.19800,-0.25270,2.90400,0.0968,-0.0224
2012-03-31,103.57300,71.69500,31.87800,23.45700,,28.05000,3.82800,-7.40800,-3.58000,1.31000,-4.89000,-4.89000,-4.90700,16.67100,3.82800,45.54100,45.54100,-0.11000,-0.11000,1.59950,0.61180,1.68470,30.77830,3.69590,3.69590,-3.45650,-4.73770,0.23100,5.71640,1.72000,52.32480,-3.63780,3.60790,-1.09040,-1.41210,2.90770,0.27220,0.18860
2011-12-31,101.84600,70.55300,31.29300,23.14600,,27.74200,3.55100,-7.48000,-3.92900,-0.94100,-2.98800,-2.98800,-3.05700,16.25900,3.55100,45.40100,45.40100,-0.06000,-0.06000,1.63740,0.60650,1.65080,30.72580,3.48670,3.48670,-3.85780,-3.00160,0.23080,5.82750,1.86150,48.34920,-2.18000,2.17500,-0.67700,-0.85780,3.03010,0.4337,0.3539
2011-09-30,104.79200,70.86800,33.92400,23.53300,,70.29600,-36.37200,-7.71600,-44.08800,-2.39200,-41.69600,-41.69600,-41.75700,18.68400,-36.37200,45.41600,45.41600,-0.92000,-0.92000,1.44670,0.60390,1.71630,32.37270,-34.70880,-34.70880,-42.07190,-39.84750,0.22560,6.51360,1.71910,52.35170,-29.99260,29.78390,-8.97770,-11.88010,3.00680,0.3875,0.2928
2011-06-30,109.59000,73.89500,35.69500,26.80400,,54.86000,-19.16500,-7.66400,-26.82900,57.91300,-84.74200,-84.74200,-84.63000,17.60400,-19.16500,45.36000,45.36000,-1.87000,-1.87000,1.43620,0.54250,1.36590,32.57140,-17.48790,-17.48790,-24.48130,-77.22420,0.21530,6.51060,1.79520,50.13280,-47.11760,58.29360,-16.64900,-21.55520,3.89160,0.1605,0.0837
2011-03-31,106.50400,73.11800,33.38600,27.83200,,32.57600,0.81000,-8.14100,-7.33100,-3.64900,-3.68200,-3.68200,-3.64300,14.59800,0.81000,45.32200,45.32200,-0.08000,-0.08000,1.36810,0.45030,0.94670,31.34720,0.76050,0.76050,-6.88330,-3.42050,0.18700,6.18390,1.75200,51.37080,-1.40650,4.05000,-0.64640,-0.77310,5.72260,0.10130,0.01000
2010-12-31,104.96900,73.96100,31.00800,25.83200,,29.83000,1.17800,-9.31700,-8.13900,-3.32400,-4.81500,-4.81500,-4.75400,51.94500,1.17800,45.21300,45.21300,-0.11000,-0.11000,1.26240,0.45130,0.91220,29.54010,1.12230,1.12220,-7.75370,-4.52900,0.18450,6.91940,1.99490,45.11530,-1.83300,5.08340,-0.84610,-1.00590,5.74340,0.3523,0.2872
2010-09-30,109.42100,74.40300,35.01800,26.61200,,67.34100,-32.32300,-5.56200,-37.88500,-12.66800,-25.21700,-25.21700,-25.14400,-21.17700,-32.32300,45.22400,45.22400,-0.56000,-0.56000,0.94690,0.41030,0.93970,32.00300,-29.54000,-29.54000,-34.62320,-22.97910,0.18810,6.74310,1.87260,48.06100,-9.54570,25.94880,-4.33590,-5.62910,5.77750,0.2308,0.1659
2010-06-30,115.08800,75.63300,39.45500,28.16900,,30.72600,8.72900,-5.72000,3.00900,1.27600,1.73300,1.73300,1.67900,20.22300,8.72900,45.19600,45.51200,0.04000,0.04000,0.95940,0.40470,0.89320,34.28250,7.58460,7.58460,2.61450,1.45890,0.18650,6.38790,1.93830,46.43260,0.60290,-1.51220,0.28090,0.35890,6.28670,0.4009,0.3667
2010-03-31,112.16100,75.31000,36.85100,27.13100,,29.76700,7.08400,-5.84500,1.23900,0.53000,0.70900,0.70900,0.71700,19.12400,7.08400,45.15000,45.35900,0.02000,0.02000,0.95980,0.42150,0.92930,32.85550,6.31590,6.31590,1.10470,0.63930,0.18210,7.24270,1.89760,47.42930,0.24960,-0.59030,0.11510,0.14440,6.21920,0.20870,0.18190
2009-12-31,111.66200,75.73800,35.92400,26.68500,,29.37800,6.54610,-7.68800,-1.14200,-0.50200,-0.64000,-0.64000,-0.57500,56.20510,6.54610,45.12300,45.12300,-0.02000,-0.02000,0.96610,0.43900,0.97240,32.17210,5.86240,5.86240,-1.02270,-0.51490,0.17980,7.14170,2.07090,43.45890,-0.22690,0.51320,-0.10310,-0.12730,6.17590,0.4895,0.4528
2009-09-30,119.35000,78.21900,41.13100,27.33000,-0.78100,68.27000,-27.13900,-6.38700,-33.52600,-5.33400,-28.19200,-28.19200,-28.16400,-14.63700,-27.13900,45.13800,45.13800,-0.62000,-0.62000,1.09810,0.45950,1.13200,34.46250,-22.73900,-22.73900,-28.09050,-23.59780,0.17910,6.70140,1.87220,48.07210,-10.04870,22.20610,-4.22980,-5.43120,6.19150,0.4363,0.3934
2009-06-30,131.05400,81.89900,49.15500,30.03900,,32.95300,16.20200,-5.79800,10.40400,4.09600,6.30800,6.30800,6.30700,29.27700,16.20200,45.11600,45.24300,0.14000,0.14000,1.12690,0.45690,1.07490,37.50740,12.36280,12.36280,7.93870,4.81250,0.18510,7.99720,1.89440,47.50940,2.05750,-4.45780,0.89100,1.11740,6.76790,0.7394,0.6966
2009-03-31,139.48300,87.50400,51.97900,30.96600,,33.94900,18.03000,-5.73700,12.29300,4.75800,7.53500,7.53500,7.54700,31.07600,18.03000,45.09000,45.10000,0.17000,0.17000,1.19730,0.48810,1.18170,37.26550,12.92630,12.92630,8.81330,5.41070,0.19360,8.40010,1.77740,50.63650,2.53950,-4.90380,1.04600,1.30000,6.55850,0.49390,0.45000
