Date,revenue,cost-goods-sold,gross-profit,selling-general-administrative-expenses,other-operating-income-expenses,operating-expenses,operating-income,total-non-operating-income-expense,pre-tax-income,total-provision-income-taxes,income-after-taxes,income-from-continuous-operations,income-from-discontinued-operations,net-income,ebitda,ebit,basic-shares-outstanding,shares-outstanding,eps-basic-net-earnings-per-share,eps-earnings-per-share-diluted,current-ratio,long-term-debt-capital,debt-equity-ratio,gross-margin,operating-margin,ebit-margin,pre-tax-profit-margin,net-profit-margin,asset-turnover,inventory-turnover,receiveable-turnover,days-sales-in-receivables,roe,return-on-tangible-equity,roa,roi,book-value-per-share,operating-cash-flow-per-share,free-cash-flow-per-share
2023-12-31,4407.76500,4045.07800,362.68730,90.19300,,195.73700,166.95020,-114.56200,52.38800,23.87100,28.51700,28.51700,,28.53600,272.49420,166.95020,262.05300,264.28700,0.11000,0.11000,1.27240,0.67570,2.09780,8.22840,3.78760,3.78760,1.18850,0.64740,0.35490,11.00360,2.00460,44.89580,1.00180,-0.78370,0.22960,0.32490,10.84980,-2.48620,-2.90700
2023-09-30,5588.84400,4951.87400,636.96970,139.63900,,311.09100,325.87890,-60.03500,265.84100,24.74600,241.09500,241.09500,,205.43190,463.44590,325.87790,260.59200,262.59400,0.79000,0.79000,1.03780,0.57860,1.78890,11.39720,5.83090,5.83090,4.75660,3.67580,0.33130,12.26600,2.83590,31.73650,6.49380,-8.90390,1.42900,2.73620,14.20050,3.9467,3.3943
2023-06-30,4749.20900,4314.71000,434.49900,95.59500,,231.11700,203.38180,263.22500,466.60700,128.05200,338.55500,338.55500,,338.48400,338.90380,203.38180,260.92200,262.74700,1.30000,1.29000,1.29550,0.67970,2.15310,9.14890,4.28240,4.28240,9.82490,7.12720,0.30840,7.27400,1.97400,45.59290,9.53340,-8.20730,2.19880,3.05360,13.60800,0.087,-0.3045
2023-03-31,4602.08500,4179.41100,422.67380,103.90200,,240.69100,181.98290,-114.02100,67.96200,12.08000,55.88200,55.88200,,56.04100,352.65890,181.98290,260.67300,262.53700,0.21000,0.21000,1.21170,0.71300,2.51850,9.18440,3.95440,3.95440,1.47680,1.21770,0.29780,6.85610,1.95540,46.02740,1.75550,-1.24440,0.36160,0.50390,12.21760,1.2405,0.8658
2022-12-31,3913.72000,3591.80200,321.91800,67.63600,,170.23300,151.68510,-100.95100,50.73400,12.73600,37.99800,37.99800,35.65300,74.15100,254.28210,151.68510,259.45400,261.41400,0.29000,0.28000,1.27980,0.71930,2.59570,8.22540,3.87570,3.87570,1.29630,1.89460,0.25600,6.30350,1.70180,52.88650,1.20890,-0.84420,0.24850,0.33930,12.07230,-2.35550,-2.68270
2022-09-30,4390.45700,3957.45900,432.99800,103.20800,,234.75800,198.24020,-98.55900,99.68200,24.23800,75.44400,75.44400,,75.79600,329.78920,198.24000,257.31400,259.07400,0.29000,0.28000,1.00190,0.70800,2.44610,9.86220,4.51530,4.51520,2.27040,1.72640,0.29110,7.16430,2.04400,44.03100,2.49020,-1.64040,0.50020,0.72710,11.70970,3.2285,2.7682
2022-06-30,4127.37800,3747.82800,379.55000,98.68900,,231.66400,147.88600,-91.46600,56.42000,15.93900,40.48100,40.48100,,40.32900,280.86100,147.88600,257.56400,259.21900,0.16000,0.16000,1.24930,0.73500,2.79990,9.19590,3.58300,3.58300,1.36700,0.97710,0.27540,7.27890,2.01120,44.75050,1.38860,-0.84570,0.27010,0.36800,11.31240,-0.0521,-0.3696
2022-03-31,3860.52900,3491.23800,369.29100,95.01500,,227.30000,141.99120,-89.68500,52.30600,16.76100,35.54500,35.54500,,35.74800,274.27620,141.99120,257.10000,258.74700,0.14000,0.14000,1.13840,0.72680,2.68360,9.56580,3.67800,3.67800,1.35490,0.92600,0.26330,8.01450,1.94090,46.37010,1.22390,-0.76810,0.24240,0.33430,11.29020,1.4551,1.0794
2021-12-31,3948.26000,3571.04500,377.21510,101.45000,,236.96800,140.24710,-93.01700,47.23000,4.52300,42.70700,42.70700,,42.61100,275.76510,140.24710,256.47000,258.04500,0.17000,0.17000,1.22750,0.74140,2.88550,9.55400,3.55210,3.55210,1.19620,1.07920,0.27290,9.08040,2.08160,43.23520,1.53380,-0.89480,0.29520,0.39670,10.84380,-1.95080,-2.20520
2021-09-30,3551.26400,3193.07200,358.19190,87.27100,,225.87400,132.31790,-92.96400,39.35500,5.09300,34.26200,34.26200,,35.42900,270.91990,132.31810,254.74800,254.74800,0.13000,0.13000,1.01450,0.73080,2.73690,10.08630,3.72590,3.72590,1.10820,0.99760,0.24700,7.73750,2.03090,44.31500,1.25830,-0.71480,0.23830,0.33870,10.63630,1.6709,1.1459
2021-06-30,2981.22000,2686.13800,295.08200,84.63900,,220.83600,74.24610,-34.64500,39.60100,7.03900,32.56200,32.56200,,32.55700,210.44310,74.24610,255.20700,257.37400,0.13000,0.13000,1.11900,0.73860,2.85380,9.89800,2.49050,2.49050,1.32830,1.09210,0.21220,6.66740,1.94480,46.27610,1.21220,-0.66830,0.23180,0.31680,10.52510,0.0367,-0.3508
2021-03-31,2819.69200,2592.24300,227.44900,84.78400,,222.10300,5.34590,-96.27800,-90.93200,-13.26900,-77.66300,-77.66300,,-77.57600,142.66490,5.34590,254.50800,254.50800,-0.30000,-0.30000,1.46280,0.75550,3.12040,8.06640,0.18960,0.18960,-3.22490,-2.75120,0.19460,6.10700,1.92320,46.79710,-2.96020,1.67000,-0.53610,-0.72380,10.29130,1.3257,1.0213
2020-12-31,2743.78900,2535.62700,208.16210,90.05500,,228.62900,-20.46680,-100.40900,-120.87600,-39.49600,-81.38000,-81.38000,,-81.24300,118.10720,-20.46680,253.66800,253.66800,-0.32000,-0.32000,1.50050,0.75180,3.06650,7.58670,-0.74590,-0.74590,-4.40540,-2.96100,0.18910,5.93550,1.81580,49.56530,-3.03980,1.75900,-0.56100,-0.75430,10.54170,-0.45400,-0.71050
2020-09-30,2692.14900,2552.35100,139.79860,82.51400,,233.73700,-93.93820,-109.15800,-203.09700,-54.10800,-148.98900,-148.98900,,-148.59000,96.07680,-93.93900,251.82800,251.82800,-0.61000,-0.59000,1.99190,0.77040,3.39130,5.19280,-3.48930,-3.48940,-7.54400,-5.51940,0.17130,5.84770,1.88100,47.84600,-5.44550,3.28140,-0.94820,-1.25050,10.81240,0.9975,0.5757
2020-06-30,2152.25300,2265.61400,-113.36110,66.17600,,214.23600,-327.59720,-94.23500,-421.83200,-165.52400,-256.30800,-256.30800,,-256.44000,-133.18520,-327.59720,252.94300,252.94300,-1.01000,-1.01000,2.15030,0.76000,3.19810,-5.26710,-15.22110,-15.22110,-19.59960,-11.91500,0.13780,5.30880,1.51230,59.51300,-8.85240,5.84150,-1.64070,-2.12440,11.44690,0.0672,-0.1446
2020-03-31,3731.55900,3407.58900,323.97000,75.07100,,421.64600,-97.67600,-99.82200,-197.49800,4.52300,-202.02100,-202.02100,,-202.26000,248.89900,-97.67600,252.35400,252.35400,-0.80000,-0.80000,1.59120,0.71270,2.51340,8.68190,-2.61760,-2.61760,-5.29260,-5.42030,0.25130,8.43880,2.01600,44.64310,-6.37400,4.88410,-1.36060,-1.83120,12.54830,0.8548,0.4172
2019-12-31,4253.59700,3768.11300,485.48410,83.25500,,231.19100,254.29320,-79.58500,174.70800,28.82500,145.88300,145.88300,,145.76100,402.22920,254.29320,248.73100,254.12100,0.59000,0.57000,1.23130,0.67250,2.07750,11.41350,5.97830,5.97830,4.10730,3.42680,0.29800,9.46920,2.15710,41.72340,4.22660,-3.55880,1.02210,1.38420,13.80270,-1.21790,-1.59390
2019-09-30,3951.24400,3503.28000,447.96410,96.65600,,241.82200,206.14210,-85.61100,120.53200,35.11600,85.41600,85.41600,,85.55900,351.30710,206.14180,246.85400,252.01000,0.34000,0.34000,0.98270,0.66570,2.01270,11.33730,5.21710,5.21710,3.05050,2.16540,0.28760,8.51720,2.18670,41.15840,2.57270,-2.01820,0.62180,0.86000,13.40050,3.0766,2.4629
2019-06-30,4010.76100,3594.97800,415.78300,78.18500,,226.96400,188.81880,-82.22000,106.59900,23.53500,83.06400,83.06400,,82.95500,337.59780,188.81880,246.92800,251.14700,0.34000,0.33000,1.22350,0.68660,2.20720,10.36670,4.70780,4.70780,2.65780,2.06830,0.29210,9.14490,2.18820,41.12990,2.52790,-1.92950,0.60500,0.79220,13.30920,0.4735,0.0519
2019-03-31,3999.98700,3639.95900,360.02810,88.28500,-1.00000,237.19300,122.83520,-84.17800,38.65700,9.34700,29.31000,29.31000,,29.35300,270.74320,122.83520,246.21700,250.34700,0.12000,0.12000,1.13820,0.68810,2.22370,9.00070,3.07090,3.07090,0.96640,0.73380,0.29170,9.09380,2.12970,42.25850,0.90640,-0.66970,0.21380,0.28270,13.13110,1.1583,0.7155
2018-12-31,4265.34900,3794.44500,470.90410,104.13000,157.30900,97.54200,373.36230,-82.97800,290.38400,39.70800,250.67600,250.67600,,250.68200,524.08330,373.36230,246.88700,253.65600,1.02000,0.99000,1.20600,0.69470,2.29250,11.04020,8.75340,8.75340,6.80800,5.87720,0.31050,10.22460,2.26840,39.67480,7.79010,-5.71330,1.82460,2.37800,13.08710,-0.80290,-1.25020
2018-09-30,3913.59800,3386.37900,527.21900,94.80200,,247.33600,279.88350,-89.97300,189.90900,14.34100,175.56800,175.56800,,175.45500,432.41960,279.88260,245.77100,253.35200,0.72000,0.68000,1.16520,0.70420,2.39110,13.47150,7.15160,7.15150,4.85250,4.48320,0.28520,4.67210,2.18580,41.17410,5.79520,-3.72140,1.27960,1.71410,12.27810,3.574,2.8222
2018-06-30,3971.60600,3526.29300,445.31300,101.71500,,258.64900,186.66380,-89.77600,96.88800,24.17200,72.71600,72.71600,,72.57700,343.59680,186.66380,246.02800,251.85700,0.29000,0.29000,1.35820,0.73240,2.76560,11.21240,4.70000,4.70000,2.43950,1.82740,0.29060,4.99930,2.14460,41.96630,2.55520,-1.47470,0.53210,0.68380,11.54660,0.4921,-0.2317
2018-03-31,3939.31100,3563.00900,376.30200,88.44400,,241.30800,134.99390,-92.65300,42.34100,14.62500,27.71600,27.71600,,27.56900,287.85790,134.99390,245.64800,252.48500,0.11000,0.11000,1.29510,0.73490,2.79790,9.55250,3.42680,3.42680,1.07480,0.69980,0.28690,4.96120,2.10080,42.84160,0.99140,-0.55440,0.20180,0.26280,11.35880,1.3204,0.8231
2017-12-31,3965.11800,3522.23000,442.88790,92.16800,,226.01700,216.87080,-74.13300,142.73800,-149.70200,292.44000,292.44000,,292.28400,350.71980,216.87080,245.08600,252.24400,1.19000,1.16000,1.39740,0.71930,2.58880,11.16960,5.46950,5.46950,3.59980,7.37140,0.31650,5.72800,2.18670,41.15760,10.74200,-6.59800,2.33450,3.01520,11.07780,-1.23470,-1.70150
2017-09-30,3654.12400,3237.51200,416.61210,75.18600,,205.13900,211.47240,-56.19400,155.26810,42.12200,113.14600,113.14600,,113.13800,341.42640,211.47290,244.45300,251.55700,0.46000,0.45000,1.12040,0.67850,2.14250,11.40110,5.78720,5.78720,4.24910,3.09620,0.33200,5.30100,2.26120,39.80140,4.60120,-3.35020,1.02800,1.47920,10.01270,2.3967,1.5702
2017-06-30,3593.27700,3232.36600,360.91110,79.79200,,206.23200,154.67920,-61.48300,93.19600,27.83200,65.36400,65.36400,,65.29500,281.11920,154.67920,244.26600,251.15600,0.27000,0.26000,1.29580,0.70080,2.37410,10.04410,4.30470,4.30470,2.59360,1.81710,0.33740,5.69520,2.34410,38.39370,2.81410,-1.86690,0.61370,0.84200,9.47980,0.0874,-0.3738
2017-03-31,3621.62800,3226.19600,395.43190,78.72000,,204.01200,191.41990,-97.63100,93.80000,23.55800,70.24200,70.24200,,70.15100,316.71090,191.41990,245.07700,251.72300,0.29000,0.28000,1.16700,0.69950,2.36280,10.91860,5.28550,5.28550,2.59000,1.93700,0.34510,5.64450,2.40160,37.47530,3.13480,-2.00230,0.66930,0.94220,9.17950,1.8041,1.3865
2016-12-31,3735.38300,3299.32900,436.05400,65.47200,,191.99900,244.05490,-65.67700,178.37800,52.94300,125.43500,125.43500,,125.33900,370.58190,244.05490,244.75800,252.59300,0.51000,0.50000,1.33400,0.70560,2.41790,11.67360,6.53360,6.53360,4.77540,3.35550,0.35970,5.85050,2.50310,35.95510,5.60340,-3.63160,1.20800,1.64970,9.09740,-0.10300,-0.51970
2016-09-30,3543.83300,3152.29200,391.54100,75.17700,,200.76900,190.77150,-68.54800,122.21500,38.77400,83.44100,83.44100,,83.34400,316.36450,190.77170,242.28600,248.76300,0.35000,0.33000,1.14090,0.70740,2.43870,11.04850,5.38320,5.38320,3.44870,2.35180,0.33490,5.36880,2.40040,37.49370,3.86120,-2.33090,0.78850,1.12990,8.83070,1.8381,1.2192
2016-06-30,3586.90000,3233.88400,353.01590,61.31700,,183.68000,169.33590,-103.76400,65.58000,20.72200,44.85800,44.85800,,44.76500,291.69890,169.33590,242.83100,249.05700,0.18000,0.18000,1.35160,0.72040,2.60050,9.84180,4.72100,4.72100,1.82830,1.24800,0.34720,5.76200,2.50000,35.99960,2.14700,-1.26840,0.43420,0.60030,8.58280,0.6355,0.2438
2016-03-31,3574.82200,3209.71000,365.11210,72.70700,,192.99800,172.11400,-71.75100,100.36300,33.86600,66.49700,66.49700,,66.35400,292.40500,172.11400,241.90100,248.27000,0.27000,0.27000,1.27470,0.72360,2.63910,10.21340,4.81460,4.81460,2.80750,1.85610,0.34610,5.57680,2.42580,37.10080,3.24480,-1.83960,0.64380,0.89670,8.45600,1.6954,1.1149
2015-12-31,3710.27500,3294.52300,415.75200,74.14100,,201.65900,214.09280,-71.32000,142.77300,49.33700,93.43600,93.43600,,93.34300,341.61080,214.09280,240.52100,247.61300,0.39000,0.38000,1.38090,0.73580,2.81260,11.20540,5.77030,5.77030,3.84800,2.51580,0.36550,5.84750,2.48330,36.24170,4.74350,-2.55560,0.92060,1.25320,8.14660,-0.68250,-1.04390
2015-09-30,3545.95200,3189.22900,356.72290,74.14300,,202.41900,154.30400,-71.58800,82.71600,25.50300,57.21300,57.21300,,56.86500,282.58000,154.30370,237.61600,246.61600,0.24000,0.23000,1.09080,0.73350,2.79610,10.06000,4.35160,4.35150,2.33270,1.60370,0.34780,5.54390,2.45470,36.66480,3.03780,-1.51050,0.56110,0.80950,7.85000,2.6154,1.968
2015-06-30,3486.20300,3164.70000,321.50290,79.29300,,204.62500,116.87790,-71.22500,45.65300,11.61500,34.03800,34.03800,,33.76100,242.20990,116.87790,238.71800,247.22400,0.14000,0.14000,1.30710,0.74770,3.01010,9.22220,3.35260,3.35260,1.30950,0.96840,0.34130,5.74440,2.37820,37.84370,1.82380,-0.88580,0.33330,0.46010,7.80360,0.3174,-0.1867
2015-03-31,3594.62700,3239.21400,355.41280,75.41800,,200.56000,154.85280,-71.20600,83.64700,23.54200,60.10500,60.10500,,59.82300,279.99480,154.85280,237.45300,246.01900,0.25000,0.24000,1.23490,0.75110,3.07120,9.88730,4.30790,4.30790,2.32700,1.66420,0.34960,5.79130,2.35910,38.14960,3.31570,-1.53460,0.58460,0.82540,7.61520,1.3163,0.9336
2014-12-31,3702.35300,3287.28100,415.07200,87.88600,,213.16900,201.90310,-71.92300,129.98000,44.36000,85.62000,85.62000,,85.49700,327.18610,201.90310,234.62100,244.72400,0.36000,0.35000,1.31700,0.76500,3.30940,11.21100,5.45340,5.45340,3.51070,2.30930,0.35950,6.07150,2.38890,37.67390,4.87870,-2.12270,0.83130,1.14630,7.44060,-0.99630,-1.51090
2014-09-30,3947.76900,3573.88200,373.88700,94.11200,,228.63500,145.25170,-78.27300,66.97800,22.46800,44.51000,44.51000,,44.40500,279.77470,145.25150,225.86600,237.45100,0.18000,0.18000,1.03620,0.75710,3.16970,9.47080,3.67930,3.67930,1.69660,1.12480,0.37760,6.45320,2.49470,36.07580,2.59070,-1.07920,0.42570,0.62920,7.34490,1.7484,0.8463
2014-06-30,3620.05700,3275.40900,344.64790,78.44800,,203.36500,141.28300,-71.18600,70.09700,23.18100,46.91600,46.91600,,46.87300,266.20000,141.28300,231.85400,243.73900,0.20000,0.19000,1.17730,0.76460,3.30850,9.52050,3.90280,3.90280,1.93640,1.29480,0.35230,6.02970,2.42190,37.16070,2.72810,-1.11760,0.45660,0.64220,7.39320,0.452,-0.1662
2014-03-31,3502.00700,3159.80800,342.19900,96.07500,,221.39200,120.80710,-102.07400,18.73300,5.61600,13.11700,13.11700,,12.91600,246.12410,120.80710,230.69300,243.37600,0.06000,0.05000,1.17640,0.76550,3.31790,9.77150,3.44970,3.44970,0.53490,0.36880,0.34040,5.74570,2.29940,39.14110,0.77200,-0.30910,0.12750,0.18100,7.35280,0.7828,0.4844
2013-12-31,3763.08100,3354.81900,408.26200,114.21600,,251.04000,157.22190,-83.35300,73.86900,28.95300,44.91600,44.91600,,44.76200,294.04590,157.22190,206.46200,215.29400,0.22000,0.21000,1.17490,0.76750,3.35330,10.84910,4.17800,4.17800,1.96300,1.18950,0.36720,6.29490,2.50130,35.98200,2.66830,-1.04580,0.43820,0.62050,7.32020,-1.30640,-1.66370
2013-09-30,3515.97500,3179.28900,336.68600,63.73000,,201.36000,135.32620,-82.46000,52.89000,12.76000,40.13000,39.92800,-1.03000,38.89800,272.94420,135.32620,201.75300,209.56800,0.19000,0.19000,0.95730,0.86430,6.44460,9.57630,3.84890,3.84890,1.50430,1.10630,0.34250,5.86620,2.50100,35.98600,4.41820,-0.77910,0.38890,0.59930,4.47830,2.6662,2.0685
2013-06-30,3490.03000,3178.09200,311.93800,52.53400,,188.34200,123.59590,-80.91700,42.67900,14.70500,27.97400,27.97400,,27.74800,259.40390,123.59590,201.36400,208.32600,0.14000,0.13000,,,,8.93800,3.54140,3.54140,1.22290,0.79510,,,,,,,,,,0.4009,-0.0245
2013-03-31,3403.73700,3132.22600,271.51100,55.99200,,191.29600,80.21510,-147.12400,-66.90900,-27.00500,-39.90400,-39.90400,,-40.10400,215.51910,80.21510,201.46800,201.46800,-0.20000,-0.20000,,,,7.97690,2.35670,2.35670,-1.96580,-1.17820,,,,,,,,,,1.2049,0.7475
2012-12-31,3535.91500,3171.54000,364.37500,55.65600,,189.05600,175.31910,-113.35100,61.96800,18.77600,43.19200,43.19200,,42.81400,308.71910,175.31910,201.99100,209.10700,0.21000,0.20000,,,,10.30500,4.95820,4.95820,1.75250,1.21080,,,,,,,,,,-0.95140,-1.29190
2012-09-30,,,,,,,,,,,,,,,,,,,,0.00000,,,,,,,,,,,,,,,,,,0,0
2011-09-30,,,,,,,,,,,,,,,,,,,,0.00000,,,,,,,,,,,,,,,,,,0,0
