Date,revenue,gross-profit,research-development-expenses,selling-general-administrative-expenses,operating-income,total-non-operating-income-expense,pre-tax-income,total-provision-income-taxes,income-after-taxes,income-from-continuous-operations,net-income,ebitda,ebit,basic-shares-outstanding,shares-outstanding,eps-basic-net-earnings-per-share,eps-earnings-per-share-diluted,current-ratio,long-term-debt-capital,debt-equity-ratio,gross-margin,operating-margin,ebit-margin,pre-tax-profit-margin,net-profit-margin,asset-turnover,receiveable-turnover,days-sales-in-receivables,roe,return-on-tangible-equity,roa,roi,book-value-per-share,operating-cash-flow-per-share,free-cash-flow-per-share
2024-03-31,25.30000,25.30000,84.30000,24.30000,-83.30000,14.00000,-69.30000,0.10000,-69.40000,-69.40000,-69.40000,-86.70000,-83.30000,71.70000,71.70000,-0.97000,-0.97000,4.94310,0.00110,0.00110,100.00000,-329.24900,-329.24900,-273.91310,-274.30830,0.02090,3.56340,25.25690,-11.38270,-11.38270,-5.72320,-11.36960,8.92680,-1.35980,-1.36120
2023-12-31,-43.10000,-43.10000,95.10000,27.10000,-165.30000,12.10000,-153.20000,1.60000,-154.80000,-154.80000,-154.80000,-169.30000,-165.30000,55.50000,55.50000,-2.65000,-2.65000,4.97940,0.00120,0.00120,100.00000,383.52670,383.52670,355.45250,359.16470,-0.03300,-5.98610,-15.03480,-23.45450,-23.45450,-11.86570,-23.42620,9.70590,-1.3739,-1.3744
2023-09-30,34.60000,34.60000,85.90000,22.60000,-73.90000,10.00000,-63.90000,,-63.90000,-64.00000,-64.00000,-76.30000,-73.90000,54.10000,54.10000,-1.18000,-1.18000,3.25560,0.00170,0.00220,100.00000,-213.58380,-213.58380,-184.68210,-184.97110,0.03270,1.67960,53.58380,-13.99830,-13.99830,-6.04740,-13.97380,8.31270,-1.5239,-1.5438
2023-06-30,54.50000,54.50000,103.40000,25.70000,-74.60000,9.00000,-65.60000,-0.30000,-65.30000,-66.60000,-66.60000,-75.70000,-74.60000,53.40000,53.40000,-1.25000,-1.25000,3.44310,0.00190,0.00220,100.00000,-136.88070,-136.88070,-120.36700,-122.20180,0.05030,11.35420,7.92660,-14.36580,-14.36580,-6.14670,-14.33800,8.68160,-1.6578,-1.669
2023-03-31,32.50000,32.50000,95.30000,24.90000,-87.70000,6.50000,-81.20000,-0.40000,-80.80000,-81.90000,-81.90000,-88.80000,-87.70000,53.30000,53.30000,-1.54000,-1.54000,4.05870,0.00180,0.00200,100.00000,-269.84620,-269.84620,-249.84610,-252.00000,0.02760,6.91490,13.01540,-16.02740,-16.02740,-6.96550,-15.99920,9.56930,-1.71110,-1.73170
2022-12-31,37.90000,37.90000,98.20000,15.10000,-75.40000,6.20000,-69.20000,10.80000,-80.00000,-82.90000,-82.90000,-73.60000,-75.40000,53.20000,53.20000,-1.55000,-1.55000,4.20260,0.00180,0.00180,100.00000,-198.94470,-198.94470,-182.58580,-218.73360,0.02990,4.73750,18.99740,-14.67520,-14.67520,-6.53370,-14.64920,10.61840,-1.3384,-1.359
2022-09-30,33.20000,33.20000,77.50000,20.00000,-64.30000,3.20000,-61.10000,2.20000,-63.30000,-66.20000,-66.20000,-61.00000,-64.30000,53.20000,53.20000,-1.24000,-1.24000,5.33400,0.00160,0.00160,100.00000,-193.67470,-193.67470,-184.03610,-199.39760,0.02490,4.88240,18.43370,-10.65170,-10.65170,-4.95950,-10.63450,11.68230,-1.2518,-1.2933
2022-06-30,33.80000,33.80000,75.30000,24.30000,-65.80000,1.70000,-64.10000,3.40000,-67.50000,-70.00000,-70.00000,-60.90000,-65.80000,53.20000,53.20000,-1.32000,-1.32000,5.77830,0.00150,0.00150,100.00000,-194.67460,-194.67460,-189.64500,-207.10060,0.02400,4.17280,21.56810,-10.43840,-10.43840,-4.97510,-10.42290,12.60530,-1.4734,-1.4995
2022-03-31,26.50000,26.50000,64.00000,20.20000,-57.70000,1.10000,-56.60000,4.50000,-61.10000,-63.40000,-63.40000,-52.00000,-57.70000,53.00000,53.00000,-1.20000,-1.20000,6.12180,0.00140,0.00140,100.00000,-217.73580,-217.73580,-213.58490,-239.24530,0.01780,3.95520,22.75470,-8.76540,-8.76540,-4.25990,-8.75330,13.62150,-1.07740,-1.11700
2021-12-31,33.30000,33.30000,61.90000,18.90000,-47.50000,1.50000,-46.00000,,-46.00000,-52.90000,-52.90000,-41.40000,-47.50000,50.00000,50.00000,-1.01000,-1.01000,5.93240,0.00130,0.00130,100.00000,-142.64260,-142.64260,-138.13810,-158.85880,0.02110,1.29570,69.45950,-6.76730,-6.76730,-3.34470,-6.75870,14.74910,-0.7618,-0.7996
2021-09-30,9.30000,9.30000,40.60000,16.00000,-47.30000,0.50000,-46.80000,,-46.80000,-46.80000,-46.80000,-43.20000,-47.30000,49.80000,49.80000,-0.94000,-0.94000,8.63610,0.00120,0.00120,100.00000,-508.60210,-508.60210,-503.22580,-503.22580,0.00580,1.07690,83.57320,-5.72310,-5.72310,-2.91610,-5.71610,15.49740,13.7167,13.6911
2021-06-30,5.50000,5.50000,43.00000,14.40000,-51.90000,1.60000,-50.30000,,-50.30000,-50.30000,-50.30000,-48.70000,-51.90000,48.90000,48.90000,-1.03000,-1.03000,15.01030,0.00170,0.00170,100.00000,-943.63640,-943.63640,-914.54540,-914.54540,0.00850,0.74170,121.34640,-8.62860,-8.62860,-7.81020,-8.61380,11.89810,-0.9644,-0.9745
2021-03-31,5.50000,5.50000,34.90000,12.30000,-41.70000,0.70000,-41.00000,,-41.00000,-41.00000,-41.00000,-39.30000,-41.70000,48.60000,48.60000,-0.84000,-0.84000,16.46330,0.00320,0.00330,100.00000,-758.18180,-758.18180,-745.45450,-745.45450,0.00810,1.06270,84.68800,-6.66340,-6.66340,-6.01370,-6.64180,12.61220,-0.80250,-0.82300
2020-12-31,6.31590,6.31590,33.24430,12.22760,-39.15600,1.74160,-37.41440,,-37.41440,-41.51440,-41.51440,-37.49910,-39.15600,39.50000,39.50000,-1.02000,-1.02000,14.29070,0.00310,0.00310,100.00000,-619.95730,-619.95750,-592.38320,-657.29870,0.00880,0.75190,119.69760,-6.46440,-6.46440,-5.78680,-6.44430,13.24120,-0.7159,-0.7603
2020-09-30,7.59680,7.59680,30.01290,9.33190,-31.74810,0.92820,-30.81990,,-30.81990,-30.81990,-30.81990,-30.07700,-31.74810,39.05800,39.05800,-0.79000,-0.79000,6.52610,0.00970,0.00980,100.00000,-417.91510,-417.91510,-405.69670,-405.69670,0.02790,1.27550,70.56250,-15.02530,-15.02530,-11.33300,-14.88020,5.11570,-0.565,-0.6004
2020-06-30,5.74770,5.74770,23.41610,8.81550,-26.48390,1.25730,-25.22650,,-25.22650,-25.22650,-25.22650,-25.16540,-26.48390,38.74000,38.74000,-0.65000,-0.65000,7.40160,0.01000,0.01010,100.00000,-460.77510,-460.77510,-438.89940,-438.89940,0.02190,1.61260,55.81180,-12.75480,-12.75480,-9.60710,-12.62710,5.09420,-0.5503,-0.5972
2020-03-31,6.23960,6.23960,21.72670,7.92500,-23.41210,1.67290,-21.73920,,-21.73920,-21.73920,-21.73920,-22.25860,-23.41210,38.54800,38.54800,-0.56000,-0.56000,8.14600,0.00940,0.00940,100.00000,-375.21570,-375.21570,-348.40500,-348.40490,0.02210,1.60880,55.94230,-10.26850,-10.26850,-7.69670,-10.17240,5.47440,-0.43970,-0.47500
2019-12-31,4.91680,4.91680,20.42100,7.26120,-22.76540,1.73490,-21.03050,,-21.03050,-21.05550,-21.05550,-21.70240,-22.76540,32.90000,32.90000,-0.58000,-0.58000,8.86480,0.00870,0.00880,100.00000,-463.01280,-463.01270,-427.72760,-428.23610,0.01630,0.78280,114.96810,-9.28840,-9.28840,-6.98030,-9.20720,5.89390,-0.4873,-0.5427
2019-09-30,30.05020,30.05020,16.58810,7.95740,5.50480,1.49480,6.99960,,6.99960,-17.67540,-17.67540,6.09840,5.50480,32.74000,32.74000,-0.54000,-0.54000,6.79210,0.01470,0.01490,100.00000,18.31870,18.31870,23.29310,-58.81940,0.14370,5.77720,15.57860,-13.17490,-13.17490,-8.45330,-12.98140,4.05600,0.0899,0.0577
2019-06-30,4.01650,4.01650,16.00060,6.44080,-18.42490,1.26030,-17.16460,,-17.16460,-17.16460,-17.16470,-18.01800,-18.42490,31.44000,31.44000,-0.55000,-0.55000,7.79450,0.01690,0.01780,100.00000,-458.73220,-458.73220,-427.35440,-427.35450,0.02330,2.86470,31.41740,-14.73290,-14.73290,-9.97680,-14.48430,3.69590,-0.4302,-0.5219
2019-03-31,4.01650,4.01650,14.19040,5.64060,-15.81450,1.41000,-14.40450,,-14.40450,-14.40450,-14.40450,-15.37810,-15.81450,31.32600,31.32600,-0.46000,-0.46000,8.72500,0.01540,0.01650,100.00000,-393.73940,-393.73940,-358.63390,-358.63390,0.02150,1.62640,55.33600,-11.27660,-11.27660,-7.72080,-11.10280,4.07210,-0.40640,-0.41860
2018-12-31,3.44020,3.44020,14.56230,5.82140,-16.94360,0.85570,-16.08790,,-16.08790,-16.08790,-16.08790,-16.68130,-16.94360,9.42300,9.42300,88.75000,88.75000,8.51520,0.01440,0.01580,100.00000,-492.52220,-492.52210,-467.64780,-467.64830,0.01730,0.68370,131.63950,-11.77160,-11.77160,-8.07290,-11.60180,4.37540,0.2107,1.0088
2018-09-30,3.37530,3.37530,13.14990,4.28420,-14.05890,0.67120,-13.38770,,-13.38770,-13.38770,-125.43830,-13.76270,-14.05890,2.01100,2.01100,-62.38000,-62.38000,4.81260,0.05220,0.06040,100.00000,-416.52580,-416.52580,-396.64070,-3716.39900,0.03410,1.54910,58.09890,4.80120,-36.85580,-13.53850,-34.93250,9.86010,-5.6743,-6.1036
2018-06-30,3.39990,3.39990,10.33780,1.57960,-8.51750,0.66300,-7.85450,,-7.85450,-7.85450,-22.68860,-8.26670,-8.51750,1.89800,1.89800,-11.96000,-11.96000,,,,100.00000,-250.52380,-250.52380,-231.02310,-667.33220,,,,,,,,,-6.4151,-6.7478
2018-03-31,4.10860,4.10860,7.14380,1.24690,-4.28210,0.13170,-4.15040,,-4.15040,-4.15040,-75.63250,-4.11930,-4.28210,1.89800,1.89800,-39.86000,-39.86000,,,,100.00000,-104.22320,-104.22320,-101.01720,-1840.83500,,,,,,,,,10.16820,9.83170
2017-12-31,,,,,,,,,,,,,,,,,0.00000,,,,,,,,,,,,,,,,,12.1413,12.4458
2017-09-30,1.66890,1.66890,7.22290,0.85730,-6.41130,0.01410,-6.39730,,-6.39730,-6.39730,-6.39730,-6.41130,-6.41130,1.89800,1.89800,-3.37000,-3.37000,,,,100.00000,-384.17500,-384.17500,-383.33160,-383.33160,,,,,,,,,-12.1413,-12.4458
2016-12-31,,,,,,,,,,,,,,,,,0.00000,,,,,,,,,,,,,,,,,0,0
