Date,revenue,cost-goods-sold,gross-profit,selling-general-administrative-expenses,operating-expenses,operating-income,total-non-operating-income-expense,pre-tax-income,total-provision-income-taxes,income-after-taxes,income-from-continuous-operations,net-income,ebitda,ebit,basic-shares-outstanding,shares-outstanding,eps-basic-net-earnings-per-share,eps-earnings-per-share-diluted,current-ratio,long-term-debt-capital,debt-equity-ratio,gross-margin,operating-margin,ebit-margin,pre-tax-profit-margin,net-profit-margin,asset-turnover,inventory-turnover,receiveable-turnover,days-sales-in-receivables,roe,return-on-tangible-equity,roa,roi,book-value-per-share,operating-cash-flow-per-share,free-cash-flow-per-share
2023-12-31,798.48100,507.94100,290.54000,100.61500,115.08200,175.45800,-7.80500,167.65300,29.27200,138.38100,138.38100,136.30900,210.61800,175.45800,37.24200,37.74500,3.66000,3.61000,2.96450,0.33690,0.50800,36.38660,21.97400,21.97400,20.99650,17.07100,0.27200,1.02900,1.54260,58.34460,9.21100,17.12260,4.71420,6.10800,40.70730,4.18880,3.01430
2023-09-30,869.88900,568.42410,301.46490,97.00900,112.03500,189.42990,-8.96800,180.46200,39.53700,140.92500,140.92500,139.00000,228.04190,189.42990,38.79700,39.32800,3.68000,3.63000,2.72490,0.34190,0.51950,34.65560,21.77630,21.77630,20.74540,15.97910,0.29640,1.15100,1.55380,57.92330,9.59900,18.47860,4.80150,6.31720,39.34080,5.9526,3.559
2023-06-30,919.11700,568.31600,350.80100,103.01900,118.21100,232.59000,-12.37100,220.21900,18.93100,201.28800,201.28800,198.20200,269.17400,232.59000,38.13200,38.65700,5.20000,5.13000,2.84500,0.35220,0.54360,38.16720,25.30580,25.30580,23.95980,21.56440,0.32860,1.21430,1.62120,55.51540,14.35610,29.65190,7.19750,9.30060,37.12030,4.4347,3.0944
2023-03-31,895.93400,543.05200,352.88200,98.20100,112.99100,239.89110,-12.33300,227.55800,53.36400,174.19400,174.19400,171.37500,273.18610,239.89110,39.21200,39.74900,4.37000,4.31000,2.99100,0.36260,0.56890,39.38710,26.77550,26.77550,25.39900,19.12810,0.33430,1.30530,1.67870,53.61340,13.01130,28.87840,6.50050,8.29330,34.38270,5.2524,4.2856
2022-12-31,833.82100,499.46800,334.35300,89.97700,102.77300,231.58000,-9.52900,222.05100,48.55900,173.49200,173.49200,170.68500,261.08500,231.58000,40.08500,40.61300,4.26000,4.20000,2.96140,0.37380,0.59690,40.09890,27.77340,27.77340,26.63050,20.47020,0.32430,1.12040,1.64510,54.70820,13.60680,33.05060,6.74710,8.52070,31.98160,4.89620,4.03430
2022-09-30,1028.98500,614.50700,414.47790,107.02300,117.64500,296.83290,-9.47600,287.35800,66.55700,220.80100,220.80100,217.44300,326.97990,296.83310,43.71700,44.28000,5.23000,5.16000,2.89460,0.37830,0.60850,40.28030,28.84720,28.84720,27.92640,21.13180,0.39590,1.35200,1.94550,46.26050,17.66710,38.21730,8.49560,10.98340,30.22390,9.2484,8.0638
2022-06-30,1061.59000,607.26700,454.32290,95.95200,104.57610,349.74690,-7.39300,342.35400,88.04100,254.31300,254.31300,250.43000,373.55290,349.74690,43.07200,43.63000,5.81000,5.74000,2.76700,0.40000,0.66670,42.79650,32.94560,32.94560,32.24920,23.59010,0.42740,1.36570,1.43980,62.50880,22.30800,50.20160,10.23780,13.38480,26.80420,4.9619,3.6434
2022-03-31,982.57300,566.15700,416.41600,88.91800,97.61900,318.79700,-6.70700,312.09000,78.61300,233.47700,233.47700,229.90000,342.15600,318.79700,44.70000,45.28000,5.14000,5.08000,3.25140,0.42600,0.74220,42.38020,32.44510,32.44510,31.76250,23.39780,0.42640,1.37630,1.57630,57.09750,22.81670,41.04170,10.13300,13.09660,23.32040,1.4724,1.1185
2021-12-31,840.80100,485.99300,354.80800,78.15100,86.38000,268.42800,-6.61000,261.81800,56.97500,204.84300,204.84300,201.20100,291.59800,268.42800,45.98000,46.57500,4.38000,4.32000,2.89720,0.44600,0.80510,42.19880,31.92530,31.92530,31.13910,23.92970,0.37080,1.34220,1.55220,57.98240,21.73120,42.73640,9.03470,12.03870,20.76530,2.08680,1.89510
2021-09-30,923.73100,566.43100,357.29990,82.76900,91.35000,265.95000,1.83300,267.78300,65.22200,202.56100,202.56100,196.22600,292.49900,265.94990,46.56900,47.30600,4.29000,4.22000,2.70790,0.46720,0.87700,38.68010,28.79090,28.79080,28.98930,21.24280,0.41800,1.98060,1.75970,51.14410,23.42460,47.71940,9.16520,12.47970,18.79980,5.3724,4.6695
2021-06-30,853.65800,514.38500,339.27300,81.83200,90.53900,248.73410,-11.78300,236.95100,61.65400,175.29700,175.29700,171.90800,272.42010,248.73410,46.60200,47.28600,3.69000,3.64000,3.09320,0.53550,1.15870,39.74340,29.13740,29.13740,27.75710,20.13780,0.43170,2.13420,1.62650,55.33500,25.89180,78.19480,8.86520,12.02700,14.68530,3.5152,3.2198
2021-03-31,639.54300,399.69400,239.84900,67.34000,75.43600,164.41300,-1.17600,163.23700,38.30400,124.93300,124.93300,124.93300,187.35100,164.41300,46.80300,47.54700,2.62000,2.58000,3.12510,0.57300,1.40140,37.50320,25.70790,25.70790,25.52400,19.53470,0.36130,1.68010,1.48330,60.67530,21.91180,111.88800,7.05820,9.35680,12.13550,1.4085,1.195
2020-12-31,511.08200,321.89100,189.19100,61.07800,69.33800,119.85300,-7.82300,112.03000,26.96400,85.06600,85.06600,83.41000,142.24900,119.85300,46.91700,47.54700,1.78000,1.75000,2.88220,0.63610,1.74780,37.01770,23.45080,23.45080,21.92020,16.32030,0.31650,1.45480,1.45920,61.67890,19.45050,-5779.11900,5.26860,7.07870,9.38010,1.81450,1.66510
2020-09-30,477.42000,330.36610,147.05390,54.76200,62.81390,84.24000,-9.41500,74.82500,20.58400,54.24100,54.24100,53.11400,108.87000,84.24010,47.26500,48.04400,1.12000,1.10000,3.00060,0.67990,2.12400,30.80180,17.64480,17.64490,15.67280,11.12520,0.30630,1.65930,1.60080,56.22260,14.33390,-83.21980,3.48030,4.58840,7.98220,1.9151,1.8124
2020-06-30,384.89900,289.08600,95.81300,46.15900,54.18500,41.62800,-8.87800,32.75000,8.67200,24.07800,24.07800,23.55900,63.55500,41.62800,47.20700,47.81900,0.50000,0.49000,3.29230,0.72300,2.61000,24.89300,10.81530,10.81530,8.50870,6.12080,0.25800,1.43160,1.43430,62.74860,7.42700,-19.37240,1.61400,2.05740,6.85980,2.238,2.0757
2020-03-31,455.65400,324.05100,131.60300,62.36000,70.43100,61.17200,-8.87900,52.29300,13.10000,39.19300,39.19300,38.34000,83.40700,61.17200,47.40400,48.09500,0.81000,0.80000,2.91300,0.74110,2.86250,28.88220,13.42510,13.42510,11.47650,8.41430,0.30510,1.31600,1.49090,60.36500,13.26630,-24.30920,2.62410,3.43460,6.26240,-0.0623,-0.2142
2019-12-31,447.44800,330.60400,116.84400,56.21500,64.32800,52.51600,-10.38600,42.13000,7.34000,34.79000,34.79000,33.93300,74.87300,52.51600,47.12600,47.99900,0.72000,0.71000,2.61040,0.75650,3.10600,26.11340,11.73680,11.73680,9.41560,7.58370,0.29830,1.36220,1.53300,58.70900,12.78430,-17.77520,2.31910,3.11360,5.73160,1.08700,0.88260
2019-09-30,501.71000,357.98790,143.72210,68.88200,77.48010,66.24210,-4.14000,62.10200,16.10500,45.99700,45.99700,43.78100,86.33210,66.24200,46.57700,47.77700,0.96000,0.93000,2.43290,0.78400,3.62900,28.64640,13.20330,13.20320,12.37810,8.72640,0.34910,1.58340,1.59090,56.57010,19.74660,-19.24730,3.20090,4.26590,4.96080,1.8619,1.5885
2019-06-30,493.49100,367.35700,126.13400,59.04900,66.91700,59.21700,-11.56100,47.65600,11.10600,36.55000,36.55000,36.55000,76.97700,59.21700,46.38600,47.55700,0.77000,0.75000,2.56820,0.81370,4.36750,25.55950,11.99960,11.99960,9.65690,7.40640,0.34920,1.63440,1.53180,58.75290,18.04780,-13.16070,2.58670,3.36240,4.33870,1.6238,1.4799
2019-03-31,469.30900,352.22100,117.08800,56.35000,64.54600,52.54200,-12.73400,39.80800,10.25300,29.55500,29.55500,28.69800,70.82200,52.54200,46.07900,47.36900,0.62000,0.61000,2.53030,0.84800,5.57800,24.94900,11.19560,11.19560,8.48230,6.11490,0.34770,1.59530,1.46770,61.32250,18.64700,-9.57110,2.18940,2.83480,3.42950,0.0691,-0.0991
2018-12-31,452.02800,341.77200,110.25600,56.37900,64.59300,45.66300,-10.56000,35.10300,8.15400,26.94900,26.94900,26.29600,63.68400,45.66300,46.99500,48.28300,0.56000,0.54000,2.17580,0.87610,7.28650,24.39140,10.10180,10.10180,7.76570,5.81730,0.33610,1.50830,1.53660,58.57220,21.70590,-7.70310,2.00400,2.68890,2.71560,0.83420,0.69180
2018-09-30,477.56700,365.83610,111.73090,57.08700,65.04490,46.68590,-12.54000,34.14600,1.44700,32.69900,32.69900,30.88200,65.86300,46.68600,51.79100,54.08900,0.60000,0.58000,2.37270,0.87790,7.40830,23.39590,9.77580,9.77580,7.15000,6.46650,0.36070,1.64970,1.80110,49.96830,26.78950,-9.61780,2.46960,3.27070,2.59260,0.2031,0.0413
2018-06-30,498.01400,377.68500,120.32900,57.48200,65.17600,55.15300,-10.60200,44.55100,10.35200,34.19900,34.19900,33.77700,71.34500,55.15300,46.26200,48.41200,0.73000,0.70000,2.39040,0.92410,12.28450,24.16180,11.07460,11.07460,8.94570,6.78230,0.38480,1.81990,1.91130,47.08860,46.36340,-8.61470,2.64240,3.51740,1.60450,1.5052,1.2796
2018-03-31,445.00000,335.84300,109.15700,60.11800,67.88300,41.27400,16.67600,57.95000,15.39200,42.55800,42.55800,42.55800,57.12700,41.27400,51.36700,54.00300,0.83000,0.79000,2.54760,0.93550,14.63080,24.52970,9.27510,9.27510,13.02250,9.56360,0.35540,1.65830,1.81370,49.62240,68.55900,-10.20100,3.39910,4.42100,1.33270,0.2429,0.0499
2017-12-31,414.55800,317.69100,96.86700,51.59500,60.28200,36.58500,-6.88000,29.70500,2.51600,27.18900,27.18900,26.97200,53.79500,36.58500,63.31600,65.90500,0.43000,0.41000,2.44950,0.57590,1.36880,23.36630,8.82510,8.82510,7.16550,6.50620,0.35370,1.55850,2.03480,44.23020,6.99540,-28.18680,2.31980,2.96670,6.11890,0.74260,0.61760
2017-09-30,395.80690,306.29590,89.51100,44.76600,50.54500,38.96600,-5.93600,33.03000,12.17300,20.85700,20.85700,20.70500,54.89700,38.96600,63.42000,66.55400,0.32000,0.32000,2.38750,0.61310,1.59640,22.61480,9.84470,9.84470,8.34500,5.23110,0.32570,1.53150,1.76360,51.03100,5.77960,-15.90510,1.71650,2.23610,5.70050,0.8444,0.6969
2017-06-30,397.74500,305.26000,92.48500,42.49100,48.03700,44.44800,-5.55200,38.89600,11.43100,27.46500,27.46500,27.37600,57.78900,44.44800,63.81700,66.89000,0.43000,0.41000,2.72310,0.58690,1.43320,23.25230,11.17500,11.17500,9.77910,6.88280,0.36350,1.69120,1.89140,47.58350,7.99860,-112.30360,2.50990,3.30390,5.35880,0.6083,0.505
2017-03-31,372.79100,285.18200,87.60900,51.72500,57.21800,30.39100,0.91900,31.31000,12.37500,18.93500,18.93500,18.93500,43.66400,30.39100,63.25200,66.88800,0.30000,0.28000,2.63420,0.61430,1.60650,23.50080,8.15230,8.15230,8.39880,5.07930,0.35480,1.54240,1.89860,47.40300,6.17390,-35.73180,1.80230,2.38130,4.83560,-0.1128,-0.2237
2016-12-31,337.59100,245.92600,91.66500,43.92800,49.51700,42.14800,-19.25900,22.88900,5.50700,17.38200,17.38200,17.38200,55.77600,42.14800,62.64200,65.92000,0.28000,0.26000,2.52860,0.63580,1.76050,27.15270,12.48490,12.48490,6.78010,5.14880,0.33120,1.37510,2.12390,42.37580,6.19780,-20.51630,1.70540,2.25750,4.44540,0.48800,0.47370
2016-09-30,416.23900,324.00300,92.23600,57.33100,63.04310,29.19290,-9.72900,19.46400,3.89200,15.57200,15.57200,15.54000,47.73190,29.19290,62.48600,62.78600,0.25000,0.25000,2.84600,0.70980,2.45020,22.15940,7.01350,7.01350,4.67620,3.73340,0.35740,2.00660,2.16690,41.53410,6.05330,-13.71740,1.33710,1.75700,4.11870,1.1344,1.0836
2016-06-30,395.72400,284.20300,111.52100,64.39200,69.95800,41.56300,-10.16900,31.39400,10.74900,20.64500,20.64500,20.64500,53.12600,41.56300,62.49200,62.49200,0.33000,0.33000,2.64270,0.75920,3.15930,28.18150,10.50300,10.50300,7.93330,5.21700,0.34110,1.72980,1.67810,53.63100,10.32880,-11.69880,1.77940,2.48710,3.20020,0.0458,-0.026
2016-03-31,353.04600,261.63600,91.41000,54.17900,59.75100,31.65900,-8.90600,22.75300,8.74600,14.00700,14.00700,14.00700,45.75800,31.65900,62.49000,62.49000,0.22000,0.22000,,,,25.89180,8.96740,8.96740,6.44480,3.96750,,,,,,,,,,0.4831,0.4134
2015-12-31,358.37500,285.96600,72.40900,43.84100,49.35800,23.05100,-9.88100,13.17000,4.59800,8.57200,8.57200,8.57200,37.45300,23.05100,62.46600,62.46600,0.14000,0.14000,,,,20.20480,6.43210,6.43210,3.67490,2.39190,,,,,,,,,,0.83160,0.75710
2015-09-30,,,,,,,,,,,,,,,,,,0.00000,,,,,,,,,,,,,,,,,,-0.4835,-0.155
2015-06-30,432.36700,353.61900,78.74800,45.91200,51.16100,27.58700,-11.21200,16.37500,-2.68300,19.05800,19.05800,19.05800,27.58700,27.58700,62.51300,62.51300,0.30000,0.30000,,,,18.21320,6.38050,6.38050,3.78730,4.40780,,,,,,,,,,0.4835,0.155
2014-09-30,,,,,,,,,,,,,,,,,,0.00000,,,,,,,,,,,,,,,,,,0,0
2013-09-30,,,,,,,,,,,,,,,,,,0.00000,,,,,,,,,,,,,,,,,,0,0
