Date,revenue,cost-goods-sold,gross-profit,research-development-expenses,selling-general-administrative-expenses,operating-expenses,operating-income,total-non-operating-income-expense,pre-tax-income,total-provision-income-taxes,income-after-taxes,income-from-continuous-operations,net-income,ebitda,ebit,basic-shares-outstanding,shares-outstanding,eps-basic-net-earnings-per-share,eps-earnings-per-share-diluted,current-ratio,long-term-debt-capital,debt-equity-ratio,gross-margin,operating-margin,ebit-margin,pre-tax-profit-margin,net-profit-margin,asset-turnover,receiveable-turnover,days-sales-in-receivables,roe,return-on-tangible-equity,roa,roi,book-value-per-share,operating-cash-flow-per-share,free-cash-flow-per-share
2023-12-31,,,,2.99200,2.32700,,-5.34700,0.21700,-4.58000,,-4.58000,-4.58000,-4.58000,-4.99200,-4.79700,24.75500,24.75500,-0.18000,-0.18000,5.34980,0.08790,0.16940,,,,,,,,,-25.20640,-25.20640,-19.06030,-22.99200,0.69600,-0.1267,-0.1262
2023-09-30,,,,3.30500,2.04800,,-5.35300,0.31400,-5.03900,,-5.03900,-5.03900,-5.03900,-4.99200,-5.35300,25.25500,25.25500,-0.20000,-0.20000,7.06100,0.09600,0.17290,,,,,,,,,-25.88880,-25.88880,-20.29480,-23.40460,0.75490,-0.1301,-0.1306
2023-06-30,,,,3.19200,2.16800,,-5.36000,0.20800,-5.15200,,-5.15200,-5.15200,-5.15200,-5.00000,-5.36000,24.67700,24.67700,-0.21000,-0.21000,8.24980,0.09280,0.16060,,,,,,,,,-22.16960,-22.16960,-17.77230,-20.11320,0.90180,-0.1522,-0.1523
2023-03-31,,,,3.03600,2.13100,,-5.16700,0.14800,-5.01900,,-5.01900,-5.01900,-5.01900,-4.80400,-5.16700,23.66000,23.66000,-0.21000,-0.21000,7.10110,0.13960,0.23730,,,,,,,,,-30.35750,-30.35750,-22.67450,-26.11890,0.67950,-0.17900,-0.17960
2022-12-31,0.00500,,0.00500,2.52300,1.88800,,-4.40600,0.13400,-4.27200,,-4.27200,-4.27200,-4.27200,-4.04500,-4.40600,23.15700,23.15700,-0.17000,-0.17000,7.42850,0.12820,0.20240,100.00000,-88120.10000,-88120.08000,-85440.12000,-85440.08000,0.00020,,,-21.02980,-21.02980,-15.98270,-18.33480,0.84740,-0.1285,-0.129
2022-09-30,0.00200,,0.00200,2.74300,1.91400,,-4.65500,0.05300,-4.60200,,-4.60200,-4.60200,-4.60200,-4.28600,-4.65500,23.29400,23.29400,-0.20000,-0.20000,8.49360,0.12550,0.18950,100.00000,-232750.00000,-232750.00000,-230100.00000,-230100.00000,0.00010,,,-20.29190,-20.29190,-15.67490,-17.74570,0.95070,-0.1229,-0.1232
2022-06-30,,,,2.43300,2.01400,,-4.44700,-0.03400,-4.48100,,-4.48100,-4.48100,-4.48100,-4.06000,-4.44700,22.93600,22.93600,-0.20000,-0.20000,8.04580,0.14130,0.22870,,,,,,,,,-20.60230,-20.60230,-15.56880,-17.69120,0.92720,-0.1085,-0.1086
2022-03-31,0.37500,0.08100,0.29400,2.33900,1.97300,4.31200,-4.01800,-0.06800,-4.08600,,-4.08600,-4.08600,-4.08600,-3.62900,-4.01800,22.85300,22.85300,-0.18000,-0.18000,10.26340,0.13320,0.20910,78.40000,-1071.46700,-1071.46700,-1089.60000,-1089.60000,0.01160,1.25000,72.00000,-16.22270,-16.22270,-12.65960,-14.06200,1.07670,-0.17990,-0.18060
2021-12-31,,,,2.24900,1.82400,,-4.07300,-0.07400,-4.14700,0.01800,-4.16500,-4.16500,-4.16500,-3.68200,-4.07300,22.49200,22.49200,-0.18000,-0.18000,10.53690,0.12780,0.19570,,,,,,,,,-14.67530,-14.67530,-11.55020,-12.80000,1.22300,-0.1375,-0.1379
2021-09-30,,,,2.23200,1.90400,,-4.13600,-0.05000,-4.18600,0.01700,-4.20300,-4.20300,-4.20300,-3.85600,-4.13600,22.62900,22.62900,-0.19000,-0.19000,11.09050,0.12400,0.19300,,,,,,,,,-13.35050,-13.35050,-10.60000,-11.69550,1.36020,-0.1207,-0.1216
2021-06-30,,,,2.06900,1.64300,,-3.71200,0.00300,-3.70900,0.01700,-3.72600,-3.72600,-3.72600,-3.65100,-3.71200,22.49200,22.49200,-0.17000,-0.17000,30.97350,,,,,,,,,,,-10.74120,-10.74120,-10.16150,-10.74120,1.50140,-0.1166,-0.1191
2021-03-31,0.40000,,0.40000,2.22900,1.77900,,-3.60800,0.00200,-3.60600,0.01400,-3.62000,-3.62000,-3.62000,-3.55500,-3.60800,22.09000,22.09000,-0.16000,-0.16000,31.68910,,,100.00000,-902.00010,-902.00010,-901.49990,-904.99990,0.01020,6.06060,14.85000,-9.72750,-9.72750,-9.21380,-9.72750,1.61610,-0.17830,-0.17940
2020-12-31,,,,2.22700,1.65000,,-3.87700,0.00100,-3.87600,,-3.87600,-3.87600,-3.87600,-3.83700,-3.87700,18.75200,18.75200,-0.17000,-0.17000,26.29420,,,,,,,,,,,-10.37890,-10.37890,-9.83880,-10.37890,1.66910,-0.172,-0.1761
2020-09-30,,,,2.04900,1.53000,,-3.57900,0.00100,-3.57800,,-3.57800,-3.57800,-3.57800,-3.53300,-3.57900,19.33700,19.33700,-0.19000,-0.19000,18.19860,,,,,,,,,,,-14.46710,-14.46710,-13.36920,-14.46710,1.17930,-0.1048,-0.1071
2020-06-30,,,,2.08600,1.69500,,-3.78100,0.00200,-3.77900,,-3.77900,-3.77900,-3.77900,-3.73400,-3.78100,17.97500,17.97500,-0.21000,-0.21000,14.61110,,,,,,,,,,,-21.49850,-21.49850,-20.07440,-21.49850,0.88660,-0.1494,-0.1498
2020-03-31,0.06200,0.01300,0.04900,2.06200,1.67000,3.73200,-3.68300,0.03800,-3.64500,,-3.64500,-3.64500,-3.64500,-3.63700,-3.68300,16.76000,16.76000,-0.22000,-0.22000,10.52880,,,79.03230,-5940.32300,-5940.32300,-5879.03200,-5879.03200,0.00510,,,-32.95960,-32.95960,-29.99510,-32.95960,0.62390,-0.21730,-0.21750
2019-12-31,0.13800,0.02900,0.10900,1.81800,1.39700,3.21500,-3.10600,0.06000,-3.04600,,-3.04600,-3.04600,-3.04600,-3.06000,-3.10600,15.85200,15.85200,-0.17000,-0.17000,10.22000,,,78.98550,-2250.72600,-2250.72500,-2207.24700,-2207.24700,0.00910,,,-22.11730,-22.11740,-19.98690,-22.11730,0.80460,-0.1448,-0.1449
2019-09-30,0.25400,0.20400,0.05000,1.74600,1.47900,3.22500,-3.17500,0.08900,-3.08600,,-3.08600,-3.08600,-3.08600,-3.12900,-3.17500,16.56700,16.56700,-0.19000,-0.19000,13.84360,,,19.68500,-1250.00000,-1250.00000,-1214.96100,-1214.96100,0.01460,1.35830,66.25980,-19.08590,-19.08590,-17.68580,-19.08590,0.94700,-0.1123,-0.1121
2019-06-30,0.07000,0.02000,0.05000,2.05700,1.71300,3.77000,-3.72000,0.08600,-3.63400,,-3.63400,-3.63400,-3.63400,-3.67600,-3.72000,15.42300,15.42300,-0.24000,-0.24000,15.38150,,,71.42860,-5314.28600,-5314.28600,-5191.42900,-5191.42900,0.00350,1.37250,65.57140,-19.68900,-19.68900,-18.35260,-19.68900,1.08100,-0.1455,-0.146
2019-03-31,0.07100,,0.07100,2.12700,1.56800,,-3.62400,0.09000,-3.53400,,-3.53400,-3.53400,-3.53400,-3.58200,-3.62400,14.78200,14.78200,-0.24000,-0.24000,17.32290,,,100.00000,-5104.22500,-5104.22500,-4977.46500,-4977.46500,0.00450,1.42000,63.38030,-23.70860,-23.70860,-22.19850,-23.70860,0.97220,-0.25400,-0.25680
2018-12-31,0.15000,0.03500,0.11500,1.96800,1.43700,3.40500,-3.29000,0.09100,-3.19900,,-3.19900,-3.19900,-3.19900,-3.28100,-3.29000,12.65500,12.65500,-0.22000,-0.22000,11.97270,,,76.66670,-2193.33300,-2193.33300,-2132.66700,-2132.66700,0.00770,0.81080,111.00000,-18.02660,-18.02660,-16.52630,-18.02660,1.18040,-0.1652,-0.1653
2018-09-30,,,,1.92200,1.56100,,-3.48300,0.04800,-3.43500,,-3.43500,-3.43500,-3.43500,-3.47500,-3.48300,12.11700,12.11700,-0.28000,-0.28000,7.07030,,,,,,,,,,,-38.34990,-38.34990,-33.00350,-38.34990,0.72180,-0.1848,-0.1853
2018-06-30,0.09600,0.11300,-0.01700,1.73800,1.46600,3.20400,-3.22100,0.05000,-3.17100,,-3.17100,-3.17100,-3.17100,-3.21300,-3.22100,12.07800,12.07800,-0.26000,-0.26000,13.14550,,,-17.70830,-3355.20800,-3355.20800,-3303.12500,-3303.12500,0.00750,1.00000,90.00000,-26.95970,-26.95970,-24.92140,-26.95970,0.94790,-0.1888,-0.1891
2018-03-31,,,,1.69000,1.44900,,-3.13900,0.04700,-3.09200,,-3.09200,-3.09200,-3.09200,-3.13100,-3.13900,12.04100,12.04100,-0.26000,-0.26000,20.84800,,,,,,,,,,,-21.60420,-21.60430,-20.57360,-21.60430,1.15780,-0.23350,-0.23440
2017-12-31,,,,1.32400,1.39900,,-2.76200,0.04200,-2.61000,,-2.61000,-2.61000,-2.61000,-2.75600,-2.65200,11.77300,11.77300,-0.21000,-0.21000,18.67970,,,,,,,,,,,-15.48230,-15.48230,-14.65720,-15.48230,1.38620,-0.1909,-0.1945
2017-09-30,,,,1.60200,1.72400,,-3.32600,0.04200,-3.28400,,-3.28400,-3.28400,-3.28400,-3.32200,-3.32600,11.86200,11.86200,-0.28000,-0.28000,22.89790,,,,,,,,,,,-17.33530,-17.33530,-16.58080,-17.33530,1.55780,-0.1694,-0.1698
2017-06-30,,,,1.44400,2.22000,,-3.66400,0.03400,-3.63000,,-3.63000,-3.63000,-3.63000,-3.66000,-3.66400,11.61600,11.61600,-0.31000,-0.31000,32.56460,,,,,,,,,,,-17.03270,-17.03270,-16.51130,-17.03270,1.75250,-0.1783,-0.1787
2017-03-31,,,,1.45600,2.11200,,-3.56800,0.02400,-3.54400,,-3.54400,-3.54400,-3.54400,-3.56300,-3.56800,11.57200,11.57200,-0.31000,-0.31000,35.78640,,,,,,,,,,,-15.07190,-15.07190,-14.65190,-15.07190,1.94250,-0.25040,-0.25110
2016-12-31,,,,1.23600,2.19800,,-3.43400,0.02100,-3.41300,,-3.41300,-3.41300,-3.41300,-3.42900,-3.43400,5.68200,5.68200,1.49000,1.49000,26.00780,,,,,,,,,,,-13.20410,-13.20410,-12.69770,-13.20410,2.14950,-0.4744,-0.476
2016-09-30,,,,0.94100,1.84200,,-2.78300,-1.32400,-4.10700,,-4.10700,-4.10700,-4.10700,-2.77900,-2.78300,7.38200,7.38200,-0.56000,-0.56000,59.29710,,,,,,,,,,,-14.70300,-14.70300,-14.45570,-14.70300,2.32290,1.3149,1.3203
2016-06-30,,,,0.86700,0.98600,,-1.85300,-0.74600,-2.59900,,-2.59900,-2.59900,-2.59900,-1.85000,-1.85300,1.61700,1.61700,-1.61000,-1.61000,0.22850,,-1.27680,,,,,,,,,14.50820,14.50820,-45.70070,14.50820,-11.07850,-1.0161,-1.0192
2016-03-31,,,,0.94900,0.98000,,-1.92900,-0.56200,-2.49100,,-2.49100,-2.49100,-2.49100,-1.92600,-1.92900,1.61700,1.61700,-1.54000,-1.54000,0.09090,,-1.08410,,,,,,,,,16.21260,16.21260,-138.40390,16.21260,-9.50190,-1.02100,-1.02660
2015-12-31,,,,0.51200,0.97800,,-1.49000,-2.65700,-4.13300,0.00000,-4.13300,-4.13300,-4.13300,-1.48750,-1.49000,1.26000,1.26000,-3.18000,-3.18000,0.19710,,-1.22670,,,,,,,,,31.49910,31.49910,-120.84800,31.49910,-8.11440,-0.9594,-0.9609
2015-09-30,,,,0.43400,0.34900,,-0.78300,-0.56600,-1.34900,,-1.34900,-1.34900,-1.34900,-0.78100,-0.78300,1.23300,1.23300,-1.09000,-1.09000,,,,,,,,,,,,,,,,,-0.5961,-0.5961
2015-06-30,,,,0.57600,0.44000,,-1.01600,-0.56100,-1.57700,,-1.57700,-1.57700,-1.57700,-1.01320,-1.01600,1.23300,1.23300,-1.28000,-1.28000,,,,,,,,,,,,,,,,,-1.1424,-1.1423
2015-03-31,,,,0.51950,1.71020,,-2.22960,-0.23110,-2.46070,,-2.46070,-2.46070,-2.46070,-2.22740,-2.22960,1.23300,1.23300,-2.00000,-2.00000,,,,,,,,,,,,,,,,,-0.78380,-0.78550
2014-12-31,,,,,,,,,,,,,,,,,,,0.00000,,,,,,,,,,,,,,,,,0,0
