Date,revenue,cost-goods-sold,gross-profit,selling-general-administrative-expenses,other-operating-income-expenses,operating-expenses,operating-income,total-non-operating-income-expense,pre-tax-income,total-provision-income-taxes,income-after-taxes,income-from-continuous-operations,income-from-discontinued-operations,net-income,ebitda,ebit,basic-shares-outstanding,shares-outstanding,eps-basic-net-earnings-per-share,eps-earnings-per-share-diluted,current-ratio,long-term-debt-capital,debt-equity-ratio,gross-margin,operating-margin,ebit-margin,pre-tax-profit-margin,net-profit-margin,asset-turnover,inventory-turnover,receiveable-turnover,days-sales-in-receivables,roe,return-on-tangible-equity,roa,roi,book-value-per-share,operating-cash-flow-per-share,free-cash-flow-per-share
2023-09-30,523.13700,79.02000,444.11700,222.74100,-77.01200,398.08700,46.03000,-22.51100,23.51900,6.34700,17.17200,17.17200,0.00000,17.17200,139.50300,46.03000,67.25300,72.67200,0.26000,0.24000,0.92410,0.55640,1.25490,84.89500,8.79880,8.79880,4.49580,3.28250,0.13600,1.55920,2.31330,38.90610,1.27370,1.98940,0.44650,0.56500,20.64110,2.1009,-0.6922
2023-06-30,529.33900,67.27100,462.06800,224.04600,-72.57200,392.32700,69.74100,-19.99900,49.74200,11.72000,38.02200,38.02200,0.00000,38.02200,160.10100,69.74100,70.72200,79.51500,0.54000,0.49000,0.89340,0.51210,1.05000,87.29150,13.17510,13.17510,9.39700,7.18290,0.14110,1.16690,2.42470,37.11810,2.63460,3.97860,1.01320,1.28540,20.39550,2.5332,-0.0128
2023-03-31,501.09500,66.75500,434.34000,226.60400,-63.34900,386.91700,47.42300,-20.85400,26.56900,6.42800,20.14100,20.14100,,20.14100,139.76400,47.42300,71.80200,83.05700,0.28000,0.25000,1.17650,0.52200,1.09270,86.67820,9.46390,9.46390,5.30220,4.01940,0.13530,1.15640,2.20630,40.79260,1.42430,2.17980,0.54400,0.68080,19.79050,2.60520,0.08950
2022-12-31,533.02500,73.43200,459.59300,224.57500,-66.13400,387.08010,72.51290,-11.27400,61.23900,18.99500,42.24400,42.24400,0.40700,42.65100,165.24790,72.51290,73.61100,88.32400,0.60000,0.51000,1.36110,0.50900,1.03710,86.22350,13.60400,13.60400,11.48900,8.00170,0.14850,1.27120,1.76720,50.92820,2.99070,4.59240,1.17670,1.46840,19.52920,0.8598,-0.7369
2022-09-30,516.91600,68.62000,448.29600,220.45600,-59.30500,375.63700,72.65900,-7.73500,64.92400,14.73600,50.18800,50.18800,0.85400,51.04200,164.44000,72.65900,73.99800,88.74600,0.69000,0.58000,1.21700,0.48300,0.93460,86.72510,14.05630,14.05630,12.55990,9.87430,0.14660,1.24040,2.06310,43.62280,3.42460,5.17220,1.42370,1.77060,19.70680,1.6883,-0.0341
2022-06-30,509.66800,73.10200,436.56600,213.75600,-59.76800,366.04900,70.51700,-1.26700,69.25000,15.04000,54.21000,54.21000,0.88200,55.09200,160.29200,70.51700,73.98000,89.44900,0.74000,0.62000,1.18650,0.49050,0.96310,85.65690,13.83590,13.83590,13.58730,10.80940,0.14730,1.35360,1.95830,45.95820,3.84060,5.93480,1.56700,1.95680,18.97960,1.3811,-0.6873
2022-03-31,485.86000,60.35800,425.50200,206.84400,-55.55200,355.70800,69.79400,-4.70900,65.08500,15.28900,49.79600,49.79600,,49.79600,159.69300,69.79400,73.88800,88.74400,0.67000,0.57000,1.04300,0.48460,0.94070,87.57710,14.36500,14.36500,13.39580,10.24900,0.14780,1.21410,2.24250,40.13450,3.67760,5.84160,1.51500,1.89540,18.21490,1.41610,0.19710
2021-12-31,482.36700,56.39000,425.97700,208.14700,-43.44700,345.98290,79.99410,-19.35800,60.63600,16.17800,44.45800,44.45800,0.06600,44.52400,174.13110,79.99410,68.85300,76.21600,0.60000,0.76000,1.12860,0.49550,0.98260,88.30970,16.58370,16.58370,12.57050,9.23030,0.14760,1.14600,2.34840,38.32330,3.36200,5.43990,1.36070,1.69620,17.83570,2.0634,1.2285
2021-09-30,465.95500,50.17600,415.77900,197.80000,-30.63400,316.01900,99.76000,-18.51900,81.24100,18.87800,62.36300,62.36300,2.30900,64.67200,187.78900,99.76000,73.72100,76.74300,0.88000,0.84000,1.09290,0.53640,1.15760,89.23160,21.40980,21.40980,17.43540,13.87950,0.14460,0.98720,2.43010,37.03610,5.27230,9.24610,1.93540,2.44430,15.94140,1.383,-0.0447
2021-06-30,409.87200,36.59200,373.28000,181.88700,-22.38900,288.66100,84.61900,19.60700,104.22600,24.35700,79.86900,79.86900,0.06500,79.93400,170.21900,84.61900,68.20600,72.96400,1.17000,0.74000,0.99290,0.55650,1.25510,91.07230,20.64520,20.64520,25.42890,19.50220,0.12770,0.82230,2.32690,38.67830,7.16490,13.22930,2.48750,3.17800,15.02270,2.5452,0.1178
2021-03-31,376.08800,30.44200,345.64600,178.35900,-30.40000,288.78700,56.85900,-1.75700,55.10200,12.81200,42.29000,42.29000,,42.29000,138.32800,56.85900,59.44700,74.74400,0.71000,0.49000,1.02720,0.62460,1.66470,91.90560,15.11850,15.11850,14.65140,11.24470,0.12340,0.70710,2.42460,37.11990,4.70030,10.95340,1.38760,1.76430,14.83710,1.66500,-0.01270
2020-12-31,399.35790,31.59500,367.76290,181.91200,-44.90500,308.32790,59.43510,-58.26500,1.17000,-1.08300,2.25300,2.25300,2.87400,5.12700,142.16300,59.43510,59.12800,59.93100,0.07000,1.50000,0.90310,0.63140,1.72890,92.08860,14.88270,14.88270,0.29300,1.28380,0.13300,0.78190,2.60150,34.59550,0.26340,0.66420,0.07510,0.09710,14.36360,1.3916,-0.2042
2020-09-30,404.14600,36.20200,367.94400,171.82100,-45.66400,293.97400,73.97000,-68.32800,5.64200,11.38700,-5.74500,-5.74500,0.15400,-5.59100,151.99700,73.97000,59.14600,59.14600,-0.09000,-0.09000,0.87430,0.67240,2.07190,91.04230,18.30280,18.30280,1.39600,-1.38340,0.13640,0.91330,2.69780,33.36010,-0.80390,-2.93800,-0.19390,-0.26340,11.99230,2.9456,0.7778
2020-06-30,377.79400,36.78700,341.00700,152.87200,-88.69600,317.82900,23.17800,-129.37100,-106.19300,-1.03100,-105.16200,-105.16200,0.23600,-104.92600,101.39500,23.17800,59.13000,59.13000,-1.77000,-1.77000,0.95000,0.75200,3.05990,90.26270,6.13510,6.13510,-28.10870,-27.77330,0.12860,0.91670,2.26840,39.67570,-21.17930,413.95760,-3.58040,-5.25260,8.33250,2.7535,0.5219
2020-03-31,389.27700,43.79900,345.47800,163.20500,-56.89300,295.67100,49.80700,90.96700,140.77400,7.04100,133.73300,133.73300,3.77200,137.50500,128.62900,49.80700,59.04000,67.94700,2.33000,0.90000,1.21100,0.72080,2.60410,88.74860,12.79480,12.79480,36.16290,35.32320,0.13330,1.01200,2.33110,38.60840,22.31480,179.48810,4.57980,6.23120,10.05150,1.45750,-0.65390
2019-12-31,403.35100,44.72200,358.62900,168.71100,-62.86500,306.40790,52.22110,-95.82800,-43.60700,-2.50300,-41.10400,-41.10400,0.91400,-40.19000,128.65410,52.22110,58.89900,69.34800,-0.69000,0.79000,1.01350,0.76150,3.22450,88.91240,12.94680,12.94680,-10.81120,-9.96400,0.14300,1.19590,2.47650,36.34130,-8.92900,61.06490,-1.45750,-2.12970,7.75910,1.2544,-0.3875
2019-09-30,366.07300,41.19300,324.88000,155.09500,-58.20800,284.11400,40.76600,70.32200,111.08800,6.00300,105.08500,105.08500,0.24300,105.32800,113.77800,40.76600,58.91900,68.71800,1.79000,0.20000,0.84420,0.74540,3.01780,88.74730,11.13600,11.13600,30.34590,28.77240,0.13340,1.25680,2.69360,33.41310,21.84740,-212.22460,3.82850,5.56280,8.10180,0.9141,-0.1494
2019-06-30,334.57600,34.16800,300.40800,135.17500,-58.11000,262.92600,37.48200,-60.95800,-23.47600,3.15600,-26.63200,-26.63200,0.03100,-26.60100,109.33900,37.48200,58.90900,58.90900,-0.45000,-0.45000,0.92220,0.79090,3.88880,89.78770,11.20280,11.20280,-7.01660,-7.95070,0.12380,0.93670,2.60340,34.56990,-7.18210,16.38270,-0.98520,-1.50160,6.24640,1.7783,-0.3802
2019-03-31,348.18300,34.95000,313.23300,136.94800,-60.31900,266.70500,46.52800,-18.96100,27.56700,4.93300,22.63400,22.63400,0.03100,22.66500,117.58100,46.52800,58.83800,60.43700,0.39000,0.25000,0.98860,0.77850,3.60310,89.96220,13.36310,13.36310,7.91740,6.50950,0.13230,1.06720,2.59850,34.63570,5.79150,-15.56510,0.86000,1.28290,6.58480,1.77710,0.25720
2018-12-31,280.77900,21.61100,259.16800,108.77600,-57.73900,226.51800,32.65000,-34.59000,-1.94000,3.25600,-5.19600,-5.19600,0.86600,-4.33000,95.21700,32.65000,58.76500,68.35600,-0.07000,0.19000,1.13130,0.75860,3.21070,92.30320,11.62840,11.62840,-0.69090,-1.54210,0.11360,0.64440,1.90030,47.36090,-1.19050,5.25270,-0.21030,-0.28740,7.38050,1.4207,0.2694
2018-09-30,204.91900,5.98100,198.93800,82.57600,-41.84900,172.11100,26.82700,11.75200,38.57900,5.64600,32.93300,32.93300,0.17000,33.10300,75.40800,26.82700,58.73900,68.32300,0.56000,0.24000,1.01820,0.52830,1.15170,97.08130,13.09150,13.09150,18.82650,16.15420,0.13190,0.24500,2.18790,41.13620,6.99660,7.71280,2.12050,3.30010,7.96710,0.8623,-0.0637
2018-06-30,203.60700,5.91300,197.69400,85.20100,-41.90400,173.79600,23.89800,6.01300,29.91100,5.44700,24.46400,24.46400,0.17000,24.63400,75.02200,23.89800,58.73900,68.36300,0.42000,0.21000,1.05650,0.53730,1.19540,97.09590,11.73730,11.73730,14.69060,12.09880,0.13420,0.24490,2.01980,44.55860,5.61640,6.24750,1.61220,2.59860,7.37270,0.921,0.0167
2018-03-31,203.04000,5.78800,197.25200,81.15600,-44.07100,169.60900,27.64300,-6.71500,20.92800,5.24600,15.68200,15.68200,0.19600,15.87800,74.97700,27.64300,58.84000,59.55800,0.27000,0.27000,1.12240,0.55790,1.29850,97.14930,13.61460,13.61460,10.30730,7.82010,0.12950,0.26010,2.02660,44.40870,3.83890,4.30570,1.00040,1.69700,6.91420,1.15590,0.10940
2017-12-31,322.97090,48.44500,274.52590,138.63500,-47.79900,240.63300,33.89300,12.67800,46.57100,-47.52000,94.09100,94.09100,1.02600,95.11700,84.03900,33.89300,58.90700,59.68600,1.61000,1.65000,0.99910,0.55710,1.30480,85.00020,10.49410,10.49410,14.41960,29.45060,0.20850,2.18530,2.95990,30.40600,23.80370,26.82930,6.07490,10.54210,6.69320,0.6804,-0.5637
2017-09-30,254.10100,34.03500,220.06600,109.21300,-41.06200,195.61400,24.45200,-45.22100,-20.76900,7.46000,-28.22900,-28.22900,-4.65500,-32.88400,66.88200,24.45200,58.73300,58.73300,-0.56000,-0.56000,0.97080,0.61850,1.68740,86.60570,9.62300,9.62300,-8.17350,-12.94130,0.17090,1.96940,3.87570,23.22180,-9.65840,-11.43070,-1.89850,-3.68430,4.94350,1.1431,-0.1367
2017-06-30,253.21100,32.25800,220.95300,105.75900,-46.17800,197.82800,23.12500,-71.56900,-48.44400,5.47400,-53.91800,-53.91800,0.19200,-53.72600,65.11500,23.12500,59.03500,59.03500,-0.91000,-0.91000,1.10670,0.64480,1.88720,87.26040,9.13270,9.13270,-19.13190,-21.21790,0.18280,1.96550,3.36260,26.76530,-19.26100,-22.99490,-3.89340,-6.84160,4.73480,1.4329,0.2782
2017-03-31,237.91700,34.84100,203.07600,101.80100,-38.31800,185.14600,17.93000,-1.82400,16.10600,6.31000,9.79600,9.79600,0.19200,9.98800,57.74700,17.93000,59.13300,64.94900,0.17000,0.13000,0.93880,0.58550,1.49060,85.35580,7.53620,7.53620,6.76960,4.19810,0.17740,1.88800,2.83300,31.76860,2.87200,3.31510,0.73060,1.19030,5.72630,0.68070,-0.60930
2016-12-31,221.67500,28.96300,192.71200,90.45100,-34.37300,167.75710,24.95490,-24.53500,0.42000,1.17500,-0.75500,-0.75500,2.28700,1.53200,63.90290,24.95490,61.33000,62.99400,0.03000,0.08000,0.85150,0.56400,1.38210,86.93450,11.25740,11.25740,0.18950,0.69110,0.17600,1.45360,2.86970,31.36230,-0.22750,-0.26370,-0.06000,-0.09920,5.58180,0.6832,-0.298
2016-09-30,193.26100,24.37200,168.88900,78.80900,-35.15600,154.43300,14.45600,-11.33300,3.12300,1.00700,2.11600,2.11600,0.04700,2.16300,50.50000,14.45600,59.37900,60.28300,0.04000,0.04000,1.00390,0.56150,1.38980,87.38910,7.48000,7.48000,1.61590,1.11920,0.15900,1.73420,2.91560,30.86840,0.65480,0.74340,0.17410,0.28710,5.42230,0.9247,-0.2226
2016-06-30,176.54900,17.16800,159.38100,68.34300,-36.87400,143.58000,15.80100,2.96200,18.76300,7.23500,11.52800,11.52800,0.04700,11.57500,50.78800,15.80100,63.26700,66.76300,0.18000,0.12000,0.81230,0.46780,0.99200,90.27580,8.94990,8.94990,10.62770,6.55630,0.15330,1.16690,3.42750,26.25840,3.13210,3.49900,1.00100,1.66710,5.79490,0.7762,0.0045
2016-03-31,177.38500,16.63100,160.75400,69.24400,-37.34700,145.40300,15.35100,-3.20300,12.14800,3.97700,8.17100,8.17100,0.04700,8.21800,48.53900,15.35100,63.63600,65.05700,0.13000,0.13000,0.97380,0.44970,0.90960,90.62440,8.65410,8.65410,6.84840,4.63290,0.15590,1.23070,3.06550,29.35900,2.00050,2.45970,0.71800,1.10090,6.37500,0.68110,-0.42060
2015-12-31,181.58100,17.53300,164.04800,69.51400,-32.16600,141.49800,22.55000,-2.05000,20.50000,7.15700,13.34300,13.34300,1.42500,14.76800,57.33200,22.55000,64.24200,65.12700,0.23000,0.23000,0.79970,0.43810,0.87230,90.34430,12.41870,12.41870,11.28970,8.13300,0.17430,1.35250,3.13150,28.74060,3.66410,4.10010,1.28090,2.05890,5.68310,0.6213,-0.0289
2015-09-30,142.30500,12.02900,130.27600,50.08500,-32.16600,117.35900,12.91700,-2.57000,10.34700,4.00000,6.34700,6.34700,0.21400,6.56100,43.99400,12.91700,64.23900,65.17100,0.10000,0.10000,0.78310,0.42970,0.83310,91.54700,9.07700,9.07700,7.27100,4.61050,0.13770,1.01080,3.63390,24.76650,1.70930,1.90870,0.61400,0.97480,5.75530,0.5813,0.0493
2015-06-30,148.35300,12.27500,136.07800,50.52300,-29.74800,116.28400,19.79400,-2.55100,17.24300,6.67300,10.57000,10.57000,0.21400,10.78400,52.08400,19.79400,64.54100,65.47100,0.17000,0.16000,0.94870,0.44160,0.85790,91.72580,13.34250,13.34250,11.62300,7.26910,0.14470,1.14620,4.04640,22.24200,2.87450,3.21420,1.03110,1.60520,5.65840,0.8735,0.3858
2015-03-31,147.02500,10.77800,136.24700,52.29800,-30.51200,118.71800,17.52900,-3.05600,14.47300,5.57800,8.89500,8.89500,0.21400,9.10900,45.72700,17.52900,64.45400,65.33700,0.14000,0.14000,1.03680,0.46610,0.94150,92.66930,11.92250,11.92250,9.84390,6.19550,0.14300,1.04510,3.29720,27.29600,2.48870,2.79300,0.86490,1.32870,5.48860,0.61110,-0.05100
2014-12-31,157.93800,13.18800,144.75000,69.31300,-23.05800,130.46490,14.28510,-3.17100,11.11400,4.45500,6.65900,6.65900,-2.94800,3.71100,43.37710,14.28500,64.25300,65.21100,0.06000,0.06000,0.87150,0.47920,0.99020,91.64990,9.04470,9.04470,7.03690,2.34970,0.15610,1.23660,3.62970,24.79560,1.91630,2.15870,0.65810,0.99800,5.35790,0.6493,0.3471
2014-09-30,138.44300,14.05900,124.38400,44.39400,-26.25700,106.09700,18.28700,-2.64700,15.64000,6.04500,9.59500,9.59500,0.31200,9.90700,43.86600,18.28700,64.28600,65.27100,0.15000,0.15000,1.07290,0.46830,0.94190,89.84490,13.20910,13.20910,11.29710,7.15600,0.13200,1.17790,3.80420,23.65800,2.43190,2.69930,0.91500,1.29310,6.07550,0.7966,-0.2273
2014-06-30,149.61800,14.01400,135.60400,46.88700,-33.95800,117.48700,18.11700,-3.42600,14.69100,5.39300,9.29800,9.29800,0.21100,9.50900,45.21800,18.11700,64.28500,65.20700,0.15000,0.15000,1.20050,0.45990,0.91400,90.63350,12.10880,12.10880,9.81900,6.35550,0.14600,1.43340,2.61910,34.36310,2.41340,2.68640,0.90760,1.30340,5.93260,0.5154,0.2405
2014-03-31,143.59300,12.26000,131.33300,48.84300,-33.62700,117.49700,13.83600,-3.50500,10.33100,3.80900,6.52200,6.52200,0.21100,6.73300,37.04200,13.83600,64.14800,65.14100,0.10000,0.10000,1.22620,0.48290,0.99740,91.46200,9.63560,9.63560,7.19460,4.68890,0.13970,1.15570,2.82510,31.85690,1.73650,1.93900,0.63440,0.89800,5.79150,0.33470,0.27060
2013-12-31,156.96300,11.21900,145.74400,68.10000,-23.51400,179.75100,-34.00700,-3.52500,-37.53200,5.30800,-42.84000,-42.84000,-0.00100,-42.84100,43.30900,-34.00700,63.99200,63.99200,-0.67000,-0.67000,1.19520,0.49440,1.04210,92.85250,-21.66560,-21.66560,-23.91140,-27.29370,0.15190,1.23970,3.00420,29.95760,-11.61080,-12.99450,-4.14660,-5.87040,5.71000,0.5296,0.2593
2013-09-30,140.87700,11.35600,129.52100,47.46600,-32.86800,112.91100,16.61000,-4.11400,12.49600,4.69700,7.79900,7.79900,0.00000,7.79900,39.30000,16.61000,64.05200,65.03600,0.12000,0.12000,1.06860,0.52950,1.19740,91.93910,11.79040,11.79040,8.87020,5.53600,0.13210,1.26850,3.08400,29.18290,2.38290,3.31370,0.73150,1.12120,5.06070,0.2053,-0.1592
2013-06-30,138.90400,12.44000,126.46400,48.13200,-33.63500,112.29500,14.16900,-3.08400,11.08500,4.17000,6.91500,6.91500,-0.00100,6.91400,35.03300,14.16900,64.05000,64.85900,0.11000,0.11000,1.01720,0.53500,1.22430,91.04420,10.20060,10.20060,7.98030,4.97750,0.12970,1.46510,3.16840,28.40520,2.17780,3.06620,0.64560,1.01270,4.90970,0.2655,0.0803
2013-03-31,143.27900,14.36100,128.91800,49.54700,-31.19400,112.50500,16.41300,-2.82100,13.59200,5.09100,8.50100,8.50100,-0.00100,8.50000,36.40900,16.41300,63.81000,64.52400,0.13000,0.13000,1.16780,0.55600,1.32770,89.97690,11.45530,11.45530,9.48640,5.93250,0.13160,1.52030,3.32030,27.10630,2.75240,3.92120,0.78050,1.22200,4.78220,0.47500,-0.44260
2012-12-31,154.55200,13.96600,140.58600,56.27400,-30.31600,119.59700,20.98900,-2.54200,18.44700,6.23600,12.21100,12.21100,-0.19800,12.01300,41.60800,20.98900,63.46100,64.42000,0.19000,0.18000,1.04610,0.53420,1.21800,90.96360,13.58050,13.58050,11.93580,7.77280,0.14920,1.48100,3.22940,27.86910,4.08050,5.89530,1.17910,1.90060,4.66640,0.3726,-0.3262
2012-09-30,153.82600,12.03800,141.78800,51.71500,-36.09900,119.49300,22.29500,-3.33600,18.95900,7.40300,11.55600,11.55600,-0.18600,11.37000,39.87300,22.29500,63.45600,64.66700,0.18000,0.18000,0.99660,0.52690,1.17700,92.17430,14.49370,14.49370,12.32500,7.39150,0.15000,1.27520,3.74790,24.01330,3.80090,5.46640,1.12690,1.79820,4.73760,0.3414,-0.2399
2012-06-30,153.55400,14.08400,139.47000,51.96200,-34.26800,117.86800,21.60200,-3.43100,18.17100,6.95200,11.21900,11.21900,-0.16000,11.05900,45.40800,21.60200,63.43100,64.39300,0.17000,0.17000,1.31390,0.54300,1.24730,90.82800,14.06800,14.06800,11.83360,7.20200,0.15090,1.62690,3.85650,23.33730,3.85280,5.65840,1.10290,1.76080,4.53130,0.3354,-0.0062
2012-03-31,145.50600,13.84000,131.66600,55.09200,-32.67600,117.86400,13.80200,-3.05900,10.74300,4.08100,6.66200,6.66200,-0.23000,6.43200,33.30700,13.80200,63.43100,64.37400,0.10000,0.10000,1.24360,0.55940,1.32460,90.48840,9.48550,9.48550,7.38320,4.42040,0.14320,1.54220,4.09530,21.97640,2.39470,3.60320,0.65580,1.05500,4.32890,0.66800,-0.03060
2011-12-31,166.46500,19.85800,146.60700,57.71500,-28.02800,120.69800,25.90900,-2.63000,23.27900,9.74900,13.53000,13.53000,-0.59900,12.93100,47.31600,25.90900,63.28400,64.08500,0.22000,0.21000,1.23480,0.55260,1.28410,88.07080,15.56420,15.56420,13.98430,7.76800,0.16750,2.22970,3.93740,22.85780,5.00840,7.65400,1.36160,2.24070,4.22000,0.4363,-0.155
2011-09-30,195.48000,41.82900,153.65100,59.16700,-56.73600,155.16100,-1.51000,-5.15600,-6.66600,-1.84000,-4.82600,-4.82600,0.02400,-4.80200,22.81100,-1.51000,63.33400,63.33400,-0.08000,-0.08000,0.91130,0.50610,1.06640,78.60190,-0.77250,-0.77250,-3.41010,-2.45650,0.20400,4.81620,4.61470,19.50280,-1.53100,-2.17600,-0.50370,-0.75610,4.92000,0.4636,-0.4988
2011-06-30,193.06100,48.64000,144.42100,54.63800,-31.63800,121.62000,22.80100,-3.14400,19.65700,7.37700,12.28000,12.28000,0.01900,12.29900,46.51200,22.80100,63.33300,64.17200,0.19000,0.19000,0.94700,0.48700,0.98740,74.80590,11.81030,11.81030,10.18180,6.37050,0.20010,6.52010,4.02140,22.38050,3.84280,5.55830,1.27290,1.97130,4.98090,0.5057,-0.3956
2011-03-31,175.12700,39.67600,135.45100,55.00800,-30.59800,120.02200,15.42900,-10.83900,4.59000,1.70900,2.88100,2.88100,-0.11700,2.76400,36.16800,15.42900,63.13100,63.93600,0.04000,0.04000,0.98900,0.47610,0.95030,77.34440,8.81020,8.81020,2.62100,1.57830,0.19120,5.51440,4.35120,20.68400,0.93860,1.38440,0.31450,0.49180,4.78340,0.71820,0.02220
2010-12-31,178.60100,35.57300,143.02800,55.53300,-32.03600,118.88700,24.14100,-4.17600,19.96500,8.11400,11.85100,11.85100,-0.01200,11.83900,44.51900,24.14100,62.80700,64.00900,0.18000,0.18000,0.94690,0.46820,1.00150,80.08240,13.51670,13.51670,11.17860,6.62870,0.19830,4.93730,4.36930,20.59810,3.92320,5.83680,1.31580,2.08640,4.74580,0.4819,0.1751
2010-09-30,167.72600,33.74500,133.98100,48.87100,-30.82400,112.75300,21.22800,-4.55800,16.67000,5.28200,11.38800,11.38800,-0.23000,11.15800,42.39400,21.22800,62.81100,64.20200,0.18000,0.17000,1.01420,0.48250,1.05380,79.88090,12.65640,12.65640,9.93880,6.65250,0.18260,5.84940,4.49290,20.03140,3.83240,5.75440,1.24010,1.98330,4.65930,0.3487,-0.1514
2010-06-30,160.11100,33.85200,126.25900,49.18400,-25.81200,105.85200,20.40700,-4.50900,15.89800,5.98300,9.91500,9.91500,-0.23300,9.68200,40.65400,20.40700,62.81100,64.42100,0.15000,0.15000,1.09630,0.50980,1.17300,78.85720,12.74550,12.74550,9.92940,6.04710,0.17300,5.89760,4.48690,20.05830,3.58900,5.60800,1.07150,1.75940,4.33180,0.0831,-0.0431
2010-03-31,160.94400,30.60600,130.33800,55.28000,-27.67500,114.43800,15.90000,-5.11600,10.78400,4.03400,6.75000,6.75000,0.40500,7.15500,36.78300,15.90000,62.79200,63.60500,0.12000,0.12000,1.35040,0.53570,1.38030,80.98340,9.87920,9.87920,6.70050,4.44560,0.16170,5.95220,3.71080,24.25370,2.52970,4.03830,0.67800,1.17450,4.20800,0.84020,0.54370
2009-12-31,250.51000,33.68200,216.82800,131.57000,-29.89000,193.41700,23.41100,-5.76500,17.64600,7.33400,10.31200,10.31200,1.19600,11.50800,45.94100,23.41100,62.67400,63.27900,0.18000,0.17000,1.32900,0.56970,1.53440,86.55460,9.34530,9.34530,7.04400,4.59380,0.24980,6.44510,2.85620,31.51060,4.19220,7.05860,1.02830,1.80380,3.87880,0.8504,0.0561
2009-09-30,174.20200,27.06800,147.13400,82.38200,-25.53200,136.32500,10.80900,-6.16200,4.64700,1.79200,2.85500,2.85500,0.88200,3.73700,38.82900,10.80900,62.68500,63.73100,0.06000,0.06000,1.42460,0.66180,2.26650,84.46170,6.20490,6.20490,2.66760,2.14520,0.17580,4.14960,7.83320,11.48960,1.59400,3.61420,0.28820,0.53910,2.82230,0.0837,-0.1992
2009-06-30,186.99500,23.95200,163.04300,96.48000,-21.39500,146.13400,16.90900,-7.03700,9.87200,3.03400,6.83800,6.83800,1.26900,8.10700,46.97100,16.90900,62.68500,63.01100,0.13000,0.13000,1.26970,0.71180,2.87830,87.19110,9.04250,9.04250,5.27930,4.33540,0.18250,3.14700,10.00510,8.99540,4.44280,12.76270,0.66740,1.28020,2.42410,0.2828,-0.0052
2009-03-31,211.77600,24.54000,187.23600,102.52300,-28.55300,166.57500,20.66100,-7.46800,13.19300,4.99600,8.19700,8.19700,2.90000,11.09700,51.22000,20.66100,62.63800,62.80000,0.18000,0.18000,1.07330,0.75570,3.58480,88.41230,9.75610,9.75610,6.22970,5.24000,0.19920,2.77230,10.66290,8.44050,6.46280,31.19350,0.77120,1.57880,2.00390,0.41060,0.30890
