Date,revenue,cost-goods-sold,gross-profit,selling-general-administrative-expenses,operating-expenses,operating-income,total-non-operating-income-expense,pre-tax-income,total-provision-income-taxes,income-after-taxes,income-from-continuous-operations,net-income,ebitda,ebit,basic-shares-outstanding,shares-outstanding,eps-basic-net-earnings-per-share,eps-earnings-per-share-diluted,current-ratio,long-term-debt-capital,debt-equity-ratio,gross-margin,operating-margin,ebit-margin,pre-tax-profit-margin,net-profit-margin,asset-turnover,inventory-turnover,receiveable-turnover,days-sales-in-receivables,roe,return-on-tangible-equity,roa,roi,book-value-per-share,operating-cash-flow-per-share,free-cash-flow-per-share
2023-12-31,1.46850,1.30620,0.16230,0.61190,0.61190,-0.44960,-2.15480,-2.60440,0.00320,-2.60770,-2.60770,-2.60770,0.58690,-0.44960,3.98070,3.98070,-0.66000,-0.66000,5.58480,0.08930,0.19840,11.05400,-30.61580,-30.61580,-177.35400,-177.57370,0.02730,4.29100,0.06850,1314.12800,-10.75600,-10.75600,-4.84830,-9.79590,5.39350,0.0497,0.0171
2023-09-30,1.33530,0.93240,0.40290,0.70780,0.70780,-0.30490,1.67060,1.36560,0.00320,1.36240,1.36240,1.36240,1.65140,-0.30490,3.65640,3.65640,0.37000,0.37000,6.14980,0.08780,0.18070,30.17170,-22.83600,-22.83600,102.27080,102.02840,0.02510,3.72420,0.06270,1435.67600,5.07510,5.07510,2.55640,4.62960,5.97210,-0.0927,-0.0941
2023-06-30,1.05250,0.81560,0.23690,0.49790,0.49790,-0.26090,-2.46650,-2.72750,0.00130,-2.72870,-2.72870,-2.72870,-0.18620,-0.26090,3.27400,3.27400,-0.83000,-0.83000,12.16050,0.25920,0.44120,22.50900,-24.79310,-24.79310,-259.13930,-259.25940,0.02590,3.06910,0.10050,895.29040,-11.21700,-11.21700,-6.72240,-8.31000,6.50440,-0.33930,-0.33930
2023-03-31,1.29150,1.07980,0.21180,0.69800,0.69790,-0.48620,1.71140,1.22520,0.00320,1.22200,1.22200,1.22200,1.08740,-0.48620,3.03410,3.56800,,0.00000,6.53520,0.31750,0.56970,16.39560,-37.64550,-37.64550,94.86380,94.61580,0.03130,3.78170,0.45830,196.37830,5.06590,5.06590,2.95860,3.45770,0.68030,-0.386,-0.386
2022-12-31,2.12220,1.51480,0.60750,0.70040,0.70040,-0.09300,0.01890,-0.07400,0.00820,-0.08220,-0.08220,-0.08220,0.00040,-0.09300,28.37790,28.37790,0.00000,0.00000,3.20770,,0.09590,28.62360,-4.38060,-4.38060,-3.48850,-3.87410,0.06720,5.94750,0.30840,291.85550,-0.35890,-0.35890,-0.26040,-0.35890,7.22810,0.0034,0.0034
2022-09-30,2.14400,1.57890,0.56520,0.49500,0.49500,0.07020,0.02250,0.09270,0.00950,0.08320,0.08320,0.08320,0.20580,0.07020,26.69300,26.69300,0.00000,0.00000,3.20840,,0.11300,26.35990,3.27200,3.27200,4.32260,3.88140,0.06600,6.38350,0.33200,271.04870,0.36130,0.36130,0.25640,0.36130,7.26760,-0.0676,-0.0676
2022-06-30,2.38640,1.92970,0.45670,0.41060,0.41060,0.04610,0.05190,0.09800,0.00130,0.09670,0.09670,0.09670,0.08200,0.04610,26.69300,26.69300,0.00000,0.00000,0.61770,,31.59230,19.13710,1.93190,1.93190,4.10520,4.05090,0.18330,7.33000,0.74920,120.13220,74.10410,74.10400,0.74240,74.10410,0.04890,0.01040,0.01040
2022-03-31,2.85490,2.31320,0.54170,0.60940,0.60950,-0.06780,0.02880,-0.03900,0.00560,-0.04460,-0.04460,-0.04460,-0.02570,-0.06780,2.66930,2.66930,,0.00000,0.54740,,-53.89160,18.97340,-2.37370,-2.37370,-1.36570,-1.56180,0.21810,8.67690,1.04190,86.38350,62.47830,62.47820,-0.34070,62.47850,-0.02670,0.2642,0.2563
2021-12-31,2.79150,2.32370,0.46780,0.49540,0.49540,-0.02770,0.04150,0.01380,0.00220,0.01160,0.01160,0.01160,0.01650,-0.02770,2.65570,2.65570,0.00000,0.00000,0.51190,,-169.38600,16.75660,-0.99140,-0.99140,0.49540,0.41620,0.21450,7.79260,1.19830,75.10920,-53.27840,-53.27940,0.08930,-53.27860,-0.00820,0.0875,0.0753
2021-09-30,2.75780,2.28740,0.47040,0.50870,0.50870,-0.03830,0.07520,0.03700,0.00500,0.03200,0.03200,0.03200,-0.00090,-0.03830,2.64050,2.64050,0.00000,0.00000,0.53490,,-873.20860,17.05780,-1.38740,-1.38740,1.34090,1.16110,0.19170,7.60430,1.30020,69.22140,-685.35530,-685.37360,0.22260,-685.38100,-0.00180,0.5352,0.521
2021-06-30,4.28640,3.70300,0.58340,0.50670,0.50670,0.07670,0.01300,0.08970,0.01070,0.07890,0.07890,0.07890,0.11070,0.07670,2.61540,2.61540,0.00000,0.00000,0.68930,,-175.12580,13.61050,1.78940,1.78940,2.09200,1.84180,0.21470,9.06880,0.55020,163.58270,-238.74700,-238.75730,0.39540,-238.74860,-0.01240,-0.47820,-0.51810
2021-03-31,3.72070,3.14580,0.57480,0.59000,0.59010,-0.01520,0.01160,-0.02730,0.00270,-0.03000,-0.03000,-0.03000,0.00260,-0.01520,2.58180,2.58180,0.00000,0.00000,0.64350,,-62.16800,15.45000,-0.40750,-0.40740,-0.73350,-0.80530,0.20190,11.63260,0.68370,131.62890,36.76510,36.76470,-0.16260,36.76520,-0.03050,-0.1648,-0.1694
2020-12-31,3.41160,2.95010,0.46140,0.75000,0.75000,-0.28850,0.00070,-0.28780,0.01580,-0.30360,-0.30360,-0.30360,-0.28340,-0.28850,2.57130,2.57130,-0.10000,-0.10000,0.37750,,-2.15350,13.52550,-8.45730,-8.45730,-8.43600,-8.89860,0.19740,18.07310,0.84210,106.87360,9.90210,9.90210,-1.75700,9.90210,-1.17500,-0.2709,-0.2739
2020-09-30,11.68430,14.70540,-3.02110,0.47180,0.47180,-3.49290,0.03640,-3.45650,0.00410,-3.46050,-3.46050,-3.46050,-3.43830,-3.49290,2.55220,2.55220,-1.40000,-1.40000,0.50260,,-2.31410,-25.85600,-29.89420,-29.89420,-29.58220,-29.61690,1.75610,23.16170,7.51710,11.97260,129.29290,129.29290,-52.01060,129.29290,-1.02580,-1.515,-1.6071
2020-06-30,5.91820,5.12060,0.79760,0.60920,0.60920,0.18840,-0.00490,0.20730,0.00340,0.20390,0.20390,0.20390,0.21190,0.18840,2.53460,2.53460,0.10000,0.10000,0.53170,,-2.14490,13.47770,3.18390,3.18390,3.50210,3.44530,0.85350,8.58020,3.24610,27.72590,-7.11130,-7.11130,2.94070,-7.11130,-1.13130,0.31500,0.25850
2020-03-31,1.99000,1.56530,0.42460,0.38060,0.38060,0.04410,-0.07320,-0.02910,-0.01010,-0.01900,-0.01900,-0.03310,0.07420,0.04410,2.53460,2.53460,-0.30000,-0.30000,0.59440,,-1.88560,21.33930,2.21510,2.21520,-1.46470,-1.66490,0.23630,4.50420,0.42050,214.01600,0.62070,0.62070,-0.22600,0.62070,-1.20990,-0.0363,-0.0525
2019-12-31,4.02790,3.74600,0.28190,0.52720,0.52720,-0.24530,-0.00390,-0.24920,-0.00900,-0.24020,-0.24020,-0.25820,-0.21760,-0.24530,2.53460,2.53460,-0.10000,-0.10000,0.55210,,-2.15560,6.99770,-6.08980,-6.08980,-6.18660,-6.41060,0.48850,11.74410,1.02280,87.99080,9.26820,7.83250,-2.91250,9.26820,-1.02240,-0.0699,-0.0696
2019-09-30,1.94500,1.62410,0.32090,0.63030,0.63030,-0.30940,-0.01170,-0.32110,0.00090,-0.32190,-0.32190,-0.32190,-0.28140,-0.30940,2.53460,2.53460,0.00000,0.00000,0.41300,,-2.29210,16.49970,-15.90580,-15.90580,-16.50760,-16.55140,0.33080,4.79080,1.06040,84.87090,14.10300,11.67380,-5.47600,14.10300,-0.90060,-0.2182,-0.2203
2019-06-30,2.20950,1.85160,0.35790,0.71170,0.71160,-0.35370,-0.01140,-0.36510,0.00220,-0.36730,-0.36730,-0.36730,-0.32500,-0.35370,2.53460,2.53460,0.00000,0.00000,0.42600,,-2.39240,16.19970,-16.01010,-16.01010,-16.52580,-16.62590,0.50740,4.48820,1.19800,75.12610,18.07020,14.64770,-8.43550,18.07020,-0.80210,-0.12970,-0.16530
2019-03-31,1.91850,1.65810,0.26040,0.36140,0.36140,-0.10100,-0.00480,-0.12280,0.01090,-0.13370,-0.13370,-0.12470,-0.07380,-0.10100,2.53460,2.53460,-0.10000,-0.10000,0.49390,,-2.60060,13.57480,-5.26450,-5.26450,-6.39970,-6.50210,0.48300,5.21330,0.97060,92.72580,7.85420,6.14090,-3.36670,7.85420,-0.67170,0.0434,-0.011
2018-12-31,2.54180,2.49570,0.04610,0.59110,0.59110,-0.54500,0.00210,-0.54290,0.00210,-0.54500,-0.54500,-0.54500,-0.51660,-0.54500,2.53460,2.53460,-0.20000,-0.20000,0.53930,,-2.72110,1.81220,-21.44210,-21.44210,-21.35790,-21.44060,0.59660,6.37240,1.22000,73.77040,35.13950,26.90050,-12.79170,35.13950,-0.03060,0.059,0.0457
2018-09-30,2.83480,2.15320,0.68160,0.54470,0.54470,0.13690,,0.14020,-0.00390,0.14410,0.14410,0.13630,0.16610,0.13690,2.53460,2.53460,0.00000,0.00000,0.60400,,-4.39330,24.04310,4.82890,4.82890,4.94480,4.80800,0.64950,17.43160,1.25810,71.53700,-14.32720,-9.73040,3.30040,-14.32720,-0.01980,0.1749,0.1623
2018-06-30,2.73180,2.43720,0.29460,0.46860,0.46860,-0.17400,,-0.16030,-0.00060,-0.15970,-0.15970,-0.16090,-0.14320,-0.17400,2.53460,2.53460,0.00000,0.00000,0.73530,,-4.28480,10.78480,-6.36950,-6.36950,-5.86780,-5.89010,0.36270,14.03950,0.50330,178.82170,13.40860,9.58550,-2.12000,13.40860,-0.02350,0.19340,0.18330
2018-03-31,2.76020,2.52360,0.23660,0.45940,0.45940,-0.22290,-0.44690,-0.66260,0.03310,-0.69560,-0.69560,-0.66820,-0.19570,-0.22290,2.53460,2.53460,,0.00000,0.74160,,-4.81420,8.57140,-8.07440,-8.07440,-24.00540,-24.20930,0.36710,10.54880,0.50910,176.78590,62.95760,44.02960,-9.25290,62.95760,-0.43590,0.7269,0.6901
2017-12-31,3.06320,2.70240,0.36080,0.42320,0.42320,-0.06240,0.01440,-0.05520,-0.00600,-0.04920,-0.04920,-0.06110,-0.03370,-0.06240,50.69200,50.69200,0.00000,0.00000,0.88390,,2.85250,11.77840,-2.03600,-2.03600,-1.80080,-1.99590,0.30700,5.80430,0.45190,199.16310,-10.19490,10.99900,-0.49290,-10.19490,0.00960,0.0171,0.0161
2017-09-30,3.97480,3.40330,0.57150,0.42720,0.42720,0.14430,0.00000,0.14430,-0.00550,0.14980,0.14980,0.13880,0.17260,0.14430,50.69200,50.69200,0.00000,0.00000,0.83330,,-6.76380,14.37770,3.62920,3.62920,3.63000,3.49180,0.44700,6.41170,0.88800,101.35050,-14.68660,-14.68660,1.68450,-14.68660,-0.02010,-0.0011,-0.0014
2017-06-30,3.63940,3.36670,0.27280,0.38770,0.38770,-0.11500,-0.00160,-0.11660,-0.00220,-0.11440,-0.11440,-0.11880,-0.08740,-0.11500,50.00000,50.00000,0.00000,0.00000,0.13140,,-1.14100,7.49450,-3.15920,-3.15920,-3.20360,-3.26530,624.14840,,,,296.62010,296.62010,-1961.07000,296.62010,-0.05570,-0.00110,-0.00130
2017-03-31,0.48800,0.97800,-0.49000,-0.06500,-0.06500,-0.42500,0.00590,-0.41900,0.00550,-0.42450,-0.42490,-0.40370,-0.39760,-0.42500,50.00000,50.00000,,0.00000,0.79110,,-11.91590,-152.86890,-87.09020,-87.09020,-85.86070,-82.72540,0.05710,2.19560,0.08300,1084.83200,174.15150,36.20350,-4.97100,174.15150,-0.00490,0.0049,0.0048
2016-12-31,2.41350,2.05340,0.36010,0.29330,0.29330,0.06680,0.00270,0.06950,0.01320,0.05630,0.05630,0.05630,0.02460,0.06680,50.00000,50.00000,0.00000,0.00000,,,,14.91850,2.76710,2.76710,2.87810,2.33150,,,,,,,,,,-0.0119,-0.0098
2016-09-30,2.43360,2.04790,0.38570,0.40160,0.40150,-0.01590,0.00740,-0.00840,-0.00510,-0.00330,-0.00330,-0.01350,-0.01590,-0.01590,50.69200,50.69200,0.00000,0.00000,,,,15.84920,-0.65140,-0.65140,-0.34620,-0.55500,,,,,,,,,,0.0168,0.0148
2016-06-30,,,,,,,,,,,,-0.02130,,,0.69200,0.69200,0.00000,0.00000,,,,,,,,,,,,,,,,,,-0.01070,-0.01070
2016-03-31,,,,,,,,,,,,,,,,,,0.00000,,,,,,,,,,,,,,,,,,0,0
