Date,revenue,cost-goods-sold,gross-profit,selling-general-administrative-expenses,operating-expenses,operating-income,pre-tax-income,total-provision-income-taxes,income-after-taxes,income-from-continuous-operations,net-income,basic-shares-outstanding,shares-outstanding,eps-basic-net-earnings-per-share,eps-earnings-per-share-diluted,long-term-debt-capital,debt-equity-ratio,pre-tax-profit-margin,net-profit-margin,asset-turnover,roe,return-on-tangible-equity,roa,roi,book-value-per-share,operating-cash-flow-per-share,free-cash-flow-per-share
2023-09-30,9.50800,2.37100,7.13700,5.46700,5.46700,1.67000,1.67000,0.18200,1.48800,1.48800,1.48800,3.49600,3.49600,0.43000,0.43000,,0.02830,23.74860,21.16040,0.00680,2.42140,2.42140,0.14440,2.42140,17.58760,0.9515,0.9143
2023-06-30,9.18400,1.50500,7.67900,5.46300,5.46300,2.21600,2.21600,0.28800,1.92800,1.92800,1.92800,3.50000,3.50000,0.55000,0.55000,,0.03050,27.55880,23.97710,0.00780,2.71640,2.71640,0.18790,2.71640,20.28470,0.7105,0.7005
2023-03-31,9.02700,1.12600,7.90100,5.67000,5.67000,2.23100,2.23100,0.26700,1.96400,1.96400,1.96400,3.50200,3.50200,0.56000,0.56000,,0.03340,28.47480,25.06700,0.00770,2.66700,2.66700,0.19300,2.66700,21.03400,1.39660,1.39520
2022-12-31,12.07200,0.70300,11.36900,5.04500,5.04500,6.32400,5.92000,1.45400,4.46600,4.46600,4.46600,3.51100,3.51100,1.28000,1.28000,,0.03750,57.09330,43.07070,0.01010,6.56370,6.56370,0.43620,6.56370,19.32980,0.6391,1.4135
2022-09-30,8.62400,0.52900,8.09500,5.66500,5.66500,2.43000,2.43000,0.43200,1.99800,1.99800,1.99800,3.50700,3.50700,0.57000,0.57000,,0.04370,30.97510,25.46850,0.00750,3.34150,3.34150,0.19160,3.34150,17.05930,1.2989,0.8748
2022-06-30,7.77900,0.55700,7.22200,5.05800,5.05800,2.16400,2.16400,0.36300,1.80100,1.80100,1.80100,3.51300,3.51300,0.51000,0.51000,,0.05450,29.96400,24.93770,0.00670,2.36640,2.36640,0.16610,2.36640,21.68290,0.619,-0.2278
2022-03-31,7.57600,0.59000,6.98600,4.65100,4.65100,2.33500,2.33500,0.25400,2.08100,2.08100,2.08100,3.51900,3.51900,0.59000,0.59000,,0.04620,32.26920,28.75900,0.00650,2.40830,2.40830,0.18750,2.40830,24.56950,0.57030,0.41430
2021-12-31,7.64200,0.60500,7.03700,4.64600,4.64600,2.39100,1.96500,0.09300,1.87200,1.87200,1.87200,3.54500,3.54500,0.53000,0.53000,,0.03320,27.92380,26.60220,0.00640,1.80480,1.80480,0.16940,1.80480,29.46760,0.9416,-0.9918
2021-09-30,7.64000,0.62400,7.01600,4.75500,4.75500,2.26100,2.26100,0.38600,1.87500,1.87500,1.87500,3.53600,3.53600,0.53000,0.53000,,0.03150,32.22630,26.72460,0.00660,1.78690,1.78690,0.17590,1.78690,29.73340,1.0111,-0.5171
2021-06-30,7.72400,0.61800,7.10600,4.31600,4.31600,2.79000,2.79000,0.50400,2.28600,2.28600,2.28600,3.55500,3.55500,0.65000,0.65000,,0.03330,36.20560,29.66520,0.00740,2.15570,2.15570,0.22060,2.15570,29.90500,-0.1218,-0.7874
2021-03-31,7.78900,0.67000,7.11900,4.69000,4.69000,2.42900,2.42900,0.42300,2.00600,2.00600,2.00600,3.56600,3.56600,0.56000,0.56000,,0.03220,34.12000,28.17810,0.00720,1.93560,1.93560,0.20200,1.93560,29.06310,1.64440,0.08050
2020-12-31,8.43600,0.84500,7.59100,4.83000,4.83000,2.76100,2.50500,0.44900,2.05600,2.05600,2.05600,3.56600,3.56600,0.58000,0.58000,,0.02220,32.99960,27.08470,0.00790,1.90920,1.90920,0.21490,1.90920,30.19910,1.562,-0.3527
2020-09-30,8.22700,0.98500,7.24200,4.90300,4.90300,2.33900,2.33900,0.40300,1.93600,1.93600,1.93600,3.56600,3.56600,0.54000,0.54000,,0.01950,33.45250,27.68880,0.00750,1.82100,1.82100,0.20640,1.82100,29.81320,0.1091,-0.205
2020-06-30,8.41600,0.98300,7.43300,5.40900,5.40900,2.02400,2.02400,0.36300,1.66100,1.66100,1.66100,3.56600,3.56600,0.47000,0.47000,,0.01890,28.98470,23.78630,0.00740,1.57740,1.57740,0.17620,1.57740,29.52860,0.5493,0.5067
2020-03-31,8.49000,1.04300,7.44700,5.25600,5.25600,2.19100,2.19100,0.39000,1.80100,1.80100,1.80100,3.56600,3.56600,0.50000,0.50000,,0.01330,31.09130,25.55700,0.00820,1.73900,1.73900,0.21030,1.73900,29.04180,0.50760,0.47840
2019-12-31,9.81400,1.07600,8.73800,5.45200,5.45200,3.28600,3.35500,0.67100,2.68400,2.68400,2.68400,3.58100,3.58100,0.76000,0.76000,,0.01090,37.32760,29.86210,0.01090,2.72960,2.72960,0.32420,2.72960,27.57380,0.6479,0.5918
2019-09-30,8.63600,1.07800,7.55800,4.82400,4.82400,2.73400,2.73400,0.52700,2.20700,2.20700,2.20700,3.56800,3.56800,0.62000,0.62000,,0.01000,36.17360,29.20090,0.00920,2.28180,2.28180,0.26750,2.28180,27.12280,1.1734,1.2422
2019-06-30,8.48800,1.00600,7.48200,4.62900,4.62900,2.85300,2.85300,0.54600,2.30700,2.30700,2.30700,3.57700,3.57700,0.64000,0.64000,,0.01170,38.13150,30.83400,0.00890,2.45260,2.45260,0.27490,2.45260,26.33400,0.5038,0.4959
2019-03-31,8.80300,1.02300,7.78000,4.61100,4.61100,3.16900,3.16900,0.62600,2.54300,2.54300,2.54300,3.61500,3.61500,0.70000,0.70000,,0.01800,40.73270,32.68640,0.00930,2.79610,2.79610,0.30450,2.79610,25.39770,0.70480,0.30480
2018-12-31,8.36700,0.97800,7.38900,4.39600,4.39600,2.99300,2.99300,0.59300,2.40000,2.40000,2.40000,3.64400,3.64400,0.66000,0.66000,,0.02580,40.50620,32.48070,0.00900,2.69500,2.69500,0.29340,2.69500,24.43880,1.1866,1.1674
2018-09-30,8.13600,0.92300,7.21300,4.75000,4.75000,2.46300,2.46300,0.48800,1.97500,1.97500,1.97500,3.64400,3.64400,0.54000,0.54000,,0.02210,34.14670,27.38110,0.00890,2.31110,2.31110,0.24410,2.31110,23.45200,0.7931,0.792
2018-06-30,8.02000,0.86400,7.15600,4.32600,4.32600,2.83000,2.83000,0.56600,2.26400,2.26400,2.26400,3.64400,3.64400,0.62000,0.62000,,0.03190,39.54720,31.63780,0.00880,2.64030,2.64030,0.27890,2.64030,23.53130,0.5011,0.8323
2018-03-31,8.04800,0.91100,7.13700,4.40200,4.40200,2.73500,2.73500,0.54000,2.19500,2.19500,2.19500,3.64400,3.64400,0.60000,0.60000,0.03640,0.07150,38.32140,30.75520,0.00860,2.57910,2.57910,0.26420,2.48510,23.35570,0.85100,0.84550
2017-12-31,8.00600,0.88700,7.11900,4.02600,4.02600,3.09300,3.09300,1.26800,1.82500,1.82500,1.82500,3.64400,3.64400,0.49000,0.49000,0.03570,0.06760,41.13580,24.27190,0.00880,2.10000,2.10000,0.21390,2.02500,23.84910,0.539,0.5466
2017-09-30,8.14000,0.91100,7.22900,4.22500,4.22500,3.00400,3.00400,0.86800,2.13600,2.13600,2.13600,3.64400,3.64400,0.59000,0.59000,0.03580,0.07850,41.55490,29.54770,0.00870,2.46830,2.46830,0.25780,2.37980,23.74810,1.0277,0.7714
2017-06-30,7.79500,0.90100,6.89400,4.11500,4.11500,2.77900,2.77900,0.78400,1.99500,1.99500,1.99500,3.64400,3.64400,0.55000,0.55000,0.03640,0.07860,40.90370,29.36420,0.00810,2.34430,2.34430,0.23850,2.25890,23.35320,0.5058,0.3606
2017-03-31,7.62000,0.89500,6.72500,4.11800,4.11800,2.60700,2.60700,0.71700,1.89000,1.89000,1.89000,3.64400,3.64400,0.52000,0.52000,0.03720,0.08210,38.76580,28.10410,0.00800,2.26710,2.26710,0.22430,2.18290,22.87760,0.50740,0.50030
2016-12-31,7.17900,0.95100,6.22800,3.35300,3.35300,2.87500,2.87500,0.79800,2.07700,2.07700,2.07700,3.64400,3.64400,0.57000,0.57000,0.03770,0.08010,47.03090,33.97680,0.00730,2.52750,2.52750,0.24970,2.43230,22.55130,0.6408,0.6386
2016-09-30,7.72200,1.05100,6.67100,3.98000,3.98000,2.69100,2.69100,0.74000,1.95100,1.95100,1.95100,3.64400,3.64400,0.54000,0.54000,0.07820,0.12610,40.33880,29.24600,0.00780,2.29380,2.29380,0.22910,2.11440,23.34110,1.0283,0.857
2016-06-30,7.71900,1.03400,6.68500,4.02100,4.02100,2.66400,2.66400,0.73300,1.93100,1.93100,1.93100,3.64400,3.64400,0.53000,0.53000,0.07840,0.11550,39.85040,28.88560,0.00790,2.27690,2.27690,0.22820,2.09830,23.27330,0.8434,0.8717
2016-03-31,7.57900,1.04800,6.53100,3.50900,3.50900,3.02200,3.02200,0.83100,2.19100,2.19100,2.19100,3.64300,3.64300,0.60000,0.60000,0.08010,0.11710,42.37840,30.72500,0.00860,2.64340,2.64340,0.26290,2.43160,22.74620,0.36540,0.37720
2015-12-31,7.78400,1.05900,6.72500,4.13700,4.13700,2.58800,2.58800,0.65200,1.93600,1.93600,1.93600,3.64300,3.64300,0.54000,0.54000,0.08280,0.12720,38.48330,28.78810,0.00820,2.42150,2.42150,0.23690,2.22110,21.94590,1.2218,1.1381
2015-09-30,7.80600,1.08000,6.72600,4.09200,4.09200,2.63400,2.63400,0.72400,1.91000,1.91000,1.91000,3.64300,3.64300,0.52000,0.52000,0.08310,0.13400,40.36160,29.26750,0.00800,2.39950,2.39950,0.23350,2.20010,21.84990,0.8894,0.7373
2015-06-30,8.03800,1.08300,6.95500,4.02900,4.02900,2.92600,2.92600,0.77600,2.15000,2.15000,2.15000,3.64300,3.64300,0.59000,0.59000,0.08560,0.13150,42.07050,30.91300,0.00860,2.79030,2.79030,0.26670,2.55130,21.15100,0.6547,0.6039
2015-03-31,8.05700,1.21300,6.84400,4.31400,4.31400,2.53000,2.53000,0.66800,1.86200,1.86200,1.86200,3.64300,3.64300,0.51000,0.51000,0.08510,0.14920,36.96670,27.20630,0.00870,2.40120,2.40120,0.23560,2.19680,21.28580,0.21300,0.15810
2014-12-31,7.86500,1.30400,6.56100,3.93000,3.93000,2.63100,2.63100,0.73500,1.89600,1.89600,1.89600,3.64300,3.64300,0.52000,0.52000,0.13880,0.22290,41.03880,29.57420,0.00810,2.50140,2.50140,0.24020,2.15420,20.80680,-0.8598,-0.7409
2014-09-30,7.79600,1.33100,6.46500,3.88400,3.88400,2.58100,2.58100,0.70900,1.87200,1.87200,1.87200,3.64300,3.64300,0.51000,0.51000,0.14300,0.22610,41.86540,30.36500,0.00790,2.55760,2.55760,0.23970,2.19180,20.09140,3.6929,3.8768
2014-06-30,7.69800,1.36400,6.33400,3.79200,3.79200,2.54200,2.54200,0.68300,1.85900,1.85900,1.85900,3.64300,3.64300,0.51000,0.51000,0.14460,0.21490,40.13260,29.34950,0.00820,2.57160,2.57160,0.23980,2.19980,19.84380,-0.9243,-0.4107
2014-03-31,7.39100,1.36500,6.02600,3.54800,3.54800,2.47800,2.47800,0.65700,1.82100,1.82100,1.82100,3.64300,3.64300,0.50000,0.50000,0.15180,0.22670,38.56210,28.33800,0.00830,2.66680,2.66680,0.23550,2.26210,18.74390,0.98190,1.19110
2013-12-31,8.90700,1.48800,7.41900,5.18800,5.18800,2.23100,2.23100,0.50100,1.73000,1.73000,1.73000,3.64300,3.64300,0.48000,0.48000,0.15930,0.24160,30.07140,23.31850,0.00990,2.68280,2.68280,0.23030,2.25550,17.70110,0.6368,1.0319
2013-09-30,8.28800,1.58600,6.70200,4.27400,4.27400,2.42800,2.42800,0.63600,1.79200,1.79200,1.79200,3.64300,3.64300,0.49000,0.49000,0.25240,0.37930,36.22800,26.73830,0.00900,2.72310,2.72310,0.24070,2.03580,18.06400,1.5666,1.7189
2013-06-30,8.93100,1.62800,7.30300,4.72400,4.72400,2.57900,2.57900,0.67200,1.90700,1.90700,1.90700,3.64300,3.64300,0.52000,0.52000,0.29450,0.49330,35.31430,26.11260,0.00950,2.92440,2.92440,0.24840,2.06320,17.90040,1.1825,1.5119
2013-03-31,8.63000,1.83400,6.79600,4.62600,4.62600,2.17000,2.17000,0.48100,1.68900,1.68900,1.68900,3.64300,3.64300,0.46000,0.46000,0.34640,0.56510,33.92750,26.40710,0.00830,2.40540,2.40540,0.21870,1.57210,19.27450,0.38160,0.47160
2012-12-31,9.03800,1.92500,7.11300,5.08800,5.08800,2.02500,2.02500,0.36500,1.66000,1.66000,1.66000,3.64300,3.64300,0.46000,0.46000,0.40230,0.71140,33.48210,27.44710,0.00800,2.36640,2.36640,0.21850,1.41440,19.25580,1.7623,1.8543
2012-09-30,9.22900,1.95300,7.27600,5.32000,5.32000,1.95600,1.95600,0.34700,1.60900,1.60900,1.60900,3.64300,3.64300,0.44000,0.44000,0.40210,0.70880,34.16000,28.09990,0.00760,2.29180,2.29180,0.21350,1.37030,19.27150,1.5586,1.5767
2012-06-30,9.17100,2.04500,7.12600,4.64800,4.64800,2.47800,2.47800,0.44900,2.02900,2.02900,2.02900,3.64300,3.64300,0.56000,0.56000,0.40880,0.73220,37.97120,31.09100,0.00850,2.97110,2.97110,0.26480,1.75660,18.74610,-0.3761,0.2169
2012-03-31,12.11200,2.24700,9.86500,8.14200,8.14200,1.72300,1.72300,0.25800,1.46500,1.46500,1.46500,3.64300,3.64300,0.40000,0.40000,0.41760,0.76010,18.59690,15.81220,0.01220,2.22060,2.22060,0.19260,1.29330,18.10930,1.18970,1.22780
2011-12-31,8.67500,2.70500,5.97000,4.83700,4.83700,1.13300,1.13300,-0.03200,1.16500,1.16500,1.16500,3.64300,3.64300,0.31000,0.31000,0.56600,1.34700,21.29700,21.89850,0.00690,1.78090,1.78090,0.15010,0.77290,17.95660,0.8449,0.689
2011-09-30,8.98700,2.81500,6.17200,4.86800,4.86800,1.30400,1.30400,-0.06300,1.36700,1.36700,1.36700,3.64300,3.64300,0.38000,0.38000,0.56980,1.36490,23.40270,24.53340,0.00730,2.12190,2.12190,0.17880,0.91290,17.68380,0.6796,0.8663
2011-06-30,9.29800,2.94100,6.35700,4.90800,4.90800,1.44900,1.44900,-0.00800,1.45700,1.45700,1.45700,3.64300,3.64300,0.40000,0.40000,0.58270,1.43430,25.16940,25.30830,0.00740,2.38460,2.38460,0.18690,0.99510,16.77190,0.7576,0.7074
2011-03-31,8.92300,3.02000,5.90300,4.19400,4.19400,1.70900,1.70900,0.16000,1.54900,1.54900,1.54900,3.64300,3.64300,0.43000,0.43000,0.59620,1.51460,32.22700,29.20990,0.00680,2.67990,2.67990,0.19820,1.08220,15.86630,1.58500,1.71370
2010-12-31,7.75500,3.34000,4.41500,3.73200,3.73200,0.68300,0.68300,-0.19500,0.87800,0.87800,0.87800,3.64300,3.64300,0.25000,0.25000,0.62350,1.70340,18.14080,23.32010,0.00490,1.55760,1.55760,0.11490,0.58650,15.47300,1.2948,1.2929
2010-09-30,10.22700,3.63200,6.59500,5.09600,5.09600,1.49900,1.49900,0.25500,1.24400,1.24400,1.24400,3.64300,3.64300,0.34000,0.34000,0.64000,1.82190,25.55840,21.21060,0.00750,2.04150,2.04150,0.15990,0.73490,16.72720,0.6429,0.6498
2010-06-30,11.25300,3.77300,7.48000,5.55900,5.55900,1.92100,1.92100,0.31400,1.60700,1.60700,1.60700,3.64300,3.64300,0.44000,0.44000,0.65750,1.95610,28.54380,23.87820,0.00860,2.72180,2.72180,0.20490,0.93220,16.20700,0.5158,0.5391
2010-03-31,10.95500,3.82800,7.12700,5.08600,5.08600,2.04100,2.04100,0.42400,1.61700,1.61700,1.61700,3.64300,3.64300,0.44000,0.44000,0.67190,2.08990,35.95210,28.48340,0.00720,2.79860,2.79860,0.20430,0.91810,15.86000,0.80840,0.92120
2009-12-31,9.23200,4.02300,5.20900,5.93600,5.93600,-0.72700,-0.72700,-0.93000,0.20300,0.20300,0.20300,3.64500,3.64500,0.06000,0.06000,0.67810,2.39060,-31.48550,8.79170,0.00300,0.36130,0.36130,0.02620,0.11630,15.42220,-1.1301,-1.0278
2009-09-30,10.33700,4.51600,5.82100,4.52100,4.52100,1.30000,1.30000,0.27700,1.02300,1.02300,1.02300,3.64400,3.64400,0.28000,0.28000,0.66960,2.18200,27.53650,21.66910,0.00600,1.75160,1.75160,0.13010,0.57880,16.02770,1.7681,1.7552
2009-06-30,10.51100,4.72900,5.78200,4.62400,4.62400,1.15800,1.15800,0.22600,0.93200,0.93200,0.93200,3.64400,3.64400,0.25000,0.25000,0.69090,2.41560,22.78630,18.33920,0.00630,1.76020,1.76020,0.11640,0.54410,14.53020,0.1864,0.1734
2009-03-31,9.18700,4.75100,4.43600,4.10300,4.10300,0.33300,0.33300,0.08700,0.24600,0.24600,0.24600,3.64700,3.64700,0.07000,0.07000,0.69090,2.44180,8.56920,6.33040,0.00480,0.44580,0.44580,0.03070,0.13780,15.13860,0.36110,0.22180
