Date,revenue,cost-goods-sold,gross-profit,research-development-expenses,selling-general-administrative-expenses,operating-expenses,operating-income,total-non-operating-income-expense,pre-tax-income,total-provision-income-taxes,income-after-taxes,income-from-continuous-operations,net-income,ebitda,ebit,basic-shares-outstanding,shares-outstanding,eps-basic-net-earnings-per-share,eps-earnings-per-share-diluted,current-ratio,long-term-debt-capital,debt-equity-ratio,gross-margin,operating-margin,ebit-margin,pre-tax-profit-margin,net-profit-margin,asset-turnover,inventory-turnover,receiveable-turnover,days-sales-in-receivables,roe,return-on-tangible-equity,roa,roi,book-value-per-share,operating-cash-flow-per-share,free-cash-flow-per-share
2023-12-31,45.09500,5.39500,39.70000,10.22800,50.07200,60.30000,-20.60000,-5.81600,-26.41600,0.45900,-26.87500,-26.87500,-26.87500,-15.65100,-20.60000,143.23600,143.23600,-0.19000,-0.19000,5.50340,0.16650,0.23840,88.03640,-45.68130,-45.68130,-58.57860,-59.59640,0.08230,0.13590,1.87200,48.07650,-7.11070,-7.20550,-4.90360,-5.92700,2.62770,0.1008,0.1004
2023-09-30,54.51500,6.76900,47.74600,13.60500,47.75900,61.36400,-13.61800,0.46900,-13.14900,0.29800,-13.44700,-13.44700,-13.44700,-8.16300,-13.61800,142.84700,142.84700,-0.09000,-0.09000,5.77170,0.15560,0.21820,87.58320,-24.98030,-24.98030,-24.12000,-24.66660,0.09820,0.20620,1.43660,62.64590,-3.43140,-3.47810,-2.42280,-2.89760,2.72890,-0.0928,-0.0922
2023-06-30,41.49400,1.56300,39.93100,12.65000,47.08100,59.73100,-19.80000,7.66600,-12.13400,-0.64200,-11.49200,-11.49200,-11.49200,-16.66300,-19.80000,142.77700,142.77700,-0.08000,-0.08000,6.74510,0.16840,0.23820,96.23320,-47.71770,-47.71770,-29.24280,-27.69560,0.07560,0.04710,2.12800,42.29310,-2.92950,-2.97250,-2.09360,-2.43620,2.73620,-0.0196,-0.0212
2023-03-31,34.40900,0.42100,33.98800,13.15800,50.12400,63.28200,-29.29400,3.52400,-25.77000,0.43600,-26.20600,-26.20600,-26.20600,-31.18800,-29.29400,142.64100,142.64100,-0.18000,-0.18000,10.07580,,,98.77650,-85.13470,-85.13470,-74.89320,-76.16030,0.07620,0.01330,1.80660,49.81660,-6.71250,-6.81900,-5.80090,-6.71250,2.72960,-0.22200,-0.22560
2022-12-31,28.43500,1.36200,27.07300,9.87000,47.47300,57.34300,-30.27000,5.07900,-25.19100,0.85500,-26.04600,-26.04600,-26.04600,-30.05100,-30.27000,141.91500,141.91500,-0.18000,-0.18000,9.59810,,,95.21010,-106.45340,-106.45340,-88.59150,-91.59840,0.06040,0.05500,2.10900,42.67520,-6.42420,-6.52770,-5.53160,-6.42420,2.84980,0.0739,0.0729
2022-09-30,55.77900,2.44700,53.33200,10.97300,52.16900,63.14200,-9.81000,1.77500,-8.03500,0.95400,-8.98900,-8.98900,-8.98900,-8.69700,-9.81000,141.85600,141.85600,-0.06000,-0.06000,11.00690,,,95.61300,-17.58730,-17.58730,-14.40510,-16.11540,0.11420,0.09660,1.33540,67.39790,-2.12290,-2.15780,-1.84090,-2.12290,2.97960,-0.1078,-0.1081
2022-06-30,28.19100,1.59900,26.59200,11.52500,51.53200,63.05700,-36.46500,0.95900,-35.50600,0.00900,-35.51500,-35.51500,-35.51500,-36.06900,-36.46500,141.72600,141.72600,-0.25000,-0.25000,13.08820,,,94.32800,-129.34980,-129.34980,-125.94800,-125.97990,0.05850,0.06180,1.55130,58.01750,-8.38080,-8.52840,-7.36600,-8.38080,2.98660,-0.1965,-0.1968
2022-03-31,21.62500,0.25600,21.36900,12.62000,45.19700,57.81700,-36.44800,-1.17200,-37.62000,0.01000,-37.63000,-37.63000,-37.63000,-35.47000,-36.44800,141.67500,141.67500,-0.27000,-0.27000,14.11480,,,98.81620,-168.54570,-168.54570,-173.96530,-174.01160,0.04270,0.00970,1.06000,84.90590,-8.39720,-8.54760,-7.42350,-8.39720,3.16150,-0.33000,-0.33050
2021-12-31,23.40400,0.48100,22.92300,11.14900,44.76400,55.91300,-32.99000,0.39400,-32.59600,0.72600,-33.32200,-33.32200,-33.32200,-32.25900,-32.99000,129.36900,129.36900,-0.24000,-0.24000,12.62910,,,97.94480,-140.95880,-140.95880,-139.27530,-142.37740,0.04310,0.02490,1.51840,59.27450,-6.95530,-7.07940,-6.13250,-6.95530,3.38340,-0.193,-0.1933
2021-09-30,14.66700,0.25400,14.41300,20.06600,44.64500,64.71100,-50.29800,0.05100,-50.24700,0.00800,-50.25500,-50.25500,-50.25500,-49.53200,-50.29800,128.44300,128.44300,-0.39000,-0.39000,8.77050,,,98.26820,-342.93310,-342.93310,-342.58540,-342.64000,0.04070,0.01320,1.49450,60.22090,-16.85440,-17.37450,-13.95720,-16.85440,2.30120,-0.3121,-0.3114
2021-06-30,6.62000,0.30800,6.31200,10.09100,44.32200,54.41300,-48.10100,1.10900,-46.99200,0.01800,-47.01000,-47.01000,-47.01000,-47.52500,-48.10100,128.22200,128.22200,-0.37000,-0.37000,11.92870,,,95.34740,-726.60120,-726.60120,-709.84900,-710.12080,0.01710,0.01770,1.49840,60.06350,-14.14870,-14.55570,-12.17030,-14.14870,2.58780,-0.2935,-0.2952
2021-03-31,0.91400,0.04800,0.86600,9.83300,39.80500,49.63800,-48.77200,-1.59900,-50.37100,0.00800,-50.37900,-50.37900,-50.37900,-48.08400,-48.77200,127.40100,127.40100,-0.40000,-0.40000,17.59950,,,94.74840,-5336.10500,-5336.10500,-5511.05000,-5511.92600,0.00220,0.00300,0.77000,116.88180,-13.60760,-13.97960,-12.07900,-13.60760,2.88970,-0.42030,-0.42140
2020-12-31,50.03000,,50.03000,13.17300,38.77900,,-2.30900,-5.60800,-7.91700,0.15700,-8.07400,-8.07400,-8.07400,-1.89900,-2.30900,118.47300,118.47300,-0.06000,-0.06000,13.10830,,,100.00000,-4.61520,-4.61520,-15.82450,-16.13830,0.10790,,,,-1.98010,-2.02650,-1.74140,-1.98010,3.21760,0.0074,-0.0055
2020-09-30,0.02900,,0.02900,12.24300,30.70200,,-43.23200,1.08700,-42.14500,-0.01500,-42.13000,-42.13000,-42.13000,-42.88800,-43.23200,122.35700,122.35700,-0.34000,-0.34000,17.23140,,,100.00000,-149075.90000,-149075.90000,-145327.60000,-145275.90000,0.00010,,0.02570,3497.58600,-10.56310,-10.87500,-9.12400,-10.56310,3.15420,-0.2005,-0.2309
2020-06-30,0.02900,,0.02900,11.07600,15.44900,,-26.79600,0.25400,-26.54200,0.00200,-26.54400,-26.54400,-26.54400,-26.47700,-26.79600,112.57600,112.57600,-0.24000,-0.24000,16.21760,,,100.00000,-92400.01000,-92400.01000,-91524.14000,-91531.04000,0.00010,,0.05710,1576.55200,-11.10450,-11.62110,-8.98950,-11.10450,2.12090,-0.1951,-0.1978
2020-03-31,0.03000,,0.03000,13.83500,11.05300,,-25.14400,-1.02600,-26.17000,-0.23800,-25.93200,-25.93200,-25.93200,-24.84600,-25.14400,112.20900,112.20900,-0.23000,-0.23000,21.01120,,,100.00000,-83813.33000,-83813.33000,-87233.34000,-86440.00000,0.00010,,0.00850,10533.00000,-9.84480,-10.27160,-8.23310,-9.84480,2.34170,-0.20150,-0.20260
2019-12-31,0.02900,,0.02900,13.29200,7.43000,,-20.67400,-20.25500,-40.92900,0.09000,-41.01900,-41.01900,-41.01900,-20.57100,-20.67400,93.02400,93.02400,-0.43000,-0.43000,27.90060,,,100.00000,-71289.69000,-71289.68000,-141134.50000,-141444.90000,0.00010,,0.07880,1142.07000,-13.73710,-14.15730,-12.64840,-13.73710,2.67090,-0.2693,-0.2696
2019-09-30,0.23000,,0.23000,17.79100,6.06100,,-24.01100,4.99900,-19.01200,0.02500,-19.03700,-19.03700,-19.03700,-23.65200,-24.01100,92.16900,92.16900,-0.21000,-0.21000,10.25810,,,100.00000,-10439.57000,-10439.57000,-8266.08700,-8276.95700,0.00150,,0.48940,183.91300,-15.38460,-16.97460,-12.62030,-15.38460,1.31240,-0.1265,-0.1268
2019-06-30,0.02900,,0.02900,11.15200,4.94600,,-16.45400,0.56900,-15.88500,0.01600,-15.90100,-15.90100,-15.90100,-16.09800,-16.45400,91.76800,91.76800,-0.17000,-0.17000,18.97580,,,100.00000,-56737.94000,-56737.94000,-54775.87000,-54831.04000,0.00020,,0.11690,769.65520,-12.63310,-13.95600,-10.51400,-12.63310,1.37120,-0.1418,-0.1421
2019-03-31,0.03000,,0.03000,10.63100,3.90100,,-14.88500,2.47000,-12.41500,0.01300,-12.42800,-12.42800,-12.42800,-14.53200,-14.88500,90.14600,90.14600,-0.14000,-0.14000,23.31030,,,100.00000,-49616.67000,-49616.67000,-41383.34000,-41426.67000,0.00020,,0.07980,1128.00000,-8.91890,-9.78070,-7.55500,-8.91890,1.52050,-0.14590,-0.14610
2018-12-31,0.02900,,0.02900,10.83900,3.49800,,-14.66300,0.14300,-14.52000,,-14.59300,-14.59300,-14.59300,-14.33700,-14.66300,84.78200,84.78200,-0.18000,-0.18000,18.29610,,,100.00000,-50562.06000,-50562.05000,-50068.95000,-50320.70000,0.00020,,0.13360,673.44820,-12.96290,-14.59900,-10.00460,-12.96290,1.31670,-0.1634,-0.1636
2018-09-30,0.37500,,0.37500,11.15200,2.92300,,-14.10800,-4.23400,-18.34200,,-18.34200,-18.34200,-18.34200,-13.73000,-14.10800,85.32100,85.32100,-0.21000,-0.21000,20.92490,,,100.00000,-3762.13300,-3762.13300,-4891.20000,-4891.20000,0.00240,,0.49410,182.16000,-14.63360,-16.31980,-11.63130,-14.63360,1.46900,-0.1291,-0.1292
2018-06-30,0.02900,,0.02900,10.50400,3.46200,,-14.34000,-1.36700,-15.70700,,-15.70700,-15.70700,-15.70700,-13.96600,-14.34000,84.35000,84.35000,-0.19000,-0.19000,30.29930,,,100.00000,-49448.28000,-49448.28000,-54162.07000,-54162.07000,0.00020,,0.09450,952.75870,-11.04800,-12.19340,-9.35750,-11.04800,1.66630,-0.1451,-0.1455
2018-03-31,0.03000,,0.03000,8.88700,3.79100,,-13.04700,-2.43100,-15.47800,,-15.47800,-15.47800,-15.47800,-12.67800,-13.04700,84.05200,84.05200,-0.18000,-0.18000,30.49930,,,100.00000,-43490.00000,-43490.00000,-51593.34000,-51593.34000,0.00020,,0.13330,674.99990,-10.15260,-11.15660,-8.77390,-10.15260,1.81380,-0.17110,-0.17130
2017-12-31,0.03000,,0.03000,8.69100,3.11800,,-12.14000,8.80800,-3.33200,,-3.33200,-3.33200,-3.33200,-11.80900,-12.14000,76.91800,76.91800,0.19000,0.19000,21.50330,,,100.00000,-40466.67000,-40466.67000,-11106.67000,-11106.67000,0.00020,,0.27520,327.00000,-2.01030,-2.19750,-1.75510,-2.01030,1.97190,-0.1496,-0.1498
2017-09-30,0.02900,,0.02900,10.80700,2.65000,,-13.79000,0.67000,-13.12000,,-13.12000,-13.12000,-13.12000,-13.45700,-13.79000,83.60800,83.60800,-0.16000,-0.16000,26.97080,,,100.00000,-47551.72000,-47551.72000,-45241.38000,-45241.38000,0.00010,,0.06990,1287.93100,-7.82610,-8.56550,-6.56550,-7.82610,1.99640,-0.0998,-0.0998
2017-06-30,0.32900,,0.32900,7.10700,2.90100,,-10.04900,7.65000,-2.39900,,-2.39900,-2.39900,-2.39900,-9.70800,-10.04900,82.97300,82.97300,-0.03000,-0.03000,53.07170,,,100.00000,-3054.40700,-3054.40700,-729.17930,-729.17930,0.00160,,1.15440,77.96350,-1.34420,-1.46610,-1.15450,-1.34420,2.13770,-0.1144,-0.1145
2017-03-31,0.03000,,0.03000,7.32500,3.42700,,-11.08500,-40.85600,-51.94100,,-51.94100,-51.94100,-51.94100,-10.75200,-11.08500,56.68000,56.68000,-0.92000,-0.92000,24.58810,,,100.00000,-36950.00000,-36950.00000,-173136.70000,-173136.70000,0.00010,,0.24390,369.00000,-30.08230,-32.98470,-23.64240,-30.08230,2.10310,-0.17140,-0.17150
2016-12-31,0.03000,,0.03000,5.46200,2.22800,,-8.02500,-0.30800,-8.33300,,-8.33300,-8.33300,-8.33300,-7.69000,-8.02500,35.28500,35.28500,-0.22000,-0.22000,5.22300,,,100.00000,-26750.01000,-26750.01000,-27776.67000,-27776.67000,0.00050,,0.34880,258.00010,-23.17940,-40.84800,-14.62010,-23.17940,0.68080,-0.1297,0.7518
2016-09-30,0.03100,,0.03100,3.34200,1.71700,,-5.39000,-2.02900,-7.41900,,-7.41900,-7.41900,-7.41900,-5.05700,-5.39000,36.07900,36.07900,-0.21000,-0.21000,3.63470,,,100.00000,-17387.10000,-17387.10000,-23932.26000,-23932.26000,0.00090,,0.31630,284.51610,-36.90500,-176.55880,-22.31280,-36.90490,0.51820,-0.0852,-0.085
2016-06-30,0.05500,,0.05500,2.40600,1.83600,,-4.55200,1.27600,-3.27600,,-3.27600,-3.27600,-3.27600,-4.24100,-4.55200,32.55100,32.55100,-0.10000,-0.10000,3.54530,,,100.00000,-8276.36400,-8276.36400,-5956.36400,-5956.36400,0.00180,,1.12240,80.18180,-16.76650,-99.84750,-10.85270,-16.76650,0.55370,-0.1537,-0.1538
2016-03-31,0.05700,,0.05700,3.32400,1.19300,,-4.84700,0.58000,-4.26700,,-4.26700,-4.26700,-4.26700,-4.51500,-4.84700,32.28700,32.28700,-0.13000,-0.13000,3.04830,,,100.00000,-8503.50800,-8503.50800,-7485.96500,-7485.96500,0.00210,,1.21280,74.21050,-26.62720,723.22250,-15.37710,-26.62720,0.49630,-0.16170,-0.16170
2015-12-31,0.05700,,0.05700,3.65000,1.57000,,-5.53300,1.47000,-4.06000,0.00000,-4.06000,-4.06300,-4.06300,-5.22500,-5.53300,32.28700,32.28700,-0.13000,-0.13000,4.57120,,,140.35090,-9707.01800,-9707.01800,-7122.80700,-7128.07100,0.00170,,1.21280,74.21050,-20.35260,-136.98580,-12.10420,-20.35270,0.61830,-0.1496,-0.1482
2015-09-30,0.05700,,0.05700,4.67000,1.38100,,-6.42800,1.21800,-5.21000,,-5.21000,-5.21000,-5.21000,-6.04800,-6.42800,32.27800,32.27800,-0.16000,-0.16000,5.40400,,,100.00000,-11277.19000,-11277.19000,-9140.35200,-9140.35200,0.00150,,1.14000,78.94740,-22.13250,-84.16800,-13.37960,-22.14190,,-0.1611,-0.1617
2015-06-30,0.05900,,0.05900,4.33000,1.41800,,-6.05200,5.31900,-0.73300,,-0.73300,-0.73300,-0.73300,-5.74300,-6.05200,32.23700,32.23700,-0.02000,-0.02000,7.06450,,,100.00000,-10257.63000,-10257.63000,-1242.37300,-1242.37300,0.00130,,0.73750,122.03390,-2.61790,-7.15120,-1.65160,-2.61690,,-0.1132,-0.1138
2015-03-31,0.06200,,0.06200,3.33000,1.91000,,-5.57600,-3.02500,-8.60100,,-8.60100,-8.60100,-8.60100,-5.23300,-5.57600,31.85900,31.85900,-0.27000,-0.27000,12.36820,,,100.00000,-8993.54900,-8993.54900,-13872.58000,-13872.58000,0.00130,,0.56360,159.67740,-31.21960,-90.91970,-17.91880,-31.21960,,-0.12620,-0.12660
2014-12-31,0.06800,,0.06800,6.68200,5.52700,,-14.35000,-2.70100,0.06800,,0.06800,-4.91900,-4.91900,-15.50000,0.06800,29.15800,29.15800,-0.15000,-0.15000,11.85510,,,100.00000,-21102.94000,100.00000,100.00000,-7233.82300,0.00130,,0.75560,119.11760,-11.62060,-31.96230,-9.39280,-14.52320,1.06450,-0.1491,-0.1478
2014-09-30,0.07200,0.01000,0.06200,2.43000,1.40000,4.20000,-4.13800,1.63000,-2.52000,0.00000,-2.52000,-2.52000,-2.52000,-4.13800,-4.13800,31.50000,31.50000,-0.08000,-0.08000,14.03020,,,83.33330,-5747.22300,-5747.22300,-3500.00000,-3500.00000,0.00130,,1.44000,62.50000,-5.11050,-8.27590,-4.46890,-5.11050,,-0.4305,-0.4317
2014-06-30,0.07100,,0.07100,,,,0.07100,,0.07100,,0.07100,-4.01700,-4.01700,0.07100,0.07100,30.90000,30.90000,-0.13000,-0.13000,,,,100.00000,100.00000,100.00000,100.00000,-5657.74700,,,,,,,,,,0,0
2014-03-31,0.06700,,0.06700,,,,0.06700,,0.06700,,0.06700,-5.19100,-5.19100,0.06700,0.06700,21.62900,21.62900,-0.24000,-0.24000,,,,100.00000,100.00000,100.00000,100.00000,-7747.76100,,,,,,,,,,0.00000,
2013-12-31,0.71100,,0.71100,,,,0.71100,,0.71100,,0.71100,1.44900,1.44900,0.71100,0.71100,12.37400,12.79800,0.12000,0.11000,,,,100.00000,100.00000,100.00000,100.00000,203.79750,,,,,,,,,,0,0
2013-09-30,0.08400,,0.08400,,,,0.08400,,0.08400,,0.08400,-2.35200,-2.35200,0.08400,0.08400,244.40000,244.40000,-0.01000,-0.01000,,,,100.00000,100.00000,100.00000,100.00000,-2800.00000,,,,,,,,,,0,0
2013-06-30,0.08500,,0.08500,,,,0.08500,,0.08500,,0.08500,-0.97000,-0.97000,0.08500,0.08500,198.60000,198.60000,0.00000,0.00000,,,,100.00000,100.00000,100.00000,100.00000,-1141.17700,,,,,,,,,,0,0
2013-03-31,0.08800,,0.08800,,,,0.08800,,0.08800,,0.08800,-0.78700,-0.78700,0.08800,0.08800,198.25000,198.25000,0.00000,0.00000,,,,100.00000,100.00000,100.00000,100.00000,-894.31820,,,,,,,,,,0.00000,
