Date,revenue,gross-profit,research-development-expenses,selling-general-administrative-expenses,other-operating-income-expenses,operating-income,total-non-operating-income-expense,pre-tax-income,total-provision-income-taxes,income-after-taxes,income-from-continuous-operations,net-income,ebitda,ebit,basic-shares-outstanding,shares-outstanding,eps-basic-net-earnings-per-share,eps-earnings-per-share-diluted,current-ratio,long-term-debt-capital,debt-equity-ratio,gross-margin,operating-margin,ebit-margin,pre-tax-profit-margin,net-profit-margin,asset-turnover,roe,return-on-tangible-equity,roa,roi,book-value-per-share,operating-cash-flow-per-share,free-cash-flow-per-share
2023-09-30,0.40600,0.40600,37.23700,10.61100,-0.38200,-47.82400,-2.96500,-50.78900,-4.94000,-45.84900,-45.84900,-45.84900,-46.44500,-47.82400,173.98400,173.98400,-0.26000,-0.26000,8.21480,,,100.00000,-11779.31000,-11779.31000,-12509.61000,-11292.86000,0.00100,-25.39860,-25.39860,-11.29010,-25.39860,1.03780,-0.2307,-0.2392
2023-06-30,,,36.74200,11.12200,-0.02300,-47.88700,-1.13500,-49.02200,-3.47000,-45.55200,-45.55200,-45.55200,-46.37500,-47.88700,173.86000,173.86000,-0.26000,-0.26000,8.65410,,,,,,,,,-19.86260,-19.86260,-10.10040,-19.86260,1.32040,-0.2194,-0.2446
2023-03-31,1.29200,1.29200,31.34400,9.28400,-3.76800,-43.10400,-0.67700,-43.78100,-3.97000,-39.81100,-39.81100,-39.81100,-41.20500,-43.10400,173.82600,173.82600,-0.23000,-0.23000,9.93730,,,100.00000,-3336.22300,-3336.22300,-3388.62200,-3081.34700,0.00280,-14.91500,-14.91500,-8.65510,-14.91500,1.54220,-0.24400,-0.26490
2022-12-31,3.82500,3.82500,32.18500,7.41200,,-36.28700,4.22000,-32.06700,-5.11600,-26.95100,-26.95100,-26.95100,-34.63800,-36.28700,94.99300,94.99300,-0.23000,-0.23000,9.18280,,,100.00000,-948.67960,-948.67960,-838.35300,-704.60150,0.00780,-9.02360,-9.02360,-5.49710,-9.02360,1.72570,-0.111,-0.1133
2022-09-30,2.36900,2.36900,37.63200,8.23100,,-43.49400,-5.42500,-48.91900,-6.15200,-42.76700,-42.76700,-42.76700,-41.70700,-43.49400,91.24100,91.24100,-0.47000,-0.47000,5.46940,0.06560,0.07020,100.00000,-1835.96500,-1835.96500,-2064.96400,-1805.27600,0.00900,-26.53800,-26.53930,-16.21010,-24.79760,1.76840,-0.3473,-0.4216
2022-06-30,,,38.21200,8.26900,,-46.48100,-3.05200,-49.53300,-7.47400,-42.05900,-42.05900,-42.05900,-44.56200,-46.48100,90.93200,90.93200,-0.46000,-0.46000,7.29120,,,,,,,,,-19.60600,-19.60830,-13.39560,-19.60600,2.35970,-0.3387,-0.3677
2022-03-31,0.16600,0.16600,33.96300,7.98700,,-41.78400,-0.90200,-42.68600,-5.62400,-37.06200,-37.06200,-37.06200,-39.71700,-41.78400,90.91400,90.91400,-0.41000,-0.41000,10.73030,,,100.00000,-25171.09000,-25171.09000,-25714.46000,-22326.51000,0.00050,-13.66880,-13.67110,-10.18200,-13.66880,2.98260,-0.38530,-0.39380
2021-12-31,0.18000,0.18000,39.63500,7.59100,-0.00400,-47.05000,-1.04200,-48.09200,-6.42600,-41.66600,-41.66600,-41.66600,-44.94600,-47.05000,72.08400,72.08400,-0.50000,-0.50000,12.15200,,,100.00000,-26138.90000,-26138.91000,-26717.80000,-23147.79000,0.00040,-13.29820,-13.30100,-10.27370,-13.29820,3.44660,-0.1439,-0.1669
2021-09-30,0.23600,0.23600,32.29200,8.29900,,-40.35500,0.97900,-39.37600,-5.38500,-33.99100,-33.99100,-33.99100,-37.90700,-40.35500,72.89600,72.89600,-0.47000,-0.47000,6.87660,,,100.00000,-17099.58000,-17099.58000,-16684.75000,-14402.97000,0.00080,-13.88920,-13.89410,-11.45880,-13.88920,3.35620,-0.4471,-0.4987
2021-06-30,1.64500,1.64500,32.13100,7.23700,,-37.72300,-1.80700,-39.53000,-6.35700,-33.17300,-33.17300,-33.17300,-35.47900,-37.72300,70.83000,70.83000,-0.47000,-0.47000,9.56140,,,100.00000,-2293.19100,-2293.19100,-2403.04000,-2016.59600,0.00500,-11.69370,-11.69840,-10.03250,-11.69370,3.89980,-0.4461,-0.4639
2021-03-31,0.26900,0.26900,30.73100,8.73800,-0.67200,-39.87200,0.88200,-38.99000,-5.72400,-33.26600,-33.26600,-33.26600,-38.21000,-39.87200,62.44800,62.44800,-0.53000,-0.53000,9.41400,,,100.00000,-14822.31000,-14822.31000,-14494.42000,-12366.54000,0.00080,-11.10470,-11.10970,-9.51150,-11.10470,5.72280,-0.59800,-0.62840
2020-12-31,0.40400,0.40400,38.72800,9.00600,,-47.33000,-1.11200,-48.44200,-5.58100,-42.86100,-42.86100,-42.86100,-45.66800,-47.33000,51.55810,51.55810,-0.82000,-0.82000,5.85670,,,100.00000,-11715.34000,-11715.34000,-11990.59000,-10609.15000,0.00140,-20.40690,-20.42230,-14.56680,-20.40690,4.01240,-0.5558,-0.6637
2020-09-30,0.68000,0.68000,33.54500,9.84300,,-42.70800,-2.47200,-45.18000,-7.86500,-37.31500,-37.31500,-37.31500,-41.24000,-42.70800,52.09400,52.09400,-0.72000,-0.72000,7.42840,,,100.00000,-6280.58800,-6280.58800,-6644.11800,-5487.50000,0.00210,-15.75730,-15.76880,-11.76840,-15.75730,4.52800,-0.7489,-0.8265
2020-06-30,0.29300,0.29300,31.32800,8.50900,,-39.54400,0.47800,-39.06600,-7.02100,-32.04500,-32.04500,-32.04500,-38.27700,-39.54400,52.04130,52.04130,-0.62000,-0.62000,9.12210,,,100.00000,-13496.25000,-13496.25000,-13333.11000,-10936.86000,0.00090,-12.37490,-12.38380,-10.31890,-12.37490,4.95600,-0.4973,-0.5436
2020-03-31,0.33800,0.33800,31.28700,7.61400,,-38.56300,4.99400,-33.56900,-3.69600,-29.87300,-29.87300,-29.87300,-37.30200,-38.56300,49.86000,49.86000,-0.60000,-0.60000,10.78430,,,100.00000,-11409.17000,-11409.17000,-9931.65600,-8838.16500,0.00100,-10.39140,-10.39920,-8.84700,-10.39140,5.50220,-0.48200,-0.53490
2019-12-31,0.30900,0.30900,29.37000,9.92100,,-43.08400,-1.72600,-44.81000,-3.86600,-40.94400,-40.94400,-40.94400,-41.79500,-43.08400,43.06600,43.06600,-0.93000,-0.93000,9.97660,,,100.00000,-13943.04000,-13943.04000,-14501.62000,-13250.49000,0.00100,-16.06660,-16.08270,-13.48910,-16.06660,5.66520,-0.8237,-0.8732
2019-09-30,0.29700,0.29700,27.31000,8.60500,,-35.61800,3.77200,-31.84600,-4.59800,-27.24800,-27.24800,-27.24800,-34.47600,-35.61800,44.50540,44.50540,-0.61000,-0.61000,12.65300,,,100.00000,-11992.59000,-11992.59000,-10722.56000,-9174.41100,0.00090,-10.10530,-10.10530,-8.66000,-10.10530,5.99440,-0.5301,-0.609
2019-06-30,0.33800,0.33800,26.17300,11.37000,,-37.20500,5.45300,-31.75200,-3.27400,-28.47800,-28.47800,-28.47800,-36.66400,-37.20500,43.61200,43.61200,-0.65000,-0.65000,13.12300,,,100.00000,-11007.40000,-11007.40000,-9394.08300,-8425.44400,0.00100,-9.54930,-9.54930,-8.22720,-9.54930,6.62980,-0.3309,-0.4427
2019-03-31,1.96400,1.96400,22.56500,9.55600,,-30.15700,-0.44300,-30.60000,-3.42100,-27.17900,-27.17900,-27.17900,-28.51800,-30.15700,39.47100,39.47100,-0.69000,-0.69000,10.66460,,,100.00000,-1535.48900,-1535.48900,-1558.04500,-1383.85900,0.00740,-12.47410,-12.47410,-10.28120,-12.47410,5.42710,-0.67180,-0.85750
2018-12-31,0.29600,0.29600,-56.64000,-19.70600,,76.64200,-6.00600,43.11000,5.88300,37.22700,-20.64800,-20.64800,75.30100,76.64200,39.36700,39.36700,-0.52000,-0.52000,11.05360,0.00090,0.00090,-766.55410,25892.57000,25892.57000,14564.19000,-6975.67600,0.00120,-8.87540,-8.87540,-8.12240,-8.86760,5.79490,0.5799,0.793
2018-09-30,0.30700,0.30700,10.09600,7.27300,,-17.06200,2.00200,-15.06000,-2.20000,-12.86000,-12.86000,-12.86000,-16.64300,-17.06200,39.21400,39.21400,-0.33000,-0.33000,15.13540,0.00090,0.00090,100.00000,-5557.65500,-5557.65500,-4905.53800,-4188.92500,0.00110,-5.03400,-5.04180,-4.70720,-5.02970,,-0.0908,-0.1184
2018-06-30,0.44300,0.44300,8.86300,8.10300,,-16.52300,6.65600,-9.86700,-2.21700,-7.65000,-7.65000,-7.65000,-16.00500,-16.52300,29.38600,29.38600,-0.26000,-0.26000,,,,100.00000,-3729.79700,-3729.79700,-2227.31400,-1726.86200,,,,,,,-0.2071,-0.2213
2018-03-31,0.42600,0.42600,11.62700,4.33000,,-15.53100,-2.65200,-18.18300,-1.46600,-16.71700,-16.71700,-16.71700,-15.12700,-15.53100,28.83300,28.83300,-0.58000,-0.58000,,,,100.00000,-3645.77500,-3645.77500,-4268.31000,-3924.17800,,,,,,,-0.28200,-0.45330
2017-09-30,,,,,,,,,,,,,,,,,,0.00000,,,,,,,,,,,,,,,0,0
