Date,revenue,cost-goods-sold,gross-profit,selling-general-administrative-expenses,other-operating-income-expenses,operating-expenses,operating-income,total-non-operating-income-expense,pre-tax-income,total-provision-income-taxes,income-after-taxes,income-from-continuous-operations,net-income,ebitda,ebit,basic-shares-outstanding,shares-outstanding,eps-basic-net-earnings-per-share,eps-earnings-per-share-diluted,current-ratio,long-term-debt-capital,debt-equity-ratio,gross-margin,operating-margin,ebit-margin,pre-tax-profit-margin,net-profit-margin,asset-turnover,receiveable-turnover,days-sales-in-receivables,roe,return-on-tangible-equity,roa,roi,book-value-per-share,operating-cash-flow-per-share,free-cash-flow-per-share
2024-03-31,490.65300,344.79900,145.85400,87.91400,-2.32000,122.98800,22.86600,-21.37600,1.49000,12.66200,-11.17200,-11.17200,-11.17200,33.23400,22.86600,192.24100,192.24100,-0.06000,-0.06000,0.87980,1.11970,-10.63550,29.72650,4.66030,4.66030,0.30370,-2.27700,0.29860,1.82690,49.26320,8.19820,0.87000,-0.68000,-0.98100,-0.70840,-0.06230,-0.06910
2023-12-31,478.84100,330.39300,148.44800,87.01100,-0.56100,119.15490,29.29310,-60.88800,-31.59500,-5.85900,-25.73600,-25.73600,-25.73600,37.60310,29.29310,189.95600,189.95600,-0.14000,-0.13000,0.88760,1.11300,-11.11790,31.00150,6.11750,6.11750,-6.59820,-5.37460,0.29690,1.94800,46.20060,19.86260,2.01360,-1.59560,-2.24420,-0.67930,-0.0164,-0.0245
2023-09-30,478.01000,330.74600,147.26400,91.00400,2.93200,223.61600,-76.35200,-25.40600,-101.75800,0.63100,-102.38900,-102.38900,-102.38900,37.32600,-76.35200,189.13900,189.13900,-0.54000,-0.54000,0.87360,1.09020,-13.63860,30.80770,-15.97290,-15.97290,-21.28780,-21.41980,0.28890,1.94000,46.39080,96.85560,8.15550,-6.18780,-8.73720,-0.55420,0.1517,0.1457
2023-06-30,471.94500,316.69000,155.25500,91.25500,3.33700,117.76300,37.49200,-12.70300,24.78900,-0.81000,25.59900,25.59900,25.59900,46.21900,37.49200,189.07100,189.73900,0.14000,0.13000,0.84720,1.00530,-214.92440,32.89680,7.94410,7.94410,5.25250,5.42410,0.27100,1.93400,46.53470,-379.97970,-2.02650,1.47000,2.01250,-0.03540,-0.0555,-0.0624
2023-03-31,466.41300,321.94800,144.46500,91.70800,-0.14200,126.82600,17.63900,-48.07100,-30.43200,1.56600,-31.99800,-31.99800,-31.99800,27.33700,17.63900,189.05400,189.05400,-0.17000,-0.17000,0.82100,1.02880,-40.26280,30.97360,3.78180,3.78180,-6.52470,-6.86040,0.26950,1.89110,47.59100,89.21520,2.47450,-1.84860,-2.57220,-0.18990,0.03960,0.02840
2022-12-31,451.14700,322.37190,128.77510,89.94700,-1.72800,333.23310,-204.45790,-34.68500,-239.14310,-1.36400,-237.77900,-237.77900,-237.77900,12.56010,-204.45780,185.55300,185.55300,-1.28000,-1.28000,0.82620,1.00500,-226.66910,28.54390,-45.31960,-45.31960,-53.00780,-52.70540,0.26360,1.99950,45.01170,3768.25300,18.84350,-13.89090,-18.65270,-0.03340,-0.217,-0.2345
2022-09-30,443.00900,308.42600,134.58300,89.54200,-2.12200,129.79600,4.78700,16.84200,21.62900,-2.66900,24.29800,24.29800,24.29800,15.71900,4.78700,186.11300,186.16600,0.13000,0.13000,0.88740,0.84910,6.28130,30.37930,1.08060,1.08060,4.88230,5.48480,0.22450,1.95990,45.92040,10.65950,-1.96240,1.23130,1.60860,1.22610,0.1148,0.1
2022-06-30,442.95500,297.91200,145.04300,88.99800,0.02100,601.42400,-456.38100,-17.85000,-474.23100,-0.34400,-473.88700,-473.88700,-473.88700,25.85900,-456.38100,184.95300,184.95300,-2.56000,-2.56000,0.81160,0.86100,6.98510,32.74440,-103.03100,-103.03100,-107.06080,-106.98310,0.23200,1.75340,51.32980,-236.78130,37.39160,-24.82410,-32.91980,1.07650,-0.1076,-0.1185
2022-03-31,450.53400,305.70800,144.82600,88.74300,0.07900,131.05000,13.77600,14.15500,27.93100,2.59700,25.33400,25.33400,25.33400,25.52800,13.77600,184.92700,185.42700,0.14000,0.14000,0.77820,0.64790,2.06320,32.14540,3.05770,3.05770,6.19950,5.62310,0.18960,1.81820,49.50030,3.80410,-1.98910,1.06620,1.33940,3.60500,-0.05110,-0.07260
2021-12-31,414.07000,289.68000,124.39000,73.91900,-7.71600,237.43790,-113.04790,-9.06400,-122.11200,4.08000,-126.19200,-126.19200,-126.19200,15.26310,-113.04790,170.62500,170.62500,-0.75000,-0.75000,0.80970,0.65860,2.13130,30.04080,-27.30160,-27.30160,-29.49070,-30.47600,0.17740,1.83790,48.96780,-19.84730,9.68760,-5.40580,-6.77600,3.44180,-0.1844,-0.2231
2021-09-30,411.27600,271.53400,139.74200,76.37000,-2.00700,121.39500,18.34700,-17.35700,0.99000,-1.10000,2.09000,2.09000,2.09000,26.71600,18.34700,184.55400,188.24600,0.01000,0.01000,1.56090,0.52370,1.11470,33.97770,4.46100,4.46100,0.24070,0.50820,0.21030,2.08460,43.17470,0.27700,-0.28140,0.10690,0.13190,4.09650,0.1946,0.174
2021-06-30,436.11200,289.52300,146.58900,77.72000,-1.00400,116.29500,30.29400,-28.85500,1.43900,0.17900,1.26000,1.26000,1.26000,44.86500,30.29400,171.14900,177.68300,0.01000,0.01000,1.57080,0.52700,1.13110,33.61270,6.94640,6.94640,0.33000,0.28890,0.22250,2.05760,43.74070,0.16840,-0.16830,0.06430,0.07970,4.06200,0.1483,0.1323
2021-03-31,417.16000,285.47700,131.68300,69.37200,-1.76800,103.38700,28.29600,-22.18900,6.10700,0.30900,5.79800,5.79800,5.79800,38.83400,28.29600,142.12300,146.26600,0.04000,0.04000,1.41320,0.81070,4.32630,31.56660,6.78300,6.78300,1.46390,1.38990,0.23200,2.04380,44.03520,2.13520,-0.51860,0.32250,0.40420,1.91330,-0.22500,-0.24320
2020-12-31,422.30200,296.08700,126.21500,103.80100,-4.52100,108.48900,17.72600,-25.05700,-7.33100,2.40100,-9.73200,-9.73200,-9.73200,27.76100,17.72600,140.97200,140.97200,-0.07000,-0.07000,1.30810,0.81450,4.42740,29.88740,4.19750,4.19750,-1.73600,-2.30450,0.22900,2.33470,38.54850,-3.67200,0.86510,-0.52780,-0.68130,1.86740,-0.0039,-0.0264
2020-09-30,366.00300,251.87300,114.13000,59.64100,-5.19700,101.25300,12.87700,-20.75000,-7.87300,-0.47100,-7.40200,-7.40200,-7.40200,22.13800,12.87700,142.12300,142.12300,-0.05000,-0.05000,,,,31.18280,3.51830,3.51830,-2.15110,-2.02240,,,,,,,,,0.2921,0.2803
2020-06-30,351.57700,244.94800,106.62900,55.12000,-0.75600,158.58600,-51.95700,-23.34100,-75.29800,2.25500,-77.55300,-77.55300,-77.55300,33.18200,-51.95700,142.08400,142.08400,-0.55000,-0.55000,,,,30.32880,-14.77830,-14.77830,-21.41720,-22.05860,,,,,,,,,0.2251,0.1965
2020-03-31,355.22300,247.68200,107.54100,59.69400,,89.67400,17.86700,20.90100,38.76800,1.13100,37.63700,37.63700,37.63700,26.91700,17.86700,137.46900,140.33100,0.27000,0.27000,,,,30.27420,5.02980,5.02980,10.91370,10.59530,,,,,,,,,0.31390,0.26880
2019-12-31,,,,,,,,,,,,,,,,,,,0.00000,,,,,,,,,,,,,,,,,0,0
