Date,revenue,cost-goods-sold,gross-profit,selling-general-administrative-expenses,other-operating-income-expenses,operating-expenses,operating-income,total-non-operating-income-expense,pre-tax-income,total-provision-income-taxes,income-after-taxes,income-from-continuous-operations,income-from-discontinued-operations,net-income,ebitda,ebit,basic-shares-outstanding,shares-outstanding,eps-basic-net-earnings-per-share,eps-earnings-per-share-diluted,long-term-debt-capital,debt-equity-ratio,operating-margin,ebit-margin,pre-tax-profit-margin,net-profit-margin,asset-turnover,roe,return-on-tangible-equity,roa,roi,book-value-per-share,operating-cash-flow-per-share,free-cash-flow-per-share
2024-03-31,712.85900,255.69600,457.16300,20.33100,-59.01100,291.61100,165.55200,7.98300,173.53500,-0.02200,173.55700,173.55700,,173.44900,386.97400,165.55200,141.90200,142.22300,1.22000,1.22000,0.40530,0.68150,23.22370,23.22370,24.34350,24.33150,0.03450,1.48160,1.48160,0.84080,0.88110,82.38730,2.90320,1.19890
2023-12-31,704.70590,250.38000,454.32600,17.99200,-59.73800,288.42410,165.90180,78.60200,244.50400,2.43800,242.06590,242.06590,,241.96900,385.17080,165.90180,141.30700,141.64400,1.71000,1.71000,0.40380,0.67740,23.54200,23.54200,34.69590,34.33620,0.03410,2.05430,2.05430,1.17060,1.22470,82.96650,2.4774,0.3603
2023-09-30,697.63500,253.59000,444.04500,20.46600,-67.22400,288.67200,155.37300,20.78900,176.16200,4.37200,171.79000,171.79000,,172.03100,366.18700,155.37300,141.83900,142.19800,1.21000,1.21000,0.40290,0.67480,22.27140,22.27140,25.25130,24.65920,0.03370,1.45860,1.45860,0.82980,0.87090,82.93270,3.3114,1.4271
2023-06-30,690.86000,244.83500,446.02500,17.67600,-52.84600,271.06800,174.95700,192.63300,367.59000,-0.21700,367.80700,367.80700,,367.92300,385.81800,174.95700,141.78000,142.12400,2.59000,2.59000,0.40560,0.68240,25.32450,25.32450,53.20760,53.25580,0.03320,3.11290,3.11290,1.76780,1.85030,83.19940,2.396,2.2671
2023-03-31,674.70800,239.32700,435.38100,20.40000,-59.81300,284.95600,150.42500,-0.09000,150.33500,3.56000,146.77500,146.77500,,146.90200,366.32000,150.42500,139.76700,140.02400,1.05000,1.05000,0.41940,0.72220,22.29480,22.29480,22.28150,21.77270,0.03340,1.31410,1.31410,0.72750,0.76300,79.77870,2.82890,0.97300
2022-12-31,669.67190,229.13900,440.53290,20.74100,-64.16100,292.13390,148.39890,99.44800,247.84700,6.68300,241.16410,241.16410,,241.81600,365.83700,148.39910,139.63400,139.97500,1.73000,1.73000,0.42490,0.73900,22.16000,22.16000,37.01020,36.10960,0.03270,2.14300,2.14300,1.17880,1.23230,80.43020,2.4401,1.0391
2022-09-30,665.28800,240.67100,424.61700,14.61100,-65.45000,286.71900,137.89800,362.38500,500.28300,5.65100,494.63200,494.63200,,494.74700,356.41390,137.89800,139.64000,139.98200,3.54000,3.53000,0.41700,0.71520,20.72760,20.72760,75.19800,74.36580,0.03300,4.41220,4.41220,2.45300,2.57240,80.17410,3.1445,2.8461
2022-06-30,644.55900,227.25400,417.30500,21.29100,-61.16100,281.75400,135.55100,2.85600,138.40700,-0.15900,138.56600,138.56600,,138.69100,348.21010,135.55100,139.63000,139.93400,0.99000,0.99000,0.42290,0.73280,21.03000,21.03000,21.47310,21.51720,0.03260,1.26920,1.26920,0.70090,0.73240,78.08060,2.1186,0.3195
2022-03-31,613.92700,222.05000,391.87700,17.42100,-57.51300,276.72000,115.15700,149.39000,264.54700,2.47100,262.07600,262.07600,,261.52100,326.60400,115.15700,139.56000,139.97600,1.87000,1.87000,0.42170,0.72920,18.75740,18.75740,43.09100,42.59810,0.03090,2.38740,2.38740,1.31900,1.38060,78.51130,2.45530,1.80040
2021-12-31,601.19820,211.04800,390.15030,16.48100,-57.06100,270.57810,119.57210,220.02500,339.59700,4.29900,335.29800,335.29800,,335.20900,324.07920,119.57210,139.38900,139.71700,2.39000,2.40000,0.42570,0.74120,19.88900,19.88900,56.48670,55.75680,0.03020,3.06680,3.06680,1.68470,1.76130,78.23210,2.0868,0.636
2021-09-30,580.77400,221.03600,359.73800,17.31300,-74.29400,285.39800,74.34000,6.68600,81.02600,2.17900,78.84700,78.84700,,78.91400,278.12800,74.34000,139.38600,139.73800,0.57000,0.56000,0.41900,0.72110,12.80020,12.80020,13.95140,13.58770,0.02980,0.73090,0.73090,0.40480,0.42460,77.25800,2.4529,-0.9381
2021-06-30,561.74300,212.39800,349.34500,18.46500,-57.75700,260.69400,88.65100,359.33600,447.98700,0.01000,447.97700,447.97700,,447.95300,283.44200,88.65100,139.37400,139.65100,3.21000,3.21000,0.40850,0.69060,15.78140,15.78140,79.74950,79.74340,0.02910,4.10660,4.10660,2.31910,2.42910,78.13170,1.7061,3.3073
2021-03-31,551.13500,209.46000,341.67500,17.35200,-52.32100,252.97000,88.70500,52.77400,141.47900,-0.75500,142.23400,142.23400,,142.22300,279.86300,88.70500,139.29100,139.55200,1.02000,1.02000,0.41400,0.70650,16.09500,16.09500,25.67050,25.80550,0.02880,1.33320,1.33320,0.74390,0.78120,76.42260,2.36570,1.27590
2020-12-31,555.18490,212.52100,342.66390,13.46500,-59.69900,250.98700,91.67690,247.25900,338.93600,-2.17800,341.11400,341.11400,,341.12800,275.74590,91.67700,140.09500,140.43500,2.44000,2.44000,0.41300,0.70350,16.51290,16.51290,61.04920,61.44400,0.02890,3.17250,3.17250,1.77670,1.86230,77.06160,1.8422,2.6687
2020-09-30,567.40400,212.84300,354.56100,13.98500,-53.71100,243.04400,111.51700,36.17300,147.69000,-0.02700,147.71700,147.71700,,147.70300,295.13300,111.51700,140.27100,140.60400,1.05000,1.05000,0.41480,0.70890,19.65390,19.65390,26.02910,26.03140,0.02960,1.38440,1.38440,0.77160,0.81010,76.30920,2.3737,1.2248
2020-06-30,576.40500,198.10300,378.30200,15.57300,-54.05500,245.87700,132.42500,37.31100,169.73600,-1.13300,170.86900,170.86900,,170.82800,317.46610,132.42500,140.45100,140.73800,1.21000,1.21000,0.41240,0.70190,22.97430,22.97430,29.44740,29.63680,0.02980,1.57180,1.57180,0.88300,0.92360,77.23870,2.0414,1.3995
2020-03-31,602.26700,199.63500,402.63200,17.32000,-68.41800,263.64900,138.98300,29.11400,168.09700,0.09100,168.00600,168.00600,,167.97100,324.52500,138.98300,140.37700,140.77800,1.19000,1.19000,0.42580,0.74150,23.07670,23.07670,27.91070,27.88980,0.03030,1.53960,1.53960,0.84460,0.88410,77.54080,2.42730,0.81980
2019-12-31,593.56600,190.39200,403.17400,12.60200,-56.61800,240.58500,162.58900,6.90700,169.49600,1.82500,167.67100,167.67100,,167.65000,341.05800,162.58900,139.05400,139.57200,1.20000,1.19000,0.39900,0.66390,27.39190,27.39190,28.55560,28.24450,0.03100,1.52560,1.52560,0.87690,0.91690,78.14200,2.2133,-0.9336
2019-09-30,587.61300,197.81900,389.79400,12.76900,-51.76100,229.99300,159.80100,131.09200,290.89300,11.18400,279.70900,279.70900,,279.67700,334.64600,159.80100,139.34000,139.85300,2.00000,2.00000,0.40500,0.68070,27.19490,27.19490,49.50420,47.59540,0.03080,2.58630,2.58630,1.46750,1.53890,77.43860,2.6894,1.5752
2019-06-30,577.26300,195.11100,382.15200,18.96500,-52.00500,233.66300,148.48900,19.81600,168.30500,0.00000,168.30500,168.30500,,168.28100,321.54700,148.48900,139.11300,139.61800,1.21000,1.21000,0.40610,0.68390,25.72290,25.72290,29.15570,29.15150,0.03050,1.56560,1.56560,0.88900,0.92970,76.97810,1.9618,-0.0173
2019-03-31,566.18400,184.78400,381.40000,13.70600,-48.79400,224.55700,156.84300,13.56900,170.41200,-0.00600,170.41800,170.41800,,170.36600,326.60700,156.84300,138.33100,138.83200,1.23000,1.23000,0.39610,0.65590,27.70180,27.70180,30.09830,30.09020,0.03040,1.58760,1.58760,0.91430,0.95880,76.99980,2.60590,0.31020
2018-12-31,578.52200,191.10600,387.41600,15.98500,-70.84900,245.74790,141.66800,243.72000,385.38800,-0.24700,385.63500,385.63500,,385.73410,307.56000,141.66800,137.84500,138.28900,2.79000,2.79000,0.39840,0.66210,24.48790,24.48790,66.61600,66.67580,0.03150,3.62690,3.62690,2.09810,2.18210,76.76530,2.3197,1.3234
2018-09-30,575.98200,193.46700,382.51500,14.74400,-56.29800,227.58000,154.93500,37.50100,192.43600,0.02900,192.40700,192.40700,,192.48600,319.39800,154.93500,137.84900,138.32300,1.39000,1.39000,0.42010,0.72450,26.89930,26.89930,33.41010,33.41880,0.03090,1.85050,1.85050,1.03100,1.07310,75.22250,2.5648,1.119
2018-06-30,569.23900,190.83000,378.40900,15.20900,-58.27400,230.16800,148.24100,106.36000,254.60100,0.05800,254.54300,254.54300,,254.66200,313.48800,148.24100,137.84000,138.21500,1.84000,1.84000,0.42130,0.72810,26.04200,26.04200,44.72660,44.73730,0.03050,2.44800,2.44800,1.36330,1.41650,75.23040,2.2374,2.0458
2018-03-31,560.79200,191.15300,369.63900,14.43100,-56.31000,229.80000,139.83900,1.75100,141.59000,,141.59000,141.59000,,141.64300,305.35300,139.83900,137.76400,138.15300,1.03000,1.03000,0.42370,0.73530,24.93600,24.93600,25.24820,25.25770,0.03010,1.37000,1.37000,0.75930,0.78950,74.77950,2.28670,-0.01270
2017-12-31,555.29000,178.78400,376.50600,14.88700,-54.48200,226.46890,150.03710,87.48800,237.52500,0.03900,237.48610,237.48610,,235.11000,313.34510,150.03700,137.52400,138.06700,1.71000,1.71000,0.41370,0.70560,27.01960,27.01960,42.77500,42.34000,0.03020,2.28610,2.28610,1.28960,1.34040,75.22450,2.3474,-0.0611
2017-09-30,550.50000,187.28800,363.21200,11.65500,-48.53000,205.17500,158.03700,80.18600,238.22300,0.02400,238.19900,238.19900,,238.24800,309.40400,158.03700,137.71500,138.30700,1.73000,1.72000,0.40820,0.68980,28.70790,28.70790,43.27390,43.27850,0.03030,2.30500,2.30500,1.31040,1.36410,74.83550,2.5853,-0.5055
2017-06-30,530.51200,180.25300,350.25900,13.94700,-74.83400,230.22000,120.03900,45.21300,165.25200,0.05800,165.19400,165.19400,,165.22500,267.03100,120.03900,137.58100,138.17300,1.20000,1.20000,0.40480,0.68000,22.62700,22.62700,31.14950,31.14440,0.02960,1.60660,1.60660,0.92060,0.95630,74.46550,1.9856,0.9464
2017-03-31,522.32600,175.97400,346.35200,13.20600,-50.02300,203.85000,142.50200,93.29900,235.80100,0.02000,235.78100,235.78100,,235.87500,284.64700,142.50200,137.06900,137.53100,1.72000,1.72000,0.40560,0.68240,27.28220,27.28220,45.14440,45.15860,0.02910,2.29660,2.29660,1.31150,1.36510,74.51080,2.18060,1.38050
2016-12-31,518.23900,169.44400,348.79500,10.42800,-55.48200,205.93000,142.86500,99.52800,242.39290,0.21000,242.18290,242.18290,,242.23500,283.14100,142.86510,136.92830,137.46160,1.76000,1.76000,0.40870,0.69120,27.56740,27.56740,46.77240,46.74200,0.02900,2.38100,2.38100,1.35550,1.40790,74.06500,2.1811,0.5247
2016-09-30,516.21100,177.12700,339.08400,11.92800,-51.67500,195.33200,143.75200,212.59900,356.35100,0.02200,356.32900,356.32900,,356.39200,276.22900,143.75200,136.99800,137.50500,2.60000,2.59000,0.40440,0.67910,27.84750,27.84750,69.03200,69.04000,0.02930,3.55030,3.55030,2.02590,2.11440,73.08670,2.2347,0.5056
2016-06-30,502.30700,170.01000,332.29700,12.01100,-50.47800,194.95800,137.33900,60.01600,197.35500,0.03600,197.31900,197.31900,,197.44400,271.68900,137.33900,136.91900,137.43800,1.44000,1.44000,0.40950,0.69330,27.34170,27.34170,39.28970,39.30740,0.02890,2.00190,2.00190,1.13430,1.18220,71.78140,2.0029,-0.0783
2016-03-31,508.49800,166.69300,341.80500,11.40400,-46.87200,185.49200,156.31300,81.60100,237.91400,0.03700,237.87700,237.87700,,237.93100,284.52100,156.31300,136.78600,137.38300,1.73000,1.73000,0.39770,0.66040,30.74010,30.74010,46.78760,46.79090,0.02980,2.41580,2.41580,1.39570,1.45500,71.78760,2.02200,-0.76430
2015-12-31,480.84200,158.23900,322.60300,11.50700,-43.78900,177.55500,145.04790,10.43900,155.48700,0.13600,155.35110,155.35110,,155.42800,267.71190,145.04790,133.56570,134.59320,1.13000,1.13000,0.39620,0.65620,30.16540,30.16540,32.33640,32.32410,0.02840,1.57870,1.57870,0.91750,0.95320,71.82760,2.0884,0.1172
2015-09-30,475.36000,166.07100,309.28900,10.46400,-27.63800,158.28600,151.00300,55.11200,206.11500,0.03900,206.07600,206.07600,,206.14200,271.89400,151.00300,133.67000,134.70900,1.54000,1.53000,0.39080,0.64160,31.76600,31.76600,43.35980,43.36550,0.02830,2.09650,2.09650,1.22800,1.27710,71.81230,2.2001,0.0662
2015-06-30,457.45900,157.98200,299.47700,10.33500,-37.51400,166.47600,133.00100,40.54500,173.54600,1.29300,172.25300,172.25300,,172.32400,251.40500,133.00100,131.97800,133.08600,1.30000,1.29000,0.41330,0.70430,29.07390,29.07390,37.93700,37.66980,0.02800,1.87020,1.87020,1.05540,1.09730,69.31010,1.9212,-0.387
2015-03-31,442.36700,159.95400,282.41300,10.46800,-46.76000,174.08100,108.33200,99.73600,208.06800,0.01500,208.05300,208.05300,,208.14400,222.22700,108.33200,131.88400,133.17600,1.57000,1.56000,0.41910,0.72130,24.48920,24.48920,47.03520,47.05230,0.02720,2.28690,2.28690,1.27920,1.32860,68.82150,1.77490,-1.79030
2014-12-31,440.65500,152.57300,288.08190,10.67900,-41.13200,165.89510,122.18690,29.71100,151.89800,,142.53000,142.53000,,142.64200,232.77390,122.18700,130.58700,131.23800,1.08000,1.08000,0.41770,0.71740,27.72850,27.72850,34.47100,32.37050,0.02730,1.57550,1.57550,0.88310,0.91740,68.50740,1.8932,-0.651
2014-09-30,430.52500,150.20800,280.31700,11.29000,-46.78200,169.90800,110.40900,130.59200,241.00100,,241.00100,241.00100,,241.10000,219.29100,110.40900,131.33000,131.90600,1.83000,1.83000,0.40830,0.69010,25.64520,25.64520,55.97840,56.00140,0.02710,2.66440,2.66440,1.51750,1.57650,68.52120,1.7172,-0.7242
2014-06-30,413.80600,143.49800,270.30800,10.22000,-46.15100,166.76600,103.54200,68.65500,172.19700,,172.19700,172.19700,,158.08600,209.37800,103.54200,129.85600,130.24800,1.22000,1.21000,0.41490,0.70900,25.02190,25.02190,41.61300,38.20290,0.02640,1.95200,1.95200,1.09970,1.14220,67.27320,1.446,0.3095
2014-03-31,400.07500,143.02700,257.04800,9.23600,-43.24800,158.85100,98.19700,5.22300,103.42000,,103.42000,103.42000,38.17900,141.73900,200.92300,98.19700,129.28900,129.63000,1.09000,1.09000,0.42580,0.74150,24.54470,24.54470,25.85020,35.42810,0.02570,1.20160,1.20160,0.66420,0.69000,66.42640,1.69960,-0.13480
2013-12-31,394.16800,139.37200,254.79600,8.31100,-98.61900,211.73590,43.06010,45.14900,88.20910,,88.20910,88.20900,163.88100,252.21100,147.18910,43.06020,126.85600,127.26600,1.95000,1.95000,0.41630,0.71330,10.92430,10.92430,22.37850,63.98570,0.02570,1.02570,1.02570,0.57550,0.59870,66.44970,2.0546,1.9921
2013-09-30,389.18900,139.04100,250.14800,9.87800,-99.60500,269.35600,-19.20800,3.26000,-15.94800,,-15.94800,-15.94800,5.06300,-10.71500,138.36400,-19.20800,129.20900,129.21600,-0.08000,-0.08000,0.41850,0.71960,-4.93540,-4.93540,-4.09780,-2.75320,0.02570,-0.18820,-0.18820,-0.10530,-0.10950,65.48020,1.5748,-0.9952
2013-06-30,378.20700,128.87600,249.33100,11.34500,-46.97500,248.29700,1.03400,-0.70000,0.33400,,0.33400,0.33400,35.76300,36.21800,185.70700,1.03400,129.17900,129.59500,0.28000,0.28000,0.40600,0.68350,0.27340,0.27340,0.08830,9.57620,0.02530,0.00390,0.00390,0.00220,0.00230,66.18110,1.3843,-0.2842
2013-03-31,301.35700,103.73000,197.62700,10.03900,-38.17400,153.77200,43.85500,-58.62300,-14.76800,,-14.76800,-14.76800,90.23700,75.42700,149.90900,43.85500,119.68100,120.11100,0.63000,0.63000,0.40640,0.68460,14.55250,14.55250,-4.90050,25.02910,0.01980,-0.17060,-0.17060,-0.09720,-0.10120,66.92500,0.67760,-4.70280
2012-12-31,240.82900,84.47200,156.35700,7.70300,-47.46800,111.30600,45.05100,11.41200,56.46300,,56.46300,56.46300,65.92200,122.35800,107.50700,45.05100,97.41600,98.02500,1.20000,1.20000,0.36020,0.56300,18.70660,18.70660,23.44530,50.80700,0.02160,0.82540,0.82540,0.50590,0.52810,59.79560,1.6711,-2.7061
2012-09-30,261.32100,92.94600,168.37500,8.37200,-33.98500,105.10700,63.26800,19.13900,82.40700,,82.40700,82.40700,4.34000,86.84400,128.18100,63.26800,97.04500,97.54700,0.89000,0.89000,0.44650,0.80660,24.21080,24.21080,31.53480,33.23270,0.02910,1.74560,1.74560,0.91880,0.96620,48.31720,1.5286,-1.5426
2012-06-30,252.44500,91.27900,161.16600,8.31600,-33.19100,104.73100,56.43500,1.45200,57.88700,,57.88700,57.88700,98.93400,156.90900,122.85000,56.43500,95.30800,95.99300,1.64000,1.63000,0.42320,0.73380,22.35540,22.35540,22.93060,62.15570,0.03000,1.26330,1.26330,0.68810,0.72860,47.44160,1.2162,0.8705
2012-03-31,246.03200,88.20800,157.82400,9.71000,-34.80500,106.08600,51.73800,1.93600,53.67400,,53.67400,53.67400,3.93500,57.75800,116.76800,51.73800,94.85500,95.65400,0.61000,0.60000,0.43500,0.77000,21.02900,21.02900,21.81590,23.47580,0.02990,1.22260,1.22260,0.65130,0.69070,46.04810,1.10130,-0.67000
2011-12-31,192.25700,68.70300,123.55400,7.84700,-39.58000,92.77590,30.77810,-1.36000,29.41810,,29.41810,29.41800,293.54600,323.08400,79.35300,30.77810,89.92200,90.77700,3.55000,3.54000,0.44980,0.81760,16.00880,16.00880,15.30140,168.04800,0.02270,0.66830,0.66830,0.34680,0.36770,46.25000,1.535,1.927
2011-09-30,243.71900,92.00900,151.71000,6.08700,-42.65900,109.63900,42.07100,2.27900,44.35000,,44.35000,44.35000,0.32700,44.82400,106.49600,42.07100,91.38800,92.34000,0.49000,0.49000,0.47660,0.91070,17.26210,17.26210,18.19720,18.39170,0.02870,1.06710,1.06710,0.52250,0.55850,43.74320,0.8605,-0.7678
2011-06-30,235.58100,87.21700,148.36400,8.14500,-44.54400,113.52500,34.83900,0.39500,35.23400,,35.23400,35.23400,7.95800,43.37300,98.44400,34.83900,87.31800,88.19600,0.50000,0.49000,0.53400,1.14570,14.78850,14.78850,14.95620,18.41110,0.02970,1.01270,1.01270,0.44360,0.47200,39.23320,1.4927,-0.6341
2011-03-31,228.53000,87.90700,140.62300,7.29200,-42.97100,109.91300,30.71000,0.50300,31.21300,,31.21300,31.21300,-0.67600,30.34100,93.91100,30.71000,86.16900,86.99800,0.35000,0.35000,0.54130,1.18020,13.43810,13.43810,13.65820,13.27660,0.02900,0.91240,0.91240,0.39600,0.41850,39.17800,0.84160,-0.49870
2010-12-31,181.47100,67.37200,114.09900,6.87100,-41.73600,97.95500,16.14400,0.39700,16.54100,,16.54100,16.54100,10.12600,26.53100,70.06900,16.14400,83.86000,84.63300,0.29000,0.29000,0.54510,1.19830,8.89620,8.89620,9.11490,14.62000,0.02320,0.49890,0.49890,0.21150,0.22690,38.59870,1.1914,0.0017
2010-09-30,225.55800,89.79400,135.76400,7.03900,-44.26200,109.22700,26.53700,-0.32500,26.21200,,26.21200,26.21200,-2.23200,24.65400,86.26900,26.53700,84.96900,85.76900,0.29000,0.29000,0.54440,1.19490,11.76510,11.76510,11.62100,10.93020,0.02940,0.79340,0.79340,0.34160,0.36150,38.73870,0.6943,-0.4909
2010-06-30,220.34200,88.88700,131.45500,4.04100,-41.45800,102.81600,28.63900,0.46300,29.10200,,29.10200,29.10200,21.96400,51.12500,88.76200,28.63900,83.51800,84.24500,0.61000,0.61000,0.54210,1.18400,12.99750,12.99750,13.20770,23.20260,0.02860,0.87260,0.87260,0.37770,0.39960,39.19780,1.2015,1.0617
2010-03-31,215.44900,88.06800,127.38100,8.89500,-42.54100,107.40800,19.97300,0.22700,20.20000,,20.20000,20.20000,52.16600,72.52300,80.41700,19.97300,81.63800,82.31100,0.89000,0.88000,0.55750,1.25970,9.27040,9.27040,9.37580,33.66130,0.02870,0.64420,0.64420,0.26900,0.28510,37.91920,0.83690,0.36180
2009-12-31,192.88900,70.34600,122.54300,10.36100,-64.21900,124.82690,-2.28400,1.04100,-1.24300,,-1.24300,-1.24300,33.59200,32.39400,52.13300,-2.28400,79.95100,80.60000,0.40000,0.40000,0.56580,1.30320,-1.18410,-1.18410,-0.64440,16.79410,0.02590,-0.04080,-0.04080,-0.01670,-0.01770,37.41160,1.2858,1.2744
2009-09-30,215.04300,87.78600,127.25700,5.75000,-41.20500,99.94200,27.31500,0.43100,27.74600,,27.74600,27.74600,30.35500,58.15400,83.13300,27.31500,80.13200,80.60900,0.72000,0.72000,0.58980,1.43800,12.70210,12.70210,12.90250,27.04300,0.02710,0.90010,0.90010,0.34920,0.36920,37.85590,1.016,0.1983
2009-06-30,212.25900,85.94600,126.31300,5.39000,-36.88000,93.44400,32.86900,-19.81000,13.05900,,13.05900,13.05900,3.66400,17.67400,86.68800,32.86900,79.66200,80.04200,0.22000,0.22000,0.58120,1.38760,15.48530,15.48530,6.15240,8.32660,0.02800,0.43670,0.43670,0.17240,0.18290,37.41610,1.2322,-0.8134
2009-03-31,209.73300,83.66600,126.06700,7.24700,-29.06800,86.38800,39.67900,3.45700,43.13600,,43.13600,43.13600,3.96500,47.42500,94.34300,39.67900,78.75300,79.79200,0.60000,0.59000,0.55550,1.24990,18.91880,18.91880,20.56710,22.61210,0.02880,1.41830,1.41830,0.59310,0.63040,38.07460,1.13820,-0.73500
