Date,revenue,cost-goods-sold,gross-profit,research-development-expenses,selling-general-administrative-expenses,other-operating-income-expenses,operating-expenses,operating-income,total-non-operating-income-expense,pre-tax-income,total-provision-income-taxes,income-after-taxes,income-from-continuous-operations,net-income,ebitda,ebit,basic-shares-outstanding,shares-outstanding,eps-basic-net-earnings-per-share,eps-earnings-per-share-diluted,current-ratio,long-term-debt-capital,debt-equity-ratio,gross-margin,operating-margin,ebit-margin,pre-tax-profit-margin,net-profit-margin,asset-turnover,receiveable-turnover,days-sales-in-receivables,roe,return-on-tangible-equity,roa,roi,book-value-per-share,operating-cash-flow-per-share,free-cash-flow-per-share
2023-09-30,98.68000,30.76700,67.91300,24.75400,43.73700,,77.54200,-9.62900,1.67200,-7.95700,0.13400,-8.09100,-8.09100,-8.09100,-1.83200,-9.62900,202.52700,202.52700,-0.04000,-0.04000,1.31890,0.17470,0.22200,68.82140,-9.75780,-9.75780,-8.06340,-8.19920,0.04650,1.93130,46.60060,-1.24780,-2.05410,-0.38150,-1.02990,3.19570,0.0283,0.026
2023-06-30,91.15400,30.22100,60.93300,24.74000,47.79200,,81.41000,-20.47700,1.84100,-18.63600,0.13500,-18.77100,-18.77100,-18.77100,-12.98200,-20.47700,201.55900,201.55900,-0.09000,-0.09000,1.32170,0.17580,0.22380,66.84620,-22.46420,-22.46420,-20.44450,-20.59260,0.04370,1.71290,52.54130,-2.91240,-4.85490,-0.89920,-2.40040,3.18890,0.0456,0.0447
2023-03-31,86.82200,29.47300,57.34900,23.12200,42.76200,,74.47000,-17.12100,1.20100,-15.92000,0.07000,-15.99000,-15.99000,-15.99000,-9.66300,-17.12100,199.90090,199.90090,-0.08000,-0.08000,1.36460,0.17460,0.22200,66.05350,-19.71970,-19.71970,-18.33640,-18.41700,0.04450,1.63370,55.09030,-2.45720,-4.10560,-0.81990,-2.02810,3.23710,-0.12820,-0.12990
2022-12-31,86.17500,31.18800,54.98700,21.72900,48.48500,,78.67200,-23.68500,-1.23000,-24.91500,0.11400,-25.02900,-25.02900,-25.02900,-15.87300,-23.68500,198.04580,198.04580,-0.12000,-0.12000,1.29940,0.17340,0.22020,63.80850,-27.48480,-27.48480,-28.91210,-29.04440,0.03900,1.73450,51.88930,-3.80700,-6.37240,-1.13150,-3.14700,3.29650,0.0058,0.0033
2022-09-30,82.41100,29.89000,52.52100,21.99700,44.28300,,74.64500,-22.12400,-3.17800,-25.30200,0.06900,-25.37100,-25.37100,-25.37100,-14.04900,-22.12400,198.23400,198.23400,-0.13000,-0.13000,1.45910,0.21580,0.28320,63.73060,-26.84590,-26.84590,-30.70220,-30.78590,0.04310,1.55710,57.79980,-3.77350,-6.26600,-1.32640,-2.95910,3.38730,0.0047,0.0037
2022-06-30,76.56100,28.97900,47.58200,20.10700,40.42200,,68.83000,-21.24800,-4.42000,-25.66800,0.06900,-25.73700,-25.73700,-25.73700,-13.04100,-21.24800,197.86500,197.86500,-0.13000,-0.13000,1.43740,0.21140,0.27590,62.14910,-27.75310,-27.75310,-33.52620,-33.61630,0.03800,1.51550,59.38440,-3.73760,-6.14930,-1.27900,-2.94750,3.47640,-0.0269,-0.0344
2022-03-31,71.20300,27.80700,43.39600,20.07200,35.92700,,63.71700,-20.32100,-4.75700,-25.07800,0.06900,-25.14700,-25.14700,-25.14700,-12.32400,-20.32100,197.01750,197.01750,-0.13000,-0.13000,1.49230,0.20580,0.26680,60.94690,-28.53950,-28.53950,-35.22040,-35.31730,0.03690,1.51510,59.40260,-3.56760,-5.80870,-1.30190,-2.83330,3.56670,-0.12850,-0.13730
2021-12-31,69.26500,28.74700,40.51800,21.92200,70.08200,-0.83800,101.24600,-60.72800,-16.23200,-76.96000,-4.86300,-72.09700,-72.09700,-82.32200,-51.98500,-60.72800,85.06140,85.06140,-0.01000,-0.01000,1.39450,0.20030,0.25800,58.49710,-87.67490,-87.67490,-111.10950,-118.85080,0.03060,1.63030,55.20320,-9.97120,-15.78720,-3.18130,-7.97440,3.67400,-0.0847,-0.2499
2021-09-30,65.17600,25.79200,39.38400,15.67200,31.68200,,55.51800,-16.13400,-19.39100,-35.52500,0.00200,-35.52700,-35.52700,-40.53900,-7.63100,-16.13400,57.17460,57.17460,-0.71000,-0.71000,1.12100,0.38710,0.63830,60.42720,-24.75450,-24.75450,-54.50630,-62.19930,0.04470,1.56350,57.56320,6.23370,-286.78700,-2.43560,-7.85660,4.81130,0.0305,0.0205
2021-06-30,58.75400,23.01100,35.74300,13.62000,30.31700,-0.57400,51.60400,-15.86100,-6.00500,-21.86600,0.13300,-21.99900,-21.99900,-26.80100,-8.42800,-15.86100,54.56220,54.56220,-0.49000,-0.49000,1.24770,0.38040,0.62070,60.83500,-26.99560,-26.99560,-37.21620,-45.61560,0.04810,1.59430,56.45120,3.93280,-20.41020,-1.79970,-4.82270,1.44380,-0.37,-0.3753
2021-03-31,55.21400,22.54000,32.67400,13.93300,27.67500,,48.68500,-16.01100,-53.94700,-69.95800,0.06800,-70.02600,-70.02600,-74.62800,-8.59500,-16.01100,52.05750,52.05750,-1.43000,-1.43000,,,,59.17700,-28.99810,-28.99810,-126.70340,-135.16140,,,,,,,,,-0.38310,-0.38410
2020-12-31,,,,,,,,,,,,,,,,,,,,0.00000,,,,,,,,,,,,,,,,,0.5667,0.578
2020-09-30,47.60000,20.97200,26.62800,11.05500,22.12000,,40.12800,-13.50000,-4.42600,-17.92600,0.05800,-17.98400,-17.98400,-23.56100,-6.20730,-13.50000,55.72170,55.72170,-0.42000,-0.42000,,,,55.94120,-28.36130,-28.36130,-37.65970,-49.49790,,,,,,,,,-0.5667,-0.578
2020-06-30,,,,0.00000,,,,,,0.00000,0.00000,,0.00000,,,,,,,0.00000,,,,,,,,,,,,,,,,,0,0
2019-12-31,,,,,,,,,,,,,,,,,,,,0.00000,,,,,,,,,,,,,,,,,0,0
