Date,revenue,cost-goods-sold,gross-profit,research-development-expenses,selling-general-administrative-expenses,other-operating-income-expenses,operating-expenses,operating-income,total-non-operating-income-expense,pre-tax-income,total-provision-income-taxes,income-after-taxes,income-from-continuous-operations,income-from-discontinued-operations,net-income,ebitda,ebit,basic-shares-outstanding,shares-outstanding,eps-basic-net-earnings-per-share,eps-earnings-per-share-diluted,current-ratio,long-term-debt-capital,debt-equity-ratio,gross-margin,operating-margin,ebit-margin,pre-tax-profit-margin,net-profit-margin,asset-turnover,inventory-turnover,receiveable-turnover,days-sales-in-receivables,roe,return-on-tangible-equity,roa,roi,book-value-per-share,operating-cash-flow-per-share,free-cash-flow-per-share
2023-09-30,0.23600,0.24700,-0.01100,1.24900,2.49000,,3.73900,-3.75000,-1.47000,-5.22000,0.00800,-5.22800,-5.22800,,-5.22800,-2.58000,-3.75000,0.19640,0.19640,-26.19050,-26.19050,2.10810,,,-4.66100,-1588.98300,-1588.98300,-2211.86400,-2215.25400,0.00810,,0.15340,586.52550,-35.57680,-1827.97000,-17.86130,-35.57670,18.18680,217.067,216.7683
2023-06-30,0.64300,0.70800,-0.06500,4.65800,2.42700,,7.08500,-7.15000,-1.03600,-8.18600,0.00700,-8.19300,-8.19300,,-8.19300,-6.76000,-7.15000,0.05870,0.05870,-140.47620,-140.47620,0.33490,,-2.02540,-10.10890,-1111.97500,-1111.97500,-1273.09500,-1274.18300,0.02650,39.33330,14.61360,6.15860,117.56360,38.32440,-33.80650,117.56350,-118.20800,-155.0315,-155.1133
2023-03-31,0.47500,0.55100,-0.07600,6.00800,2.70800,,8.71600,-8.79200,-1.15500,-9.94700,0.00800,-9.95500,-9.95500,,-9.95500,-8.40900,-8.79200,0.04920,0.04920,-202.38100,-202.38100,0.82830,2.49110,-3.15400,-16.00000,-1850.94700,-1850.94700,-2094.10500,-2095.79000,0.01310,29.00000,0.55430,162.37890,158.84800,48.14760,-27.47340,-236.85460,-113.03260,-204.15710,-203.64930
2022-12-31,0.89600,0.61900,0.27700,6.17200,2.95900,,9.13100,-8.85400,-0.94900,-9.80300,0.00900,-9.81200,-9.81200,,-9.81200,-8.47000,-8.85400,0.03950,0.03950,-247.61900,-247.61900,0.74230,5.24540,-1.77880,30.91520,-988.16890,-988.16890,-1094.08400,-1095.08900,0.02690,30.95000,0.46690,192.75660,89.89460,38.74590,-29.40630,-381.64140,-275.56040,-100.0579,-100.0593
2022-09-30,14.94900,0.52800,14.42100,7.04200,3.28400,,10.32600,4.09500,-0.89800,3.19700,0.00500,3.19200,3.19200,,3.19200,4.48300,4.09500,0.03950,0.03950,80.95240,80.95240,1.07170,1.14010,-9.40140,96.46800,27.39310,27.39310,21.38610,21.35260,0.40900,24.00000,11.37670,7.91090,-157.39760,-19.41960,8.73400,22.05330,-51.29140,145.8029,144.8184
2022-06-30,1.03300,1.56700,-0.53400,8.51000,2.78400,,11.29400,-11.82800,-1.15400,-12.98200,0.00500,-12.98700,-12.98700,,-12.98700,-11.46200,-11.82800,0.03950,0.03950,-328.57140,-328.57140,0.97570,1.46630,-3.14450,-51.69410,-1145.01500,-1145.01500,-1256.72800,-1257.21200,0.03210,68.13040,0.55840,161.18100,218.23150,63.78680,-40.30230,-101.76310,-150.64280,-315.7868,-317.2051
2022-03-31,1.17300,0.72000,0.45300,9.58400,11.68400,,21.30600,-20.85300,-1.18900,-22.04200,0.00900,-22.05100,-22.05100,,-22.05100,-20.43600,-20.85300,0.03950,0.03950,-559.52380,-559.52380,2.44000,0.83950,5.23140,38.61890,-1777.74900,-1777.74900,-1879.11300,-1879.88100,0.01900,28.80000,0.49220,182.83890,-347.64380,273.38200,-35.62420,-55.78860,160.73650,-406.96560,-406.96560
2021-12-31,0.22000,0.42300,-0.20300,11.50900,5.98200,,17.75900,-17.96200,-1.18400,-19.14600,-0.01600,-19.13000,-19.13000,-0.06600,-19.19600,-17.31800,-17.96200,0.03500,0.03500,-456.77700,-456.77700,3.10970,0.58720,1.42250,-92.27300,-8164.54900,-8164.55200,-8702.73200,-8725.46200,0.00270,11.13160,0.04580,1963.22900,-82.87830,-221.54030,-23.84870,-34.21260,584.65050,-412.031,-412.2
2021-09-30,1.35000,0.90800,0.44200,10.55100,5.92600,,16.90500,-16.46300,-1.00000,-17.46300,0.00800,-17.47100,-17.47100,0.07600,-17.39500,-15.66700,-16.46300,0.03330,0.03330,-495.23810,-495.23810,4.04490,0.44620,0.80580,32.74070,-1219.48100,-1219.48100,-1293.55500,-1288.51900,0.01420,56.75000,0.34510,260.80000,-43.34270,-68.25680,-18.32190,-24.00130,1025.79000,-501.649,-504.089
2021-06-30,3.35500,0.08300,3.27200,12.56900,7.40400,,20.40100,-17.12900,-0.24400,-17.37300,-0.19900,-17.17400,-17.17400,0.06900,-17.10500,-16.56900,-17.12900,0.03370,0.03370,-502.38100,-502.38100,2.18530,0.44260,0.79410,97.52610,-510.55140,-510.55140,-517.82410,-509.83610,0.05240,4.15000,0.65550,137.29360,-79.55350,-266.38760,-26.79880,-44.34170,642.69710,-523.039,-522.9844
2021-03-31,0.47300,0.07700,0.39600,25.20600,5.34600,,30.97600,-30.58000,0.01700,-30.56300,0.01100,-30.57400,-30.57400,-0.10600,-30.68000,-30.12900,-30.58000,0.03100,0.03100,-914.65160,-914.65160,1.74870,,,83.72090,-6465.11600,-6465.11600,-6461.52200,-6486.25800,0.00750,,0.09120,986.76530,-92.21810,-173.86410,-48.26590,-92.21540,1063.53700,-591.03800,-591.71560
2020-12-31,1.49600,0.07900,1.41700,12.63600,4.61700,,17.75500,-16.33800,0.01100,-16.32700,-0.18500,-16.14200,-16.14200,0.49900,-15.64300,-15.80000,-16.33800,0.02330,0.02330,-457.32590,-6459.72800,1.70800,,,94.71920,-1092.11200,-1092.11200,-1091.37700,-1045.65500,0.03420,26.33330,0.34120,263.80350,-65.72210,-188.39870,-36.89180,-65.71940,936.01980,-739.0711,-739.367
2020-09-30,1.11100,0.07700,1.03400,8.87200,5.03500,,14.31100,-13.27700,0.01900,-13.25800,0.00300,-13.26100,-13.26100,-0.19800,-13.45900,-12.85100,-13.27700,0.02620,0.02620,-485.90870,-485.90870,2.47610,,,93.06930,-1195.04900,-1195.04900,-1193.33900,-1211.43100,0.01880,8.49890,0.18650,482.52590,-34.38540,-59.54840,-22.40520,-34.38430,1471.77100,-347.9469,-350.351
2020-06-30,1.33800,0.07800,1.26000,5.91700,6.75400,,13.07500,-11.81500,-1.46500,-13.28000,-0.45400,-12.82600,-12.82600,-0.45500,-13.28100,-11.38900,-11.81500,0.02200,0.02200,-543.07430,-543.07430,3.44260,,,94.17040,-883.03430,-883.03430,-992.52610,-992.60080,0.01930,6.39550,0.33580,268.03030,-25.35940,-37.86060,-18.53340,-25.35880,1930.13100,-346.363,-346.363
2020-03-31,2.75400,0.06600,2.68800,4.76800,3.35300,,34.10100,-31.41300,7.10100,-24.31200,-2.15700,-22.15500,-22.15500,1.03800,-21.11700,-30.96000,-31.41300,0.01890,0.01890,-971.81730,-4859.08600,1.66250,,,97.60350,-1140.63200,-1140.63200,-882.78860,-766.77560,0.06240,4.05510,0.64660,139.18180,-86.58530,-261.13920,-50.21580,-86.58110,1228.00400,-304.14400,-304.14400
2019-12-31,0.58080,0.04520,0.53560,2.90690,3.01680,0.00000,6.25840,-5.72280,0.06370,-5.65910,-0.02540,-5.63370,-5.63370,7.25470,1.62110,-5.10560,-5.72280,0.01500,0.01500,85.74850,-1600.64000,1.45750,,,92.21360,-985.32310,-985.32320,-974.35580,279.10330,0.01610,2.11980,0.11080,812.31600,-26.83640,-135.41820,-15.60190,-26.83280,1352.09400,-121.865,-122.013
2019-09-30,2.20120,0.13240,2.06890,1.74340,2.85220,,4.93040,-2.86160,0.05270,-2.80890,0.12160,-2.93050,-2.93050,-1.08600,-4.01650,-1.73160,-2.86160,0.01510,0.01510,-200.08000,-200.08000,0.72930,0.43890,0.83990,93.98600,-129.99830,-129.99830,-127.60360,-182.46390,0.03850,0.32910,0.42630,211.13530,-16.08530,11.82360,-5.12380,-9.02350,1180.80200,-496.6001,-496.7604
2019-06-30,1.39190,-1.49670,2.88860,3.71260,2.66650,1.27720,5.43670,-2.54810,0.05730,-2.49070,0.05340,-2.54420,-2.54420,-3.67890,-6.22310,0.02360,-2.54810,0.01500,0.01500,-314.41150,-314.41150,0.74070,0.44660,0.86620,207.52440,-183.05860,-183.05860,-178.94040,-447.08030,0.02330,-2.42330,0.46350,194.18690,-14.37930,9.65630,-4.26730,-7.95670,1179.09900,-440.9271,-446.594
2019-03-31,2.57640,0.75250,1.82380,3.40120,3.07190,-0.02090,6.82880,-5.00490,-0.02680,-5.03170,0.13070,-5.16240,-5.16240,-2.29170,-7.45400,-3.88390,-5.00490,0.01440,0.01440,-371.57720,-1915.05200,0.95060,0.38220,0.66410,70.79040,-194.26340,-194.26340,-195.30210,-289.32380,0.03440,0.71880,0.31230,288.17610,-22.33090,22.01330,-6.89510,-13.79430,1545.70500,-216.11980,-227.61060
2018-12-31,-6.31430,-2.13720,-4.17710,2.00630,-2.66630,0.47180,-2.61910,-1.55800,0.63630,-0.92170,-0.14150,-0.78020,-0.78020,,-5.55890,-0.29830,-1.55800,0.01220,0.01220,-514.49180,-514.49180,0.83660,,,66.15310,24.67410,24.67410,14.59770,88.03660,-0.08990,-6.72240,-1.03780,-86.72490,-3.73210,-28.54310,-1.11060,-3.73160,1464.57000,-162.0494,-203.0754
2018-09-30,4.07480,3.11130,0.96350,1.04790,4.19510,-0.08480,25.27680,-24.31330,-0.23780,-24.55120,0.05240,-24.60360,-24.60360,,-24.60360,-22.99760,-24.31330,0.01210,0.01210,-2029.38300,-2029.38300,0.74160,0.42390,0.78950,23.64530,-596.67710,-596.67710,-602.51410,-603.80040,0.06030,2.92290,0.43940,204.81370,-126.12110,83.80170,-36.38930,-72.66240,1370.69000,-40.6331,-43.7012
2018-06-30,4.78510,1.42300,3.36220,1.08270,5.08400,-0.01320,9.11480,-5.75260,-0.23850,-5.99110,0.01640,-6.00750,-6.00750,,-6.00750,-2.67940,-5.75260,0.01130,0.01130,-543.07430,-543.07430,0.62160,0.42790,0.80270,70.26300,-120.21880,-120.21880,-125.20280,-125.54450,0.07700,0.92370,0.66890,134.55450,-31.25730,19.47060,-9.66680,-17.88150,1625.71700,-28.8403,-29.3843
2018-03-31,4.48280,0.86360,3.61920,1.64980,4.44370,-0.26280,7.37370,-3.75450,-0.10500,-3.85950,0.02330,-3.88280,-3.88280,,-3.88280,-2.68600,-3.75450,0.01100,0.01100,-342.99430,-342.99430,0.90560,0.37250,0.62550,80.73460,-83.75470,-83.75470,-86.09700,-86.61700,0.06860,0.25100,0.67510,133.31810,-15.79490,14.27750,-5.94060,-9.91200,2237.00800,-25.59490,-27.34950
2017-12-31,2.23350,,2.23350,1.96130,3.59010,,,-4.35710,0.00190,-4.35510,-1.26350,-3.09160,-3.09160,,-7.18940,-3.81070,-4.35710,0.00640,0.00660,657.40580,657.40580,0.96260,,,71.54070,-195.07390,-195.07390,-194.98720,-321.88250,0.05220,,0.31390,286.68360,-11.09720,75.45810,-7.22230,-11.09720,2546.79800,-102.777,-105.266
2017-09-30,25.03760,,25.03760,0.96460,2.15190,,,21.92120,0.02950,21.95060,3.23000,18.72060,18.72060,,18.72060,21.92650,21.92120,0.00750,0.00750,1486.30900,1486.30900,5.81530,,,100.00000,87.55300,87.55300,87.67060,74.77000,0.88770,,6.62210,13.59090,84.63070,84.63070,66.37680,84.63070,2426.64700,2880.7005,2880.0225
2017-06-30,0.15780,,0.15780,0.49360,1.43910,,,-1.77500,-0.02350,-1.79850,,-1.79850,-1.79850,,-1.79850,-1.76910,-1.77500,0.00460,0.00460,-400.16010,-400.16010,3.58040,,0.19380,100.00000,-1124.83900,-1124.83900,-1139.74300,-1139.74300,0.02610,,2.09720,42.91370,-57.35990,-57.35980,-29.73870,-57.35980,634.93740,-235.1514,-235.0355
2017-03-31,0.38420,,0.38420,0.95310,1.33030,,,-1.89910,-0.06150,-1.96060,,-1.96060,-1.96060,,-1.96060,-1.89330,-1.89910,0.00360,0.00360,-543.07430,-543.07430,1.26390,,-3.50520,100.00000,-494.29970,-494.29970,-510.30910,-510.30910,0.10790,,2.05060,43.88970,460.50490,460.50540,-55.06220,460.50520,-111.63550,-625.72910,-626.23300
2016-12-31,0.18100,,0.18100,0.77320,1.09410,,,-1.68630,0.04760,-1.63870,,-1.63870,-1.63870,,-1.63870,-1.68000,-1.68630,0.00310,0.00310,-485.90860,-485.90860,1.31330,,11.37030,100.00000,-931.67390,-931.67410,-905.35190,-905.35190,0.03140,,1.36630,65.86930,-791.61300,-791.63680,-28.40600,-791.63750,62.71590,-1172.127,-1175.046
2016-09-30,0.32150,,0.32150,4.58160,1.70320,,,-5.96330,-0.20540,-6.16870,,-6.16870,-6.16870,,-6.16870,-5.95620,-5.96330,0.00310,0.00310,-2000.80000,-2000.80000,1.26630,,5.43570,100.00000,-1854.85300,-1854.85300,-1918.75000,-1918.75000,0.03350,,0.84770,106.16910,-1051.20800,-1051.19900,-64.37330,-1051.20000,184.82570,-1091.146,-1093.188
2016-06-30,0.65050,,0.65050,2.50180,1.63680,,,-3.48800,-0.03610,-3.52420,,-3.52420,-3.52420,,-3.52420,-3.48140,-3.48800,0.00300,0.00300,-1171.89700,-1171.89700,1.99390,0.09890,0.71840,100.00000,-536.21850,-536.21850,-541.77170,-541.77170,0.04940,,1.00000,90.00000,-63.25930,-63.25930,-26.75540,-57.00610,1840.82900,-1229.098,-1232.488
2016-03-31,,,,2.29330,2.64910,,,-4.94240,-0.19760,-5.14000,,-5.14000,-5.14000,,-5.14000,-4.93560,-4.94240,0.00300,0.00300,-1686.38900,-1686.38900,2.73690,0.14350,0.53950,,,,,,,,,,-57.87630,-57.87640,-30.36160,-49.57210,2934.62500,-1224.76700,-1227.70700
2015-12-31,,,,1.75120,1.92430,,,-3.67550,0.02690,-3.64860,,-3.64860,-3.64860,,-3.64860,-3.66930,-3.67550,0.00080,0.00080,16606.64000,16606.64000,3.69620,0.15250,0.42510,,,,,,,,,,-27.88620,-27.88620,-16.84660,-23.63480,4323.35700,5.6213,5.6431
2015-09-30,,,,1.23740,0.72170,,,-1.95900,1.26800,-0.69110,,-0.69110,-0.69110,,-0.69110,-1.95270,-1.95900,0.00020,0.00020,-3029.78300,-3029.78300,0.51290,-2.43930,-1.40370,,,,,,,,,,2.10370,15.33880,-12.67720,52.75460,-6.94140,-2.7961,-2.8269
2015-06-30,,,,1.87530,1.01610,,,-2.89140,-0.02140,-2.91270,,-2.91270,-2.91270,,-2.91270,-2.88580,-2.89140,0.00020,0.00020,-12805.12000,-12805.12000,,,,,,,,,,,,,,,,,,-2.6668,-2.6668
2015-03-31,,,,1.72330,0.76080,,,-2.48410,-0.75360,-3.23770,,-3.23770,-3.23770,,-3.23770,-2.47860,-2.48410,0.00020,0.00020,-14234.27000,-14234.27000,,,,,,,,,,,,,,,,,,-4.72870,-4.72870
2014-12-31,,,,,,,,,,,,,,,,,,,,,0.00000,,,,,,,,,,,,,,,,,,17.8744,17.9046
2014-09-30,,,,4.37100,1.62750,,,-5.99850,0.15860,-5.83990,,-5.83990,-5.83990,,-5.83990,-5.99850,-5.99850,0.00020,0.00020,-25810.32000,-25810.32000,,,,,,,,,,,,,,,,,,-17.8744,-17.9046
2013-12-31,,,,,,,,,,,,,,,,,,,,,0.00000,,,,,,,,,,,,,,,,,,0,0
