Date,revenue,cost-goods-sold,gross-profit,research-development-expenses,selling-general-administrative-expenses,other-operating-income-expenses,operating-expenses,operating-income,total-non-operating-income-expense,pre-tax-income,total-provision-income-taxes,income-after-taxes,income-from-continuous-operations,net-income,ebitda,ebit,basic-shares-outstanding,shares-outstanding,eps-basic-net-earnings-per-share,eps-earnings-per-share-diluted,current-ratio,long-term-debt-capital,debt-equity-ratio,gross-margin,operating-margin,ebit-margin,pre-tax-profit-margin,net-profit-margin,asset-turnover,inventory-turnover,receiveable-turnover,days-sales-in-receivables,roe,return-on-tangible-equity,roa,roi,book-value-per-share,operating-cash-flow-per-share,free-cash-flow-per-share
2023-12-31,1297.30000,873.80000,423.50010,17.80000,214.90000,-7.50000,262.30000,161.20000,-59.40000,101.80000,28.20000,73.60000,73.60000,73.10000,231.90000,161.19980,221.00000,221.90000,0.34000,0.34000,1.97640,0.66240,1.97660,32.64470,12.42580,12.42580,7.84710,5.63480,0.17840,1.17910,1.02970,87.40540,4.15160,-7.76540,1.01210,1.40160,6.98780,1.2889,1.142
2023-09-30,1309.00000,885.50000,423.50000,18.50000,209.00000,-11.70000,260.10000,163.40000,-60.80000,102.60000,29.30000,73.30000,73.30000,72.90000,236.80000,163.40000,221.00000,221.90000,0.33000,0.33000,2.05090,0.68050,2.14890,32.35290,12.48280,12.48280,7.83800,5.56910,0.18710,1.18070,1.00610,89.45680,4.44620,-8.40600,1.04770,1.42080,7.49020,0.9477,0.8054
2023-06-30,1293.90000,904.40000,389.50000,18.60000,210.20000,-2.10000,251.90000,137.60010,-63.10000,74.50000,13.40000,61.10000,61.10000,60.90000,206.10010,137.60010,221.60000,222.50000,0.27000,0.27000,2.02350,0.67630,2.11240,30.10280,10.63450,10.63450,5.75780,4.70670,0.18370,1.17960,1.01790,88.41410,3.61750,-6.67980,0.86750,1.17100,7.61840,0.5892,0.4434
2023-03-31,1283.90000,901.90000,382.00000,19.10000,206.00000,-7.10000,256.70000,125.30000,-49.50000,75.80000,15.30000,60.50000,60.50000,60.50000,196.80000,125.30000,221.20000,222.10000,0.27000,0.27000,2.05040,0.69060,2.25780,29.75310,9.75930,9.75930,5.90390,4.71220,0.18340,1.12940,1.09770,81.98770,3.74540,-6.03970,0.86420,1.15880,7.29260,-0.23320,-0.41960
2022-12-31,1236.70000,865.20000,371.49990,16.80000,200.80000,-13.70000,261.70000,109.79990,-52.40000,57.40000,13.50000,43.90000,43.90000,43.60000,185.79990,109.79990,221.70000,222.30000,0.20000,0.20000,1.94460,0.71010,2.47040,30.03960,8.87850,8.87850,4.64140,3.52550,0.17520,1.04290,1.15860,77.67930,2.92760,-3.95210,0.62190,0.84870,5.94100,1.1037,0.9109
2022-09-30,1238.70000,876.60000,362.10000,16.50000,186.40000,-5.30000,238.60000,123.49990,-38.40000,85.10000,21.80000,63.30000,63.30000,62.40000,200.39990,123.49990,220.60000,221.20000,0.28000,0.28000,1.97700,0.73520,2.82700,29.23230,9.97010,9.97010,6.87010,5.03750,0.18170,1.05690,1.11910,80.42380,4.79760,-5.43580,0.92830,1.27040,5.98100,0.3611,0.2003
2022-06-30,1234.90000,886.40000,348.50000,16.70000,191.70000,-4.80000,244.90000,103.60000,-40.70000,62.90000,18.80000,44.10000,44.10000,44.10000,183.30000,103.60000,221.00000,221.40000,0.20000,0.20000,1.93340,0.72970,2.74490,28.22090,8.38930,8.38930,5.09350,3.57110,0.17790,1.10870,1.12200,80.21220,3.21240,-3.39700,0.63520,0.86820,6.22590,0.0517,-0.0847
2022-03-31,1174.10000,837.40000,336.70000,16.40000,193.50000,-7.70000,250.40000,86.29990,-34.40000,51.90000,11.00000,40.90000,40.90000,41.50000,166.39990,86.29990,224.70000,225.20000,0.18000,0.18000,1.87090,0.72460,2.68460,28.67730,7.35030,7.35030,4.42040,3.53460,0.16580,1.09610,1.14010,78.93880,2.87790,-2.94100,0.57760,0.79260,6.41920,-0.19490,-0.38370
2021-12-31,1137.20000,804.70000,332.50010,15.60000,194.40000,5.50000,237.80000,94.70010,-32.10000,62.60000,9.20000,53.40000,53.40000,53.20000,178.70010,94.70030,231.00000,231.90000,0.24000,0.24000,1.92940,0.70910,2.48890,29.23850,8.32750,8.32750,5.50470,4.67820,0.15760,1.20160,1.21300,74.19540,3.47050,-4.00840,0.73990,1.00970,6.76650,1.1518,1.0552
2021-09-30,1088.60000,745.30000,343.30000,15.40000,181.00000,7.60000,218.60000,124.70000,-31.40000,93.30000,24.40000,68.90000,68.90000,69.10000,206.50000,124.70000,229.90000,230.70000,0.30000,0.30000,1.96910,0.71870,2.58390,31.53590,11.45510,11.45510,8.57060,6.34760,0.15050,1.09940,1.03670,86.81700,4.63320,-4.73310,0.95260,1.30340,6.51380,0.627,0.4575
2021-06-30,1126.80000,752.80000,374.00010,15.80000,184.20000,45.70000,183.60000,190.40010,-25.30000,165.10000,38.70000,126.40000,126.40000,126.40000,271.40010,190.40010,232.50000,233.50000,0.54000,0.54000,2.50630,0.71300,2.51020,33.19130,16.89740,16.89740,14.65210,11.21760,0.15630,1.22510,1.08800,82.72360,8.23290,-14.77330,1.75330,2.36320,6.63480,0.4613,0.3385
2021-03-31,1063.60000,684.50000,379.10000,15.60000,179.10000,-102.80000,326.50000,52.60000,-33.10000,19.50000,3.80000,15.70000,15.70000,15.20000,131.20000,52.60000,233.90000,234.70000,0.06000,0.06000,2.42900,0.73050,2.74580,35.64310,4.94550,4.94550,1.83340,1.42910,0.15150,1.17570,1.17880,76.35110,1.11680,-1.65300,0.22360,0.30100,6.03870,0.16870,0.03320
2020-12-31,1074.50000,677.79990,396.70040,14.00000,178.90000,-11.90000,233.50000,163.20030,-70.00000,93.20000,22.90000,70.30000,70.30000,69.70000,242.10030,163.20010,235.20000,236.00000,0.30000,0.30000,2.47770,0.72180,2.63060,36.91950,15.18850,15.18850,8.67380,6.48670,0.15010,1.21060,1.23530,72.85430,4.75060,-7.29330,0.98220,1.32190,6.30240,1.1797,1.0699
2020-09-30,1026.90000,634.10000,392.80000,13.40000,166.50000,-42.60000,251.10000,141.70010,-42.10000,99.60000,17.10000,82.50000,82.50000,82.50000,224.80010,141.70010,235.30000,236.00000,0.35000,0.35000,2.67580,0.74340,2.93180,38.25110,13.79880,13.79880,9.69910,8.03390,0.14590,1.18150,1.24590,72.23490,5.95800,-8.17070,1.17250,1.52900,5.87980,0.989,0.9312
2020-06-30,652.70000,499.20000,153.50000,11.20000,154.20000,-24.70000,218.00010,-64.50010,-33.90000,-98.40000,-15.20000,-83.20000,-83.20000,-82.80000,14.00000,-64.50010,235.20000,235.20000,-0.35000,-0.35000,2.88090,0.75970,3.19510,23.51770,-9.88200,-9.88200,-15.07580,-12.68580,0.09790,0.92560,0.98300,91.55810,-6.61050,7.50360,-1.24760,-1.58820,5.34660,-0.0072,-0.0913
2020-03-31,983.50000,646.80000,336.70000,16.60000,195.40000,-31.60000,271.59990,65.10010,-37.30000,27.80000,-24.60000,52.40000,52.40000,52.20000,153.90010,65.10010,234.90000,235.90000,0.22000,0.22000,2.17370,0.72180,2.62510,34.23490,6.61920,6.61920,2.82660,5.30760,0.15390,1.08510,1.26480,71.15810,3.90810,-5.05990,0.81990,1.08710,5.69830,-0.00340,-0.09960
2019-12-31,1098.40000,710.80000,387.60020,16.70000,204.90000,-29.30000,278.89970,108.70040,-39.50000,69.20000,27.00000,42.20000,42.20000,41.70000,196.50040,108.70050,233.90000,235.80000,0.17000,0.18000,2.39850,0.72890,2.72000,35.28770,9.89630,9.89630,6.30010,3.79640,0.16110,1.20150,1.32320,68.01620,2.99380,-4.12430,0.61900,0.81160,6.00090,1.1998,1.0366
2019-09-30,1107.00000,707.40000,399.60000,17.40000,199.20000,-31.80000,276.60010,122.99990,-38.30000,84.70000,18.30000,66.40000,66.40000,65.50000,212.29990,122.99990,233.90000,235.50000,0.28000,0.28000,2.35100,0.73790,2.84740,36.09760,11.11110,11.11110,7.65130,5.91690,0.16550,1.18430,1.18310,76.07320,4.95630,-6.14810,0.99250,1.29890,5.71060,0.9383,0.825
2019-06-30,1157.50000,748.40000,409.10000,17.90000,202.40000,-2.50000,251.20010,157.89990,-40.10000,117.80000,17.90000,99.90000,99.90000,98.40000,248.79990,157.89990,233.30000,235.40000,0.42000,0.42000,2.31950,0.74470,2.95010,35.34340,13.64150,13.64150,10.17710,8.50110,0.17290,1.22510,1.18040,76.24540,7.64290,-8.32010,1.49260,1.95140,5.60270,0.537,0.4232
2019-03-31,1119.30000,751.30000,368.00010,18.20000,215.60000,-7.10000,269.40000,98.60010,-40.30000,58.30000,14.20000,44.10000,44.10000,43.40000,192.40010,98.60010,234.10000,236.60000,0.19000,0.18000,2.21400,0.74850,3.01070,32.87770,8.80910,8.80910,5.20860,3.87740,0.16770,1.19860,1.21600,74.01500,3.44640,-3.53560,0.66080,0.86660,5.46370,-0.24470,-0.33140
2018-12-31,1165.80000,777.40010,388.39990,18.80000,130.60000,,260.59990,127.79960,-44.70000,83.10000,6.30000,76.80000,76.80000,75.40000,224.19960,127.79960,239.00000,242.90000,0.32000,0.31000,2.21950,0.74470,2.94850,33.31620,10.96240,10.96240,7.12820,6.46770,0.17460,1.26820,1.35430,66.45390,5.86040,-6.05540,1.15040,1.49640,5.56240,1.0139,0.8822
2018-09-30,1146.00000,759.10000,386.90000,17.00000,293.40000,,339.10000,47.80010,-45.30000,2.50000,14.10000,-11.60000,-11.60000,-13.10000,142.50000,47.80010,238.70000,238.70000,-0.05000,-0.05000,2.22650,0.74100,2.89320,33.76090,4.17100,4.17100,0.21820,-1.14310,0.16950,1.22710,1.19600,75.25130,-0.86170,0.89920,-0.17160,-0.22320,5.61810,0.5338,0.3801
2018-06-30,1212.20000,793.80000,418.40000,18.00000,224.60000,,271.90000,146.50000,-47.40000,99.10000,22.00000,77.10000,77.10000,74.90000,238.70000,146.50000,240.30000,244.60000,0.31000,0.31000,2.27160,0.73210,2.76130,34.51580,12.08550,12.08550,8.17520,6.17880,0.18100,1.32320,1.24390,72.35190,5.48400,-6.19380,1.15140,1.46910,5.84330,0.5801,0.4358
2018-03-31,1172.00000,776.00000,396.00000,19.30000,227.80000,,276.00000,120.00000,-37.20000,82.80000,11.80000,71.00000,71.00000,69.90000,213.80000,120.00000,240.90000,245.80000,0.29000,0.28000,2.25890,0.72000,2.59860,33.78840,10.23890,10.23890,7.06480,5.96420,0.16870,1.20910,1.24560,72.25340,4.65760,-5.61620,1.02200,1.30420,6.21440,-0.08540,-0.24610
2017-12-31,1172.40000,746.60000,425.80020,16.70000,217.60000,,323.90000,101.90000,-37.10000,64.80000,120.40000,-55.60000,-55.60000,-61.50000,195.40000,101.89990,240.40000,246.10000,-0.26000,-0.24000,2.13970,0.73370,2.78140,36.31870,8.69160,8.69160,5.52710,-5.24560,0.17160,1.22680,1.34730,66.80140,-3.94940,4.30470,-0.81380,-1.05190,5.77200,0.9477,0.7945
2017-09-30,1096.30000,702.50000,393.80000,16.60000,246.50000,,289.90000,103.90010,-45.50000,58.40000,2.10000,56.30000,56.30000,54.90000,194.40010,103.90010,240.70000,245.80000,0.23000,0.22000,2.11000,0.72940,2.72120,35.92080,9.47730,9.47730,5.32700,5.00780,0.16090,1.12510,1.23320,72.98190,3.92530,-4.43340,0.82640,1.06240,5.88790,0.8559,0.7395
2017-06-30,1094.60000,690.00000,404.60000,16.40000,246.00000,,357.10000,47.50000,-56.90000,-9.40000,9.50000,-18.90000,-18.90000,-20.80000,134.50000,47.50000,240.90000,240.90000,-0.09000,-0.09000,2.13430,0.73320,2.77320,36.96330,4.33950,4.33950,-0.85880,-1.90020,0.16440,1.18950,1.13850,79.04810,-1.35820,1.49490,-0.28390,-0.36240,5.72630,0.4097,0.3026
2017-03-31,1013.70000,641.40000,372.30000,15.60000,224.60000,,261.90000,110.40000,-34.60000,75.80000,9.90000,65.90000,65.90000,64.10000,194.90000,110.40000,239.80000,246.10000,0.27000,0.26000,2.27290,0.70320,2.39000,36.72680,10.89080,10.89080,7.47760,6.32340,0.17010,1.14720,1.16220,77.43710,4.76220,-8.40780,1.10560,1.41350,5.72050,-0.01910,-0.15030
2016-12-31,1034.20000,643.00000,391.20000,16.10000,260.70000,,356.29970,34.90030,-53.40000,-18.50000,15.60000,-34.10000,-34.10000,-36.20000,124.40030,34.90020,238.10000,244.40000,-0.15000,-0.15000,2.03800,0.72190,2.61820,37.82630,3.37460,3.37460,-1.78880,-3.50030,0.17630,1.21390,1.28970,69.78440,-2.73540,4.02220,-0.58130,-0.76070,5.18340,0.8994,0.7417
2016-09-30,1026.30000,630.40000,395.90000,14.90000,242.30000,,278.50000,117.40000,-130.30000,-12.90000,-7.50000,-5.40000,-5.40000,-6.60000,203.10000,117.40000,238.50000,238.50000,-0.03000,-0.03000,2.26240,0.72040,2.61670,38.57550,11.43920,11.43920,-1.25690,-0.64310,0.16710,1.15540,1.17790,76.40750,-0.40580,0.58380,-0.08790,-0.11350,5.54270,0.6277,0.4934
2016-06-30,1070.60000,649.00000,421.60000,14.10000,237.70000,,272.10000,149.50000,-80.60000,68.90000,16.60000,52.30000,52.30000,50.70000,233.10000,149.50000,237.70000,244.30000,0.21000,0.21000,2.30770,0.72440,2.67230,39.37980,13.96410,13.96410,6.43560,4.73570,0.18350,1.24880,1.27670,70.49690,4.16800,-6.30800,0.89620,1.14870,5.24800,0.816,0.7163
2016-03-31,961.60000,606.40000,355.20000,12.60000,219.10000,,251.90000,103.29990,-58.10000,45.20000,13.40000,31.80000,31.80000,30.90000,184.39990,103.29990,237.10000,243.40000,0.13000,0.13000,2.40400,0.73930,2.87990,36.93840,10.74250,10.74250,4.70050,3.21340,0.16490,1.11590,1.21310,74.19200,2.64780,-3.46290,0.54520,0.69040,5.03560,-0.05460,-0.22020
2015-12-31,1006.30000,639.20000,367.09990,12.90000,237.10000,,270.20020,96.89970,-46.30000,50.60000,13.60000,37.00000,37.00000,36.50000,184.19970,96.89990,233.80000,239.70000,0.15000,0.15000,2.11180,0.74820,3.01570,36.48020,9.62930,9.62930,5.02830,3.62710,0.17260,1.20440,1.31410,68.49050,3.24220,-3.78090,0.63460,0.81630,4.79700,1.0296,0.8429
2015-09-30,1005.10000,628.60000,376.50000,13.00000,219.20000,,252.60000,123.90000,-69.70000,54.20000,17.80000,36.40000,36.40000,35.10000,204.60000,123.90000,235.90000,240.90000,0.15000,0.15000,2.30770,0.76040,3.21790,37.45900,12.32710,12.32710,5.39250,3.49220,0.17040,1.16260,1.20620,74.61650,3.29620,-3.45150,0.61710,0.78980,4.64770,0.6585,0.5127
2015-06-30,1101.10000,679.70000,421.40000,12.80000,245.50000,,278.40000,143.00000,-137.80000,5.20000,29.50000,-24.30000,-24.30000,-25.10000,225.70000,143.00000,232.30000,232.30000,-0.11000,-0.11000,2.22650,0.75930,3.20020,38.27080,12.98700,12.98700,0.47230,-2.27950,0.18570,1.22470,1.26640,71.06980,-2.18490,2.28170,-0.40970,-0.52590,4.72070,0.438,0.3273
2015-03-31,997.50000,649.80000,347.70000,12.90000,213.00000,,245.90000,101.80000,-53.90000,47.90000,1.20000,46.70000,46.70000,45.10000,179.40000,101.80000,229.80000,237.00000,0.20000,0.19000,2.19400,0.77290,3.44240,34.85710,10.20550,10.20550,4.80200,4.52130,0.16910,1.20040,1.19750,75.15790,4.45530,-4.18680,0.79170,1.01190,4.56140,-0.41650,-0.54940
2014-12-31,1087.00000,723.10010,363.89980,12.70000,244.80000,,277.99990,85.89990,-101.10000,-15.20000,-16.10000,0.90000,0.90000,-2.20000,170.79990,85.89990,229.30000,230.30000,0.00000,0.00000,1.97830,0.76270,3.25030,33.47750,7.90250,7.90250,-1.39830,-0.20240,0.17620,1.34330,1.32500,67.92640,0.08090,-0.07570,0.01460,0.01920,4.83900,0.8328,0.6928
2014-09-30,1115.80000,728.10000,387.70010,13.40000,249.40000,,283.70000,104.00000,-114.80000,-10.80000,7.50000,-18.30000,-18.30000,-19.90000,185.60000,104.00000,229.50000,229.50000,-0.09000,-0.09000,2.00230,0.75300,3.07740,34.74640,9.32070,9.32070,-0.96790,-1.78350,0.17480,1.25450,1.21400,74.13430,-1.50920,1.55900,-0.28670,-0.37280,5.27720,0.1991,-0.0393
2014-06-30,1134.30000,742.50000,391.80000,12.10000,250.60000,,284.00000,107.80000,-53.30000,54.50000,-1.30000,55.80000,55.80000,53.80000,184.70000,107.80000,229.10000,229.30000,0.23000,0.23000,,,,34.54110,9.50370,9.50370,4.80470,4.74300,,,,,,,,,,0.353,0.1325
2014-03-31,1054.40000,703.50000,350.90000,11.30000,246.70000,,279.10000,71.80010,-63.50000,8.30000,12.00000,-3.70000,-3.70000,-4.30000,158.10000,71.80010,229.10000,229.10000,-0.02000,-0.02000,,,,33.27960,6.80960,6.80960,0.78720,-0.40780,,,,,,,,,,-0.29330,-0.51240
2013-12-31,,,,,,,,,,,,,,,,,,,,0.00000,,,,,,,,,,,,,,,,,,-1.1569,-0.8207
2013-09-30,1082.80000,739.10000,343.70010,12.50000,276.70000,,310.20000,33.50000,-53.40000,-19.90000,-26.30000,6.40000,6.40000,5.00000,33.50000,33.50000,228.10000,228.10000,0.02000,0.02000,,,,31.74180,3.09380,3.09380,-1.83780,0.46180,,,,,,,,,,1.1569,0.8207
2012-12-31,,,,,,,,,,,,,,,,,,,,0.00000,,,,,,,,,,,,,,,,,,0,0
2011-12-31,,,,,,,,,,,,,,,,,,,,0.00000,,,,,,,,,,,,,,,,,,0,0
