Date,revenue,cost-goods-sold,gross-profit,selling-general-administrative-expenses,other-operating-income-expenses,operating-expenses,operating-income,total-non-operating-income-expense,pre-tax-income,total-provision-income-taxes,income-after-taxes,income-from-continuous-operations,net-income,ebitda,ebit,basic-shares-outstanding,shares-outstanding,eps-basic-net-earnings-per-share,eps-earnings-per-share-diluted,current-ratio,long-term-debt-capital,debt-equity-ratio,gross-margin,operating-margin,ebit-margin,pre-tax-profit-margin,net-profit-margin,asset-turnover,receiveable-turnover,days-sales-in-receivables,roe,return-on-tangible-equity,roa,roi,book-value-per-share,operating-cash-flow-per-share,free-cash-flow-per-share
2023-09-30,54.10600,30.67100,23.43500,3.19200,,16.61800,6.81700,-60.61600,-53.79900,,-53.79900,-53.79900,-57.66200,22.18900,6.81700,16.45700,16.45700,-3.50000,-3.50000,0.53250,0.78990,4.86340,43.31310,12.59930,12.59930,-99.43260,-106.57230,0.11850,1.99090,45.20630,-131.75690,-131.75690,-11.77840,-27.68750,2.48110,0.1468,-0.091
2023-06-30,54.27200,34.00700,20.26500,5.24300,,19.95600,0.30900,-5.05700,-4.74800,,-4.74800,-4.74800,-5.74500,17.06700,0.30900,16.45700,16.45700,-0.35000,-0.35000,0.49210,0.62290,2.08070,37.33970,0.56940,0.56940,-8.74850,-10.58560,0.12530,2.30770,39.00020,-4.78050,-4.78050,-1.09590,-1.80270,6.03520,0.5673,0.314
2023-03-31,65.14200,32.73300,32.40900,5.13700,,21.28500,11.12400,11.68700,22.81100,,22.81100,22.81100,22.81100,29.07000,11.12400,16.39300,16.53500,1.29000,1.28000,0.61350,0.62260,2.02840,49.75130,17.07650,17.07650,35.01740,35.01740,0.14040,2.00710,44.84110,21.55640,21.55640,4.91640,8.13640,6.43010,-0.04170,-1.71640
2022-12-31,76.80200,33.15000,43.65200,3.56400,,19.04300,24.60900,-32.26100,-7.65200,,-7.65200,-7.65200,-7.65200,42.81000,24.60900,16.33100,16.51000,-0.45000,-0.40000,0.53430,0.68340,2.57290,56.83710,32.04210,32.04220,-9.96330,-9.96330,0.15820,2.02250,44.49960,-9.04190,-9.04190,-1.57660,-2.86270,5.17760,1.5081,-0.8059
2022-09-30,99.14900,37.10000,62.04900,4.49800,,18.11300,43.93600,61.95200,105.88800,,105.88800,105.88800,105.88800,58.47000,43.93600,16.34000,16.48300,6.48000,6.42000,0.55480,0.66260,2.23790,62.58160,44.31310,44.31310,106.79680,106.79680,0.20760,2.48700,36.18830,115.92350,115.92350,22.17540,39.11420,5.58880,1.5487,-0.6381
2022-06-30,101.51100,34.53300,66.97800,4.58800,,17.18900,49.78900,-36.74200,13.04700,,13.04700,13.04700,13.04700,63.29800,49.78900,16.33800,16.51000,0.80000,0.79000,0.50690,1.08910,-13.19480,65.98100,49.04790,49.04790,12.85280,12.85280,0.22600,1.91520,46.99180,-84.64940,-84.64940,2.90440,7.54340,-0.94340,0.9772,-1.2095
2022-03-31,81.60200,32.59500,49.00700,4.98500,,15.20500,33.80200,-126.54600,-92.74400,,-92.74400,-92.74400,-92.74400,44.92100,33.80200,16.30300,16.30300,-5.69000,-5.69000,0.48360,1.19570,-6.28140,60.05610,41.42300,41.42300,-113.65410,-113.65410,0.19860,1.88130,47.83890,319.27870,319.27840,-22.57700,-62.48970,-1.77810,0.73890,-0.22310
2021-12-31,84.50500,33.35500,51.15000,3.16500,,15.84400,35.30600,-9.37100,25.93500,,25.93500,25.93500,25.93500,48.36400,35.30600,16.26100,16.26100,1.61000,1.62000,0.72300,0.74030,2.85140,60.52900,41.77980,41.77980,30.69050,30.69050,0.21650,2.29600,39.19940,40.71110,40.71110,6.64550,10.57410,3.91450,1.348,0.9675
2021-09-30,80.81600,31.98500,48.83100,4.49100,,15.37600,33.45500,-20.40300,13.05200,,13.05200,13.05200,13.05200,44.34000,33.45500,16.27000,16.42800,0.80000,0.79000,0.32570,0.80630,4.16590,60.42240,41.39650,41.39650,16.15030,16.15030,0.23140,2.01230,44.72600,35.04550,35.04550,3.73750,6.78930,2.28850,1.0802,0.5179
2021-06-30,64.36600,28.17900,36.18700,4.03100,,15.28000,20.90700,-54.83600,-33.92900,,-33.92900,-33.92900,-33.92900,32.15600,20.90700,16.26800,16.26800,-2.09000,-2.09000,0.30430,0.87330,6.98620,56.22070,32.48140,32.48140,-52.71260,-52.71260,0.18300,1.73500,51.87240,-143.47510,-143.47510,-9.64610,-18.17810,1.45370,0.9659,-0.5047
2021-03-31,55.51800,26.39000,29.12800,4.82700,,15.42200,13.70600,-47.08100,-33.37500,,-33.37500,-33.37500,-33.37500,24.30100,13.70600,16.23200,16.23200,-2.06000,-2.06000,0.37440,0.73120,2.75750,52.46590,24.68750,24.68750,-60.11560,-60.11560,0.15840,1.40430,64.08840,-58.54130,-58.54130,-9.51940,-15.73570,3.50470,0.82290,0.03960
2020-12-31,42.56600,29.83500,12.73100,5.21900,-26.70200,45.80700,-33.07600,-30.68100,-63.75700,,-63.75700,-63.75700,-63.75700,-19.19000,-33.07600,16.20400,16.20400,-3.94000,-3.94000,0.57510,0.63790,1.78090,29.90890,-77.70520,-77.70520,-149.78390,-149.78390,0.12280,1.32020,68.17130,-70.87420,-70.87420,-18.40050,-25.66220,5.55160,0.1431,1.3847
2020-09-30,39.83000,27.21800,12.61200,4.11100,-128.33600,148.20200,-135.59000,-17.53500,-153.12500,,-153.12500,-153.12500,-153.12500,-119.83500,-135.59000,16.20400,16.20400,-9.45000,-9.45000,0.73170,0.53920,1.17950,31.66460,-340.42180,-340.42180,-384.44640,-384.44640,0.09640,1.52880,58.86940,-100.21930,-100.21930,-37.06790,-46.17790,9.42920,0.2946,0.1515
2020-06-30,18.49400,27.56000,-9.06600,5.27000,-60.10700,81.92100,-90.98700,-36.32900,-127.31600,,-127.31600,-127.31600,-127.31600,-76.60500,-90.98700,16.20400,16.20400,-7.86000,-7.86000,0.72110,0.37120,0.59380,-49.02130,-491.98120,-491.98120,-688.41790,-688.41790,0.03200,0.77730,115.78240,-41.71960,-41.71960,-22.00450,-26.23190,18.83310,1.8984,-0.7249
2020-03-31,47.39900,27.27400,20.12500,3.85600,,22.30400,-2.17900,116.67000,114.49100,,114.49100,114.49100,114.49100,15.85100,-2.17900,16.20400,16.20400,7.07000,7.07000,,,,42.45870,-4.59710,-4.59710,241.54730,241.54730,,,,,,,,,0.76170,-2.21020
2019-12-31,,,,,,,,,,,,,,,,,,,0.00000,,,,,,,,,,,,,,,,,0.2088,1.8075
2019-09-30,50.80900,26.68300,24.12600,19.42300,-45.40400,88.56200,-64.43600,1.15200,-63.28400,,-63.28400,-63.28400,-63.28400,-43.01900,-64.43600,159.14300,159.14300,-0.40000,-0.40000,,,,47.48370,-126.82010,-126.82010,-124.55270,-124.55270,,,,,,,,,-0.0397,-0.3476
2019-06-30,56.37800,29.19000,27.18800,12.51900,-667.28000,720.87800,-693.69000,2.54000,-691.15000,-50.30600,-640.84400,-640.84400,-640.84400,-693.69000,-693.69000,159.05000,159.05000,-4.03000,-4.03000,,,,48.22450,-1230.42700,-1230.42700,-1225.92200,-1136.69200,,,,,,,,,-0.1691,-1.4599
2018-12-31,,,,,,,,,,,,,,,,,,,0.00000,,,,,,,,,,,,,,,,,0,0
