Date,revenue,cost-goods-sold,gross-profit,selling-general-administrative-expenses,other-operating-income-expenses,operating-expenses,operating-income,total-non-operating-income-expense,pre-tax-income,total-provision-income-taxes,income-after-taxes,income-from-continuous-operations,net-income,ebitda,ebit,basic-shares-outstanding,shares-outstanding,eps-basic-net-earnings-per-share,eps-earnings-per-share-diluted,current-ratio,long-term-debt-capital,debt-equity-ratio,gross-margin,operating-margin,ebit-margin,pre-tax-profit-margin,net-profit-margin,asset-turnover,inventory-turnover,receiveable-turnover,days-sales-in-receivables,roe,return-on-tangible-equity,roa,roi,book-value-per-share,operating-cash-flow-per-share,free-cash-flow-per-share
2023-10-31,120.20400,71.31200,48.89200,29.61900,,29.61600,19.27600,-6.54000,12.73600,3.34500,9.39100,9.39100,8.95000,34.51000,19.27600,53.27650,54.17370,0.16000,0.16000,1.12260,0.54680,1.26850,40.67420,16.03610,16.03610,10.59530,7.44570,0.13290,10.59300,1.90870,47.15180,3.04670,-28.01530,1.03820,1.38070,5.62920,0.5641,0.4129
2023-07-31,120.67100,71.18700,49.48400,29.93700,,29.93700,19.54700,-5.89300,13.65400,3.31800,10.33600,10.33600,9.89500,34.71100,19.54700,53.19900,54.10500,0.18000,0.18000,0.97630,0.55020,1.34130,41.00740,16.19860,16.19860,11.31510,8.20000,0.13200,10.66950,1.79570,50.12050,3.40280,-23.16920,1.13080,1.53050,5.54220,0.6507,0.5609
2023-04-30,107.79100,64.31700,43.47400,30.25800,,30.25800,13.21600,-6.16300,7.05300,1.46500,5.58800,5.58800,5.16100,28.41500,13.21600,53.32960,54.22460,0.09000,0.09000,0.77650,0.55970,1.48040,40.33180,12.26080,12.26080,6.54320,4.78800,0.12030,10.13030,1.71550,52.46320,1.91340,-9.27780,0.62350,0.84240,5.30830,0.2444,-0.0434
2023-01-31,93.57500,57.12100,36.45400,27.03800,-0.00300,27.04100,9.41300,-2.29400,7.11900,0.64400,6.47500,6.47500,6.03400,24.34100,9.41300,53.60200,54.45700,0.11000,0.11000,0.74130,0.56420,1.47060,38.95700,10.05930,10.05930,7.60780,6.44830,0.10610,8.66390,1.76130,51.09920,2.26010,-9.37210,0.73410,0.98480,5.17080,0.32900,0.05750
2022-10-31,114.89300,66.28200,48.61100,30.36400,,30.34300,18.26800,-6.74500,11.52300,2.99100,8.53200,8.53200,8.09100,33.70300,18.26800,53.91430,54.85130,0.15000,0.14000,0.73950,0.57020,1.51400,42.30980,15.90000,15.90000,10.02930,7.04220,0.12950,11.98160,1.81310,49.63780,3.05450,-10.84500,0.96140,1.31270,4.96790,0.4603,0.0899
2022-07-31,104.46900,62.53500,41.93400,27.84700,,27.84700,14.08700,0.91900,15.00600,2.03000,12.97600,12.97600,12.53500,28.73600,14.08700,54.01200,57.28700,0.22000,0.22000,0.98270,0.57230,1.39920,40.14010,13.48440,13.48440,14.36410,11.99880,0.12670,12.49200,1.76450,51.00590,4.68780,-15.04010,1.57390,2.00520,4.89060,0.5475,0.2588
2022-04-30,96.48200,57.54400,38.93800,28.56700,,28.56700,10.37100,-3.85900,6.51200,0.52700,5.98500,5.98500,5.55800,25.06300,10.37100,53.90130,54.79530,0.10000,0.10000,0.99500,0.58250,1.50830,40.35780,10.74920,10.74920,6.74940,5.76070,0.11790,10.80840,1.69360,53.13980,2.25690,-5.72430,0.73110,0.94220,4.67960,0.1494,-0.2552
2022-01-31,85.44800,51.32100,34.12700,26.72100,-0.02100,26.74200,7.38500,-6.22400,1.16100,-0.02200,1.18300,1.18300,0.74200,21.92300,7.38500,53.66700,54.71200,0.01000,0.01000,1.09560,0.58410,1.46620,39.93890,8.64270,8.64270,1.35870,0.86840,0.10600,9.98070,1.76120,51.10160,0.44940,-1.03320,0.14680,0.18690,4.64310,0.24100,-0.37090
2021-10-31,87.75300,50.40500,37.34800,25.55800,-0.11700,25.67500,11.67300,-4.77300,6.90000,3.46800,3.43200,3.43200,3.21300,26.35100,11.67300,53.41360,53.41360,0.07000,0.07000,1.40180,0.58450,1.41090,42.56040,13.30210,13.30210,7.86300,3.66140,0.11070,10.28250,1.77970,50.57160,1.30710,-2.84430,0.43300,0.54310,4.64200,0.3135,-0.1909
2021-07-31,80.76100,43.54800,37.21300,24.95100,-0.11100,25.06200,12.15100,-5.86100,6.29000,1.65200,4.63800,4.63800,4.11300,26.45100,12.15100,53.52210,54.54750,0.07000,0.07000,1.72700,0.58750,1.42440,46.07790,15.04560,15.04560,7.78840,5.09280,0.10330,9.46080,1.79820,50.04880,1.78960,-3.54990,0.59310,0.73830,4.58150,0.4293,0.1316
2021-04-30,76.87300,43.57000,33.30300,26.47200,-0.05500,26.52700,6.77600,-17.45900,-10.68300,0.17000,-10.85300,-10.85300,-11.35200,21.24000,6.77600,53.46580,53.46580,-0.21000,-0.21000,1.65480,0.59320,1.46310,43.32210,8.81450,8.81450,-13.89700,-14.76720,0.09960,9.56530,1.82370,49.35000,-4.29260,7.56850,-1.40670,-1.74610,4.46890,0.4403,0.3393
2021-01-31,70.42100,40.55800,29.86300,22.38800,-0.02900,22.41700,7.44600,-22.38400,-14.93800,-2.64800,-12.29000,-12.29000,-12.79700,22.24500,7.44600,53.14600,53.14600,-0.24000,-0.24000,1.38110,0.58010,1.41050,42.40640,10.57360,10.57360,-21.21240,-18.17210,0.09190,8.60190,1.73430,51.89560,-4.60830,9.03130,-1.60440,-1.93520,4.72270,0.23670,0.09480
2020-10-31,79.19000,43.70300,35.48700,31.14500,,31.14500,4.34200,-8.52700,-4.18500,-1.14700,-3.03800,-3.03800,-3.53600,22.17700,4.34200,52.75300,52.75300,-0.08000,-0.08000,0.96300,0.56310,1.37400,44.81250,5.48300,5.48300,-5.28480,-4.46520,0.10230,9.43910,1.72360,52.21680,-1.13740,2.17180,-0.39260,-0.49690,4.73060,0.4837,0.3774
2020-07-31,77.13100,39.33000,37.80100,26.95400,,26.95400,10.84700,-11.06200,-0.21500,-0.46200,0.24700,0.24700,-0.24200,26.53000,10.84700,52.78300,52.78300,0.00000,0.00000,0.85560,0.56280,1.41290,49.00880,14.06310,14.06310,-0.27870,-0.31380,0.09790,7.36650,1.56990,57.32830,0.09120,-0.17030,0.03140,0.03990,4.65230,0.502,0.3018
2020-04-30,74.04100,42.17400,31.86700,26.38100,,84.32500,-52.45800,-5.47700,-57.93500,-2.22100,-55.71400,-55.71400,-56.18400,21.59500,-52.45800,52.78300,52.78300,-1.06000,-1.06000,0.73480,0.57330,1.57300,43.03970,-70.84990,-70.84990,-78.24720,-75.88230,0.09210,8.27920,1.75620,51.24730,-21.21580,34.93700,-6.92810,-9.05210,4.51050,0.4768,0.4018
2020-01-31,73.93900,41.79100,32.14800,26.60700,,26.60700,5.54100,-9.43400,-3.89300,-1.14700,-2.74600,-2.74600,-3.21900,21.67000,5.54100,52.62900,52.62900,-0.06000,-0.06000,0.66460,0.52400,1.28490,43.47910,7.49400,7.49400,-5.26520,-4.35360,0.08560,7.17200,1.74850,51.47260,-0.84650,1.64580,-0.31780,-0.40290,5.57140,0.03450,-0.26370
2019-10-31,83.95200,45.11600,38.83600,28.22100,-0.06300,28.28400,10.55200,-16.63000,-6.07800,-0.18800,-5.89000,-5.89000,-6.35400,29.11600,10.55200,41.44600,41.44600,0.05000,0.05000,0.68150,0.53270,1.28040,46.25980,12.56910,12.56910,-7.23990,-7.56860,0.09630,8.58700,1.79950,50.01500,-1.85780,3.24810,-0.67600,-0.86810,5.44250,0.5648,0.3059
2019-07-31,78.65500,39.66500,38.99000,28.15900,-0.17600,28.33500,10.65500,-9.81500,0.84000,-1.92200,2.76200,2.76200,2.30600,26.06200,10.65500,49.94040,53.12270,0.05000,0.05000,0.65150,0.53660,1.32380,49.57090,13.54650,13.54650,1.06800,2.93180,0.09090,9.45530,1.79150,50.23660,0.87480,-1.43860,0.31920,0.40530,5.42510,0.0446,0.3388
2019-04-30,61.98800,37.62800,24.36000,21.85300,-1.28200,23.13500,1.22500,-9.29800,-8.07300,1.57200,-9.64500,-9.64500,-10.07900,14.69300,1.22500,29.16620,29.16620,-0.35000,-0.35000,0.57410,0.57070,1.53820,39.29790,1.97620,1.97620,-13.02350,-16.25960,0.08290,9.51160,1.60110,56.21010,-4.04400,4.60270,-1.29000,-1.73600,6.93330,0.2694,-0.2614
2019-01-31,58.36600,35.13000,23.23600,18.61700,-14.16700,32.78400,-9.54800,-23.61400,-33.16200,-6.95700,-26.20500,-26.20500,-26.60000,2.17600,-9.54800,36.42400,36.42400,-0.73000,-0.73000,0.77070,0.56520,1.44250,39.81090,-16.35880,-16.35880,-56.81730,-45.57450,0.07940,8.93670,1.66800,53.95590,-10.62600,12.59700,-3.56310,-4.62060,8.54870,-0.13820,-0.43420
2018-12-31,,,,-10.54970,-0.03520,,88.59380,13.66110,-4.91550,13.94780,-29.66730,-29.66730,-20.79050,88.59380,-30.85720,6.95600,6.95600,-2.83000,-0.67000,,,,,,,,,,,,,,,,,,-0.22070,-0.22070
2018-10-31,67.36800,38.44500,28.92300,38.11970,-7.44000,65.91140,-36.98840,-11.69780,19.99850,3.36330,5.83120,5.83120,6.91500,-29.67740,19.41560,7.57630,8.32590,0.91000,2.82000,0.58600,0.79090,5.15230,42.93280,-54.90500,28.82020,29.68540,10.26460,0.18200,10.09060,1.67920,53.59550,12.67090,-8.96210,1.57540,2.64980,6.07440,4.9761,1.5532
2018-09-30,,,,3.39070,-0.04600,,-3.43680,1.11660,-2.32020,0.22660,-2.54680,-2.54680,-2.54680,-3.43680,-3.43680,6.88600,6.88600,-0.37000,-0.37000,0.10850,,,,,,,,,,,,-50.93500,-50.93500,-1.06950,-50.93500,0.70110,-3.8429,-1.5874
2018-07-31,66.64900,36.46700,30.18200,16.79800,-1.39500,18.19300,11.98900,-5.46300,6.52600,1.70100,4.82500,4.82500,2.88300,19.16400,11.98900,7.57630,8.51080,0.38000,0.34000,,,,45.28500,17.98830,17.98830,9.79160,4.32560,,,,,,,,,,3.6415,1.386
2018-06-30,,,,0.48880,-0.05900,,-0.54780,1.12730,0.57950,0.22430,0.35510,0.35510,0.35510,-0.54780,-0.54780,6.91700,28.75000,0.05000,0.01000,0.62130,,,,,,,,,,,,7.10290,7.10290,0.14930,7.10290,0.72640,-1.5831,-0.6091
2018-04-30,56.40400,31.96300,24.44100,12.38500,-1.11700,13.50200,10.93900,-5.11800,5.82100,1.21000,4.61100,4.61100,3.26100,17.34700,10.93900,7.57600,8.39300,0.43000,0.39000,,,,43.33200,19.39400,19.39400,10.32020,5.78150,,,,,,,,,,1.5328,0.5588
2018-03-31,,,,0.48060,-0.04500,,-0.52560,0.86580,0.34020,0.17240,0.16780,0.16780,0.16780,-0.52560,-0.52560,6.93390,28.75000,0.02000,0.01000,0.92890,,,,,,,,,,,,3.35670,3.35670,0.07050,3.35670,0.72280,-0.8619,-0.0407
2018-01-31,52.80200,30.00100,22.80100,13.70400,-0.00800,13.71200,9.08900,-5.07500,4.01400,-13.54400,17.55800,17.55800,13.15100,15.44800,9.08900,7.57600,8.49100,1.74000,1.55000,,,,43.18210,17.21340,17.21340,7.60200,24.90630,,,,,,,,,,0.89600,0.07480
2017-12-31,,,,,,,,,,,,,,,,,,,0.00000,,,,,,,,,,,,,,,,,,0.00000,
2017-09-30,,,,0.19510,-0.04500,,-0.24010,0.43580,0.19570,0.05120,0.14440,0.14440,0.14440,-0.24010,-0.24010,6.51500,21.00000,0.02000,0.01000,5.48420,,,,,,,,,,,,2.88880,2.88880,0.06110,2.88880,0.72580,0,0
2017-07-31,,,,0.24010,,,-0.24010,0.43580,0.19570,0.05120,0.14450,0.14450,0.14440,-0.24010,-0.24010,,,,0.00000,5.48470,,,,,,,,,,,,100.62670,2.89000,0.06120,2.89000,,0,0
