Date,revenue,gross-profit,selling-general-administrative-expenses,operating-income,total-non-operating-income-expense,pre-tax-income,total-provision-income-taxes,income-after-taxes,income-from-continuous-operations,income-from-discontinued-operations,net-income,basic-shares-outstanding,shares-outstanding,eps-basic-net-earnings-per-share,eps-earnings-per-share-diluted,long-term-debt-capital,debt-equity-ratio,pre-tax-profit-margin,net-profit-margin,asset-turnover,roe,return-on-tangible-equity,roa,roi,book-value-per-share,operating-cash-flow-per-share,free-cash-flow-per-share
2024-03-31,8817.10000,8817.10000,5944.85300,2872.24700,15.21720,2887.46400,589.66650,2297.79700,2297.79700,,1965.55500,3745.75000,3745.75000,0.52500,0.52500,0.86020,7.71060,35.35710,24.06830,0.00410,2.50480,2.80810,0.11490,0.35030,24.31500,0.00000,
2023-12-31,6984.73400,6984.73400,6820.80500,163.92970,,154.85640,-22.72520,177.58150,177.58130,,-125.10500,3861.25000,3973.75000,-0.02080,-0.06060,0.84930,7.02890,2.45980,-1.98720,0.00340,0.19870,0.22280,0.00970,0.02990,23.59470,-0.2902,-0.828
2023-09-30,7922.00200,7922.00200,5547.17400,2374.82900,11.39310,2386.22100,434.20370,1952.01800,1952.01800,,1612.75700,3851.25000,3851.25000,0.41900,0.41900,0.86460,7.95800,32.36050,21.87120,0.00370,2.23560,2.53990,0.09690,0.30270,22.91900,-7.7147,-7.7147
2023-06-30,7869.44900,7869.44900,5414.08100,2455.36800,3.75630,2459.12500,441.99130,2017.13300,2017.13300,,1662.78900,3880.75000,3880.75000,0.43080,0.43080,0.86270,7.92010,33.21500,22.45900,0.00380,2.35030,2.68780,0.10400,0.32270,22.06870,7.7147,7.7147
2023-03-31,8791.50800,8791.50800,5629.38300,3162.12500,-6.07400,3156.05000,681.50280,2474.54700,2474.54800,,2165.98800,3942.50000,3942.50000,0.54920,0.54920,0.85490,7.56650,38.70100,26.56040,0.00440,2.88300,3.28600,0.13240,0.41840,21.86660,0.00000,
2022-12-31,6720.76200,6720.76200,5252.09300,1468.66900,,1474.47900,-94.39780,1568.87600,1568.87700,,1203.58700,4083.25000,4216.75000,0.30880,0.25930,0.85110,7.16020,24.16870,19.72840,0.00330,1.83140,2.07860,0.08380,0.27270,21.59100,8.8677,8.3555
2022-09-30,7009.08800,7009.08800,4688.82100,2320.26700,-1.17780,2319.08800,293.27220,2025.81600,2025.81600,,1780.83400,4037.00000,4037.00000,0.44290,0.44290,0.85860,7.76070,35.35010,27.14540,0.00320,2.52930,2.88440,0.09960,0.35770,20.16460,-18.7389,-18.7389
2022-06-30,8421.89400,8421.89400,6548.68800,1873.20600,8.78850,1881.99500,262.39950,1619.59500,1619.59500,,1344.64100,4171.00000,4171.00000,0.32140,0.32140,0.84430,6.91420,23.03320,16.45670,0.00410,1.82730,2.06890,0.08120,0.28440,21.44660,18.7389,18.7389
2022-03-31,8716.33300,8716.33300,5705.33300,3011.00000,-13.41800,2997.58100,823.86520,2173.71600,2173.71600,,1883.88700,4170.50000,4170.50000,0.45080,0.45080,0.83880,6.74460,35.15340,22.09280,0.00420,2.33320,2.63900,0.10830,0.37620,22.23280,0.00000,
2021-12-31,6928.81700,6928.81700,4993.82100,1934.99600,16.52760,1951.52300,144.90200,1806.62200,1806.62200,,1207.09000,4246.25000,4355.00000,0.36010,0.31060,0.83780,6.33960,28.06320,17.35820,0.00370,1.87120,2.11390,0.09490,0.30360,23.05330,15.4463,14.9032
2021-09-30,7535.68800,7535.68800,4961.28200,2574.40600,129.61660,2704.02300,437.11130,2266.91200,2266.91200,,1993.88900,4265.50000,4265.50000,0.46880,0.46880,0.84170,6.52900,36.68850,27.05330,0.00380,2.35660,2.66820,0.11690,0.37310,22.83390,-12.7025,-12.7025
2021-06-30,7569.08700,7569.08700,3992.11700,3576.97000,29.35380,3606.32400,367.62140,3238.70300,3238.70300,,2946.56300,4285.00000,4285.00000,0.68760,0.68760,0.84370,6.52900,41.53250,33.93430,0.00450,3.40160,3.86680,0.16830,0.53160,22.40560,12.7025,12.7025
2021-03-31,8136.10000,8136.10000,5009.90700,3126.19300,182.02800,3308.22100,683.98400,2624.23700,2624.23700,,2618.72100,4796.19200,4796.19200,0.54610,0.54610,0.84220,6.57060,41.04360,32.48930,0.00420,2.87600,3.26400,0.13790,0.45390,21.15020,0.00000,
2020-12-31,6552.57100,6552.57100,5742.13500,810.43600,28.29500,838.72920,208.75680,629.97250,629.97270,,283.40820,4325.00000,4417.00000,0.06710,0.05670,0.83640,6.03270,14.33900,4.84520,0.00340,0.73360,0.83250,0.03640,0.12000,19.78840,16.7164,16.3315
2020-09-30,6722.52700,6722.52700,5264.08500,1458.44200,23.25240,1481.69500,423.71040,1057.98400,1057.98400,,789.28980,4364.28600,4364.28600,0.18090,0.18090,0.84210,6.37610,24.95650,13.29420,0.00320,1.18600,1.34500,0.05760,0.18730,20.56310,-16.6557,-16.6557
2020-06-30,6623.92400,6623.92400,6146.17800,477.74660,-32.26340,445.48310,52.11780,393.36530,393.36530,,111.68100,4503.26600,4503.26600,0.02480,0.02480,0.83240,5.98300,9.66350,2.42260,0.00270,0.45580,0.51650,0.02290,0.07640,19.90050,16.6557,16.6557
2020-03-31,8048.52300,8048.52300,6889.21800,1159.30500,10.24800,1169.55300,90.95100,1078.60200,1078.60200,,775.00500,4319.50000,4319.50000,0.17920,0.17920,0.82810,6.11020,21.90500,14.51540,0.00290,1.20980,1.37150,0.05830,0.20800,20.57640,0.00000,
2019-12-31,6828.35600,6828.35600,5494.81900,1333.53700,26.55980,1360.09600,244.15400,1115.94300,1115.94300,,1859.22700,4300.00000,4370.50000,0.18700,0.17700,0.81990,5.33480,22.09370,30.20170,0.00420,1.33100,1.51880,0.07660,0.23980,19.36060,-3.5921,-4.1026
2019-09-30,6832.60700,6832.60700,6562.55800,270.04880,33.29370,303.34260,331.70390,-28.36130,-28.36130,,-360.06520,4294.11800,4294.11800,-0.08390,-0.08390,0.83440,5.95190,4.84250,-5.74800,0.00390,-0.03410,-0.03880,-0.00180,-0.00560,19.25600,-0.8726,-0.8726
2019-06-30,7120.20700,7120.20700,5186.51400,1933.69300,34.71390,1968.40700,381.85290,1586.55400,1586.55400,,1329.41400,4308.44500,4308.44500,0.30900,0.30900,0.83150,5.82170,30.26890,20.44290,0.00410,1.79370,2.02950,0.10010,0.30230,20.51660,0.8726,0.8726
2019-03-31,6840.73000,6840.73000,4905.21500,1935.51500,-3.90750,1931.60800,323.02000,1608.58800,1608.58800,,1351.99500,4277.75000,4277.75000,0.31780,0.31780,0.83350,6.02520,30.87010,21.60700,0.00400,1.87450,2.13070,0.10350,0.31210,20.02780,0.00000,
2018-12-31,6484.11800,6484.11800,6023.81300,460.30420,49.12780,509.43050,172.56630,336.86450,336.86450,,-296.42790,4268.75000,4345.75000,-0.00130,-0.01200,0.83370,5.89750,9.03000,-5.25440,0.00370,0.39570,0.45220,0.02230,0.06580,19.87560,2.612,2.1869
2018-09-30,6683.08700,6683.08700,4805.46400,1877.62300,26.06000,1903.68300,312.72000,1590.96300,1590.96300,,1305.60600,3795.45500,3795.45500,0.34400,0.34400,0.83300,6.02470,29.96920,20.55380,0.00420,1.87030,2.12700,0.10430,0.31240,19.86630,-0.4412,-0.4412
2018-06-30,7588.93600,7588.93600,5000.31400,2588.62200,-9.52700,2579.09500,589.31300,1989.78200,1989.78200,,1676.75200,4266.75000,4331.25000,0.39300,0.39300,0.83070,5.98600,35.80200,23.27600,0.00460,2.31450,2.64390,0.12720,0.39190,20.09620,0.4412,0.4412
2018-03-31,7456.19300,7456.19300,7811.05100,-354.85790,26.44040,-328.41760,423.04640,-751.46400,-751.46400,,-825.21880,4259.25000,4259.25000,-0.23380,-0.23380,0.84440,6.46230,-4.65480,-11.69630,0.00440,-0.87620,-1.00330,-0.04730,-0.13640,20.09830,0.00000,
2017-12-31,6708.63000,6708.63000,6449.77700,258.85250,-70.78440,188.06760,1486.76200,-1298.69400,-1298.69400,-48.18210,-1683.95100,4249.00000,4321.00000,-0.42880,-0.41880,0.80400,5.27970,3.15920,-28.28750,0.00410,-1.52640,-1.73240,-0.08890,-0.29910,20.25190,18.1079,17.7581
2017-09-30,6772.49200,6772.49200,5320.58900,1451.90300,-2.61840,1449.28400,424.18080,1025.10400,1025.10400,,763.26360,3939.18900,3939.18900,0.19380,0.19380,0.79070,4.90910,24.79840,13.06000,0.00390,1.16790,1.32070,0.06810,0.24440,20.60090,-10.3359,-10.3359
2017-06-30,6468.67600,6468.67600,5934.09600,534.58010,308.21490,842.79510,390.06450,452.73060,452.73060,-1965.66900,-1791.73900,4247.25000,4323.25000,-0.40000,-0.40000,0.77320,4.60200,14.54430,-30.92030,0.00400,0.53420,0.60470,0.03120,0.12120,19.89990,10.3359,10.3359
2017-03-31,7212.95000,7212.95000,5135.65000,2077.30000,6.19350,2083.49300,585.90510,1497.58800,1497.58800,-815.06460,235.35300,4231.00000,4231.00000,0.05200,0.05200,0.75080,3.94660,31.75980,3.58760,0.00440,1.69410,1.89860,0.10040,0.42210,20.82480,0.00000,
2016-12-31,6128.34100,6128.34100,7157.85200,-1029.51000,1349.36400,319.85380,-110.38230,430.23580,430.23570,80.59730,196.04330,4215.00000,4261.00000,0.03290,0.02730,0.73240,3.50020,6.05400,3.71060,0.00320,0.44480,0.49880,0.02620,0.11900,22.80750,3.5897,3.1607
2016-09-30,7152.23200,7152.23200,6712.27600,439.95560,659.27660,1099.23200,430.76240,668.46970,668.46970,274.47970,543.70620,3986.11600,3986.11600,0.13640,0.13640,0.74560,3.76640,17.97290,8.88980,0.00350,0.72590,0.81310,0.03840,0.18470,21.74080,-6.3403,-6.3403
2016-06-30,8569.22300,8569.22300,5373.70100,3195.52100,-1373.19900,1822.32300,670.09830,1152.22500,1152.22500,208.06050,971.42730,4047.61000,4047.61000,0.24000,0.24000,0.74510,3.75950,23.15830,12.34500,0.00410,1.15670,1.29390,0.05940,0.29490,23.55840,6.3403,6.3403
2016-03-31,7222.74500,7222.74500,6115.19000,1107.55400,28.65600,1136.21000,355.33440,780.87600,780.87600,237.84480,661.95360,4211.00000,4211.00000,0.15470,0.15470,0.72710,3.48850,17.24660,10.04790,0.00370,0.79720,0.89280,0.04360,0.21760,23.26230,0.00000,
2015-06-30,10035.04000,10035.04000,8016.39400,2018.64900,703.00440,2721.65300,603.45040,2118.20300,2118.20300,,1755.21400,4091.40700,4091.40700,0.42900,0.42900,0.69080,4.16900,29.34280,18.92340,0.00510,2.10900,2.41000,0.11560,0.65220,23.95150,4.5517,4.5517
2015-03-31,9861.48000,9861.48000,7571.40000,2290.08100,,2027.02000,927.85000,1099.17000,709.87800,0.00000,709.87800,4008.62000,4008.62000,0.18000,0.18000,0.71450,4.22420,20.79310,7.28190,0.00450,0.69790,0.69790,0.03310,0.19930,,0.00000,
2014-12-31,9257.69400,9257.69400,,9257.69400,,9257.69400,,9257.69400,-2582.86300,0.00000,-2582.86300,4071.07800,4071.07800,-0.63000,-0.63000,0.71350,4.37710,100.00000,-27.89960,0.00410,-2.37600,-2.71240,-0.11540,-0.68080,,-4.2268,-4.4928
2014-09-30,11713.98000,11713.98000,8829.56000,2884.42000,,2040.29000,1004.27000,1036.02000,633.32400,0.00000,633.32400,3947.91300,3947.91300,0.16000,0.16000,0.71730,4.94960,19.14390,5.94240,0.00470,0.56970,0.64740,0.02780,0.16100,,0,0
2014-06-30,10291.78000,10291.78000,,10291.78000,,10291.78000,,10291.78000,272.66400,0.00000,272.66400,3659.09100,3659.09100,0.07000,0.07000,0.61330,6.08790,100.00000,2.64930,0.00470,0.24920,0.28350,0.01230,0.09630,,0,0
2014-03-31,11462.40000,11462.40000,8247.86000,3214.54000,,2999.22000,988.15000,2011.07000,1627.96500,0.00000,1627.96500,4089.02800,4089.02800,0.40000,0.40000,0.62960,6.60730,26.76910,14.53020,0.00500,1.51580,1.72150,0.07220,0.56140,,0.00000,
2013-12-31,12248.04000,12248.04000,11894.37000,353.66990,,65.08000,845.92000,-780.84000,-1056.31200,0.00000,-1056.31200,3210.00000,3210.00000,-0.33000,-0.33000,0.73030,5.78480,0.61190,-9.93250,0.00520,-1.05560,-1.19980,-0.05140,-0.28470,,-12.2717,-12.6305
2013-09-30,10405.98000,10405.98000,7881.75000,2524.23000,,1819.70000,691.30000,1128.40000,821.97900,0.00000,821.97900,3193.75000,3193.75000,0.26000,0.26000,0.66250,7.92990,18.83220,8.50670,0.00440,0.91100,0.91100,0.03770,0.30740,,-5.5651,-5.5651
2013-06-30,9802.89900,9802.89900,9962.25000,-159.35060,,218.14000,158.22000,59.92000,-258.26500,0.00000,-258.26500,3000.00000,3000.00000,-0.09000,-0.09000,0.67620,8.57640,1.85040,-2.19080,0.00500,-0.27960,-0.32150,-0.01100,-0.09050,,5.5651,5.5651
2013-03-31,12100.21000,12100.21000,9325.30000,2774.91000,,2384.92000,762.86000,1622.06000,1303.55400,0.00000,1303.55400,3130.59700,3130.59700,0.42000,0.42000,0.69000,8.76900,20.51310,11.21210,0.00470,1.36580,1.36580,0.05260,0.42330,,0.00000,
2012-12-31,10337.62000,10337.62000,,10337.62000,,10337.62000,,10337.62000,-610.00000,0.00000,-610.00000,2242.64700,2242.64700,-0.27000,-0.27000,0.77900,6.97650,100.00000,-5.90080,0.00440,-0.61130,-0.69920,-0.02580,-0.13510,,-9.6945,-10.1214
2012-09-30,6390.41100,6390.41100,8161.76000,-1771.34900,,-74.25000,93.21000,-167.46000,-436.03900,0.00000,-436.03900,2999.92200,2999.92200,-0.15000,-0.15000,0.69710,6.04690,-0.68390,-4.01620,0.00430,-0.43320,-0.43320,-0.01730,-0.13120,,-24.6204,-24.6204
2012-06-30,10739.32000,10739.32000,8861.82000,1877.50000,,1954.16000,660.36000,1293.80000,640.27200,0.00000,640.27200,1995.09800,1995.09800,0.32000,0.32000,0.69780,8.47060,16.81890,5.51060,0.00450,0.63480,0.72420,0.02480,0.19180,,24.6204,24.6204
2012-03-31,8953.45200,8953.45200,,8953.45200,,8953.45200,,8953.45200,-546.81300,0.00000,-546.81300,1872.64700,1872.64700,-0.29000,-0.29000,,,100.00000,-6.10730,,,,,,,0.00000,
2011-12-31,-20755.48000,-20755.48000,-2334.63300,-18420.85000,,-2997.43100,3093.28000,-6090.71100,559.96000,0.00000,559.96000,3068.27100,3068.27100,0.18000,0.18000,0.70340,7.60450,-7.57180,1.41450,0.01580,0.53530,0.60860,0.02230,0.15880,,15.2054,14.4451
2011-09-30,44431.20000,44431.20000,24966.65000,19464.55000,,8166.39000,,8166.39000,1858.57800,0.00000,1858.57800,2971.64900,2971.64900,0.63000,0.63000,,,18.37990,4.18300,,,,,,,0,0
2011-06-30,10617.48000,10617.48000,9050.48000,1567.00000,,1613.65000,,1613.65000,789.93000,0.00000,789.93000,3038.19200,3038.19200,0.26000,0.26000,0.70030,6.33190,13.20250,6.46300,0.00500,0.78080,0.90560,0.03240,0.23400,,0,0
2011-03-31,10933.23000,10933.23000,7752.04000,3181.19000,,2649.65000,,2649.65000,1986.84100,0.00000,1986.84100,3547.93000,3547.93000,0.56000,0.56000,,,24.23480,18.17250,,,,,,,0.00000,
2010-12-31,13730.13000,13730.13000,,13730.13000,,13730.13000,,13730.13000,1737.09900,0.00000,1737.09900,2978.02200,3151.16300,0.58000,0.55000,0.74830,9.33280,100.00000,12.65170,0.00600,1.80430,2.09720,0.07540,0.45410,,9.1694,8.5751
2010-09-30,7996.47000,7996.47000,,7996.47000,,9331.00000,,9331.00000,79.10100,0.00000,79.10100,3062.50000,6125.00000,0.03000,0.01000,,,81.20870,0.68840,,,,,,,0,0
2010-06-30,13548.19000,13548.19000,,13548.19000,,13548.19000,,13548.19000,2170.00100,0.00000,2170.00100,2939.65500,3100.00000,0.74000,0.70000,0.71300,6.21280,100.00000,16.01690,0.00570,2.38150,2.78360,0.09160,0.68350,,0,0
2010-03-31,12300.98000,12300.98000,,12300.98000,,12300.98000,,12300.98000,1627.42000,0.00000,1627.42000,2868.27900,3066.09100,0.57000,0.53000,,,100.00000,13.23000,,,,,,,0.00000,
2009-12-31,11756.38000,11756.38000,,11756.38000,,11756.38000,,11756.38000,11225.71000,0.00000,11225.71000,2822.25000,2822.25000,3.98000,3.98000,0.73440,8.51520,100.00000,95.48610,0.00540,12.25910,14.42910,0.51990,3.25570,,23.2168,22.7851
2009-06-30,,,,,,,,,,,,,,,0.00000,,,,,,,,,,,0,0
2009-03-31,11719.70000,11719.70000,,11719.70000,,11719.70000,,11719.70000,1518.52800,0.00000,1518.52800,3163.60000,3163.60000,0.48000,0.48000,,,100.00000,12.95710,,,,,,,0.00000,
