Date,revenue,cost-goods-sold,gross-profit,research-development-expenses,selling-general-administrative-expenses,other-operating-income-expenses,operating-expenses,operating-income,total-non-operating-income-expense,pre-tax-income,total-provision-income-taxes,income-after-taxes,income-from-continuous-operations,net-income,ebitda,ebit,basic-shares-outstanding,shares-outstanding,eps-basic-net-earnings-per-share,eps-earnings-per-share-diluted,current-ratio,long-term-debt-capital,debt-equity-ratio,gross-margin,operating-margin,ebit-margin,pre-tax-profit-margin,net-profit-margin,asset-turnover,inventory-turnover,receiveable-turnover,days-sales-in-receivables,roe,return-on-tangible-equity,roa,roi,book-value-per-share,operating-cash-flow-per-share,free-cash-flow-per-share
2024-03-31,2290.50000,542.20000,1748.30000,452.90000,581.50000,-65.60000,1189.80000,558.50000,-93.70000,464.80000,71.40000,393.40000,393.40000,393.40000,750.10000,558.50000,145.20000,145.90000,2.71000,2.70000,2.09640,0.29250,0.42990,76.32830,24.38330,24.38330,20.29250,17.17530,0.08620,0.21540,1.14540,78.57370,2.58590,56.12780,1.48080,1.82950,104.48490,3.79160,3.47700
2023-12-31,2386.30000,618.29990,1768.00000,570.90000,608.50000,-54.30000,1409.10010,358.90000,-67.30000,291.60000,42.70000,248.90010,248.90010,249.70000,530.50000,358.89980,144.70000,145.60000,1.71000,1.70000,1.99730,0.31440,0.46880,74.08960,15.04000,15.04000,12.21980,10.46390,0.08890,0.24460,1.13630,79.20210,1.68180,114.59480,0.92720,1.15300,102.13530,0.0276,-0.4121
2023-09-30,2530.30000,659.60000,1870.70000,736.30000,788.20000,-50.50000,1711.90000,158.80000,-300.00000,-141.20000,-72.90000,-68.30000,-68.30000,-68.10000,283.80000,158.80000,144.80000,144.80000,-0.47000,-0.47000,1.68330,0.31910,0.50320,73.93200,6.27590,6.27590,-5.58040,-2.69140,0.08970,0.22120,1.42040,63.36250,-0.47170,-20.84860,-0.24230,-0.32120,99.92890,4.1225,3.6054
2023-06-30,2456.00000,592.70000,1863.30000,584.20000,548.00000,-56.90000,1276.40000,586.89990,121.20000,708.10000,114.80000,593.30000,593.30000,591.60000,704.29990,586.89990,144.70000,145.50000,4.09000,4.07000,3.27370,0.30290,0.43460,75.86730,23.89660,23.89660,28.83140,24.08800,0.09760,0.44450,1.45680,61.77970,4.10290,8.56080,2.35840,2.86000,99.86530,3.3406,2.8536
2023-03-31,2463.00000,662.80000,1800.20000,570.60000,605.00000,-57.10000,1292.50000,507.70010,-69.40000,438.30000,50.70000,387.60000,387.60000,387.90000,620.00010,507.70010,144.40000,145.20000,2.69000,2.67000,3.23810,0.31300,0.45570,73.08970,20.61310,20.61310,17.79540,15.74910,0.10010,0.51740,1.50700,59.72230,2.81130,6.22960,1.57570,1.93130,95.21410,3.13570,2.67700
2022-12-31,2544.00000,570.90000,1973.10000,601.60020,632.80000,160.20000,1256.20000,716.90030,-113.10000,603.80020,54.30000,549.49990,549.50000,550.40000,956.30030,716.90030,145.30000,146.00000,3.79000,3.73000,2.99170,0.31930,0.46910,77.55900,28.18000,28.18000,23.73430,21.63520,0.10360,0.42470,1.49210,60.31840,4.10430,9.49170,2.23790,2.79370,92.91050,-1.2872,-1.9033
2022-09-30,2508.50000,469.50000,2039.00000,549.20000,563.30000,460.50000,723.90000,1315.10000,56.00000,1371.10000,236.20000,1134.90000,1134.90000,1134.70000,1435.80000,1315.10000,144.40000,144.80000,7.86000,7.84000,2.48720,0.32970,0.49180,81.28360,52.42580,52.42580,54.65820,45.23420,0.10090,0.34150,1.59900,56.28540,8.88950,22.62250,4.56620,5.95870,88.65830,4.6244,8.2334
2022-06-30,2589.10000,484.00000,2105.10000,528.60000,572.60000,-24.90000,1264.20000,840.90010,428.60000,1269.50000,216.70000,1052.80000,1058.70000,1058.00000,975.70010,840.90010,145.90000,146.20000,7.25000,7.24000,1.94120,0.34600,0.61340,81.30630,32.47850,32.47850,49.03250,40.86360,0.10320,0.37400,1.65160,54.49150,8.92410,26.21520,4.22110,5.83600,81.70390,5.0481,4.792
2022-03-31,2531.80000,753.90000,1777.90000,551.70000,634.90000,124.40000,1167.20000,610.70010,-263.30000,347.40000,125.60000,221.80000,218.50000,303.80000,753.80000,610.70010,147.10000,147.60000,2.06000,2.06000,2.00580,0.35870,0.64840,70.22280,24.12120,24.12120,13.72150,11.99940,0.10720,0.62030,1.55130,58.01410,1.94730,6.59740,0.92530,1.24880,76.07250,1.09620,0.70390
2021-12-31,2733.80100,660.10000,2073.70100,699.49990,787.90010,68.90000,1486.60000,587.10060,-182.10000,405.00000,443.30000,-38.30000,-20.60000,368.19990,721.80060,587.10020,149.10000,149.60000,2.52000,2.50000,1.82790,0.36410,0.66360,75.85410,21.47560,21.47560,14.81450,13.46840,0.11450,0.48840,1.76440,51.00810,-0.18800,-0.69190,-0.08630,-0.11950,74.55580,5.4776,5.1419
2021-09-30,2778.90000,511.80000,2267.10000,702.40000,654.10000,-5.60000,1473.10000,794.00000,-502.90000,291.10000,-25.90000,317.00000,318.10000,329.20000,970.60000,794.00000,148.00000,148.60000,2.22000,2.22000,1.70060,0.36560,0.66820,81.58260,28.57250,28.57250,10.47540,11.84640,0.11670,0.37970,1.61280,55.80270,2.92330,11.22280,1.33620,1.85440,74.07560,5.5535,5.2598
2021-06-30,2775.00000,459.70000,2315.30000,585.10000,637.30000,14.90000,1829.60000,485.70000,96.40000,582.10000,-409.10000,991.20000,1025.50000,448.50000,1144.50000,485.70000,149.70000,150.10000,3.00000,2.99000,2.14620,0.39330,0.64820,83.43420,17.50270,17.50270,20.97660,16.16220,0.11340,0.36640,1.64400,54.74590,9.14420,33.44860,4.19080,5.54800,75.21660,8.2506,7.7627
2021-03-31,2694.00000,478.10000,2215.90000,514.20000,595.00000,-34.70000,1242.00000,973.90000,-506.90000,467.00000,44.20000,422.80000,404.60000,410.20000,1120.80000,973.90000,151.90000,152.30000,2.70000,2.69000,2.12250,0.40530,0.68150,82.25320,36.15070,36.15070,17.33480,15.22640,0.11290,0.40800,1.45280,61.94770,3.79440,21.16110,1.69610,2.25650,70.80480,5.04920,4.44120
2020-12-31,2852.60000,490.70000,2361.90000,1726.10000,806.20010,586.30000,2195.20000,166.69950,,352.79990,13.40000,339.39990,357.50010,357.90010,257.09950,166.69890,160.90000,161.30000,2.69000,2.67000,1.84040,0.41000,0.69490,82.79810,5.84380,5.84380,12.36770,12.54650,0.11590,0.45920,1.49050,60.38070,3.34550,19.43250,1.45210,1.97380,70.11880,-3.0192,-3.4976
2020-09-30,3376.10000,449.10000,2927.00000,1140.90000,573.10000,-44.00000,1840.60000,1086.40000,-128.60000,957.80000,240.80000,717.00000,703.90000,701.50000,1220.40000,1086.40000,156.90000,157.20000,4.47000,4.46000,2.06180,0.40870,0.69110,86.69770,32.17910,32.17910,28.37000,20.77840,0.13540,0.43700,1.66730,53.97970,6.55130,42.27120,2.82300,3.87410,69.81480,8.0131,7.4408
2020-06-30,3681.60000,411.10000,3270.50000,647.60000,555.10000,-31.80000,1296.00000,1974.50000,63.00000,2037.50000,446.10000,1591.40000,1606.50000,1542.10000,2087.40000,1974.50000,160.60000,160.90000,9.60000,9.59000,2.46400,0.39670,0.65760,88.83370,53.63160,53.63160,55.34280,41.88670,0.14430,0.43150,1.72550,52.15780,14.23040,74.56830,6.29710,8.58490,71.31520,12.7527,12.0346
2020-03-31,3534.30000,454.30000,3080.00000,476.30000,570.10000,-67.20000,1260.10000,1819.90000,-120.50000,1699.40000,292.00000,1407.40000,1392.60000,1399.10000,1939.80000,1819.90000,172.80000,173.10000,8.10000,8.08000,1.72620,0.26240,0.47550,87.14600,51.49250,51.49250,48.08310,39.58630,0.13530,0.52900,1.68900,53.28750,11.10800,41.71960,5.33170,8.19330,74.71340,8.47660,7.61180
2019-12-31,3671.30100,447.10010,3224.20000,691.70010,664.90000,-22.20000,1446.50090,1777.69900,-49.30000,1728.40000,276.10000,1452.30000,1439.70000,1439.70000,1890.69900,1777.70000,187.10000,187.40000,8.05000,8.03000,1.72330,0.25050,0.44640,87.82180,48.42150,48.42150,47.07870,39.21500,0.13480,0.55600,1.95230,46.09950,10.79310,35.51390,5.28630,8.08910,87.52690,9.9855,9.4338
2019-09-30,3600.10000,430.00000,3170.10000,540.40000,554.50000,15.30000,1363.80000,1806.30000,-27.30000,1779.00000,211.30000,1567.70000,1545.90000,1545.90000,2135.80000,1806.30000,184.00000,184.20000,8.40000,8.39000,1.90610,0.24160,0.42550,88.05590,50.17360,50.17360,49.41530,42.94050,0.13100,0.57200,1.86200,48.33620,11.04860,31.85260,5.62470,8.37890,76.92030,9.8066,9.262
2019-06-30,3616.70000,476.30000,3140.40000,484.80000,587.60000,-41.20000,1184.50000,1955.90000,-197.40000,1758.50000,248.10000,1510.40000,1494.10000,1494.10000,2072.90000,1955.90000,190.30000,190.40000,7.85000,7.85000,2.46340,0.31480,0.45940,86.83050,54.07970,54.07970,48.62170,41.31110,0.13760,0.61320,1.84560,48.76380,11.53850,42.46650,5.68370,7.90640,70.20340,10.572,9.5679
2019-03-31,3489.80000,602.00000,2887.80000,563.70000,567.70000,-185.10000,1385.10000,1502.70000,357.30000,1860.00000,422.50000,1437.50000,1408.80000,1408.80000,1623.80000,1502.70000,196.60000,197.00000,7.17000,7.15000,2.84010,0.30070,0.43000,82.74970,43.05980,43.05980,53.29820,40.36910,0.13200,0.78160,1.67060,53.87160,10.19250,27.48290,5.32720,7.12770,71.28670,7.40860,6.76350
2018-12-31,3526.30000,488.50000,3037.80000,611.60000,591.10020,-135.10000,1594.69900,1443.10100,-28.60000,1414.50000,469.60000,944.90010,944.90010,946.80020,1406.70100,1443.10100,204.90000,205.30000,4.73000,4.71000,2.31880,0.31300,0.45550,86.14700,40.92390,40.92390,40.11290,26.84970,0.13940,0.52530,1.80050,49.98580,7.25080,22.46980,3.73640,4.98150,66.08320,8.8803,7.8246
2018-09-30,3439.00000,460.80000,2978.20000,507.90000,497.70000,40.40000,1280.60000,1697.60000,115.10000,1812.70000,369.80000,1442.90000,1442.90000,1444.40000,2044.10000,1697.60000,201.40000,201.90000,7.17000,7.15000,2.74620,0.30120,0.43100,86.60080,49.36320,49.36320,52.71010,42.00060,0.13490,0.50270,1.70480,52.79350,10.48630,29.20440,5.66020,7.32780,68.29300,8.9276,8.0701
2018-06-30,3356.50000,421.00000,2935.50000,981.00000,516.20000,-41.10000,1722.30000,1213.20000,-34.50000,1178.70000,263.70000,914.99990,914.99990,866.60000,1384.70000,1213.20000,207.10000,207.30000,4.18000,4.18000,2.35760,0.32610,0.48380,87.45720,36.14480,36.14480,35.11690,25.81860,0.14010,0.45190,1.72040,52.31340,7.46710,26.73800,3.82000,5.03240,60.82960,5.449,4.5284
2018-03-31,3131.10000,446.00000,2685.10000,496.70000,501.30000,-36.90000,1150.40000,1534.70000,-41.00000,1493.70000,322.50000,1171.20000,1171.20000,1172.90000,1703.60000,1534.70000,211.40000,211.70000,5.55000,5.54000,3.23450,0.29700,0.42260,85.75580,49.01470,49.01470,47.70530,37.45970,0.12000,0.49190,1.61460,55.74020,8.34340,21.95230,4.48910,5.86570,66.52590,6.88290,5.96320
2017-12-31,3307.00100,509.20000,2797.80100,587.60010,571.99990,-31.30000,1331.60000,1466.20100,-66.40000,1399.80000,1566.10000,-166.30030,-166.30030,-297.39980,1675.20100,1466.20100,212.60000,213.00000,-1.40000,-1.40000,2.33750,0.32020,0.47140,84.60240,44.33630,44.33630,42.32840,-8.99300,0.13980,0.56410,1.85060,48.63320,-1.32000,-4.07000,-0.70310,-0.89730,59.56550,7.0475,5.9818
2017-09-30,3077.80000,370.00000,2707.80000,446.40000,433.40000,-65.20000,1053.90000,1653.90000,-44.00000,1609.90000,383.80000,1226.10000,1226.10000,1226.10000,1831.30000,1653.90000,211.40000,211.80000,5.80000,5.79000,2.19460,0.31610,0.50680,87.97840,53.73640,53.73640,52.30680,39.83690,0.13340,0.36740,1.96350,45.83630,9.54250,26.07610,5.31400,6.52630,60.75790,7.7004,6.6151
2017-06-30,3078.40000,366.20000,2712.20000,796.20000,429.80000,-47.70000,1511.20000,1201.00000,-68.60000,1132.40000,269.60000,862.80000,862.80000,862.80000,1383.60000,1201.00000,211.90000,212.20000,4.07000,4.07000,2.10340,0.33970,0.56280,88.10420,39.01380,39.01380,36.78540,28.02760,0.14150,0.39100,1.88840,47.66050,7.45490,23.62610,3.96530,4.92250,54.73940,5.5289,4.5803
2017-03-31,2810.70000,384.60000,2426.10000,423.40000,498.70000,-30.80000,1401.40000,1024.70000,-38.00000,986.70000,239.20000,747.50000,747.50000,747.60000,1536.70000,1024.70000,215.60000,215.90000,3.47000,3.46000,2.29230,0.34170,0.56810,86.31660,36.45710,36.45710,35.10510,26.59840,0.13260,0.41730,1.87190,48.07880,6.51850,19.92380,3.52660,4.29100,54.06220,1.08940,0.11670
2016-12-31,2872.00000,378.49990,2493.50000,533.90010,494.19990,-461.90000,1606.00010,887.49950,-49.30000,838.20010,190.30010,647.90000,647.90000,649.19980,1064.90000,887.49950,218.40000,218.80000,3.01000,3.00000,2.55340,0.34940,0.53740,86.82100,30.90180,30.90180,29.18520,22.60450,0.12550,0.37790,1.99220,45.17550,5.34190,13.93030,2.83210,3.47560,56.17690,7.2675,6.4298
2016-09-30,2955.80000,416.90000,2538.90000,529.00000,462.70000,-10.60000,1113.60000,1425.30000,-58.10000,1367.20000,337.00000,1030.20000,1030.20000,1032.90000,1605.50000,1425.30000,218.90000,219.40000,4.72000,4.71000,3.23710,0.35020,0.53940,85.89550,48.22050,48.22050,46.25480,34.94490,0.13370,0.41290,2.01380,44.69250,8.50360,21.35040,4.66050,5.52550,55.68130,4.5182,3.742
2016-06-30,2894.20000,370.30000,2523.90000,473.10000,492.40000,-5.00000,1063.40000,1460.50000,-58.50000,1402.00000,353.60000,1048.40000,1048.40000,1049.80000,1635.90000,1460.50000,219.10000,219.40000,4.79000,4.79000,2.95990,0.36440,0.57380,87.20540,50.46300,50.46300,48.44170,36.27250,0.13450,0.37160,2.23840,40.20800,9.19350,24.55840,4.87290,5.84330,52.04290,4.5476,3.9243
2016-03-31,2726.80000,313.00000,2413.80000,437.30000,497.30000,-2.30000,1035.40000,1378.40000,-52.80000,1325.60000,356.40000,969.20000,969.20000,970.90000,1528.10000,1378.40000,218.90000,219.30000,4.44000,4.43000,2.59360,0.38760,0.63330,88.52140,50.55010,50.55010,48.61380,35.60580,0.13190,0.32450,1.95460,46.04630,9.38410,28.52270,4.68790,5.74730,47.14910,4.63200,4.05340
2015-12-31,2839.30000,331.90010,2507.40000,541.70000,583.00000,-24.70000,1339.39990,1168.00000,-82.40000,1085.80000,257.10000,828.69970,828.69980,831.59990,1324.30000,1168.00000,230.70000,231.20000,3.78000,3.77000,2.59930,0.41030,0.69610,88.31050,41.13690,41.13690,38.24180,29.28890,0.14560,0.37150,2.31400,38.89340,8.83960,31.55750,4.24870,5.21310,42.88610,5.449,4.6322
2015-09-30,2777.90000,310.00000,2467.90000,519.90000,477.80000,-0.20000,1096.00000,1371.90000,-15.40000,1356.40000,330.10000,1026.30000,1019.50000,965.60000,1523.50000,1371.90000,232.20000,232.60000,4.16000,4.15000,3.51970,0.38190,0.61840,88.84050,49.38620,49.38620,48.82830,34.76010,0.13400,0.33740,2.09210,43.01820,9.64800,25.63590,4.91840,5.96330,47.40600,3.9502,2.9519
2015-06-30,2591.60000,286.10000,2305.50000,490.70000,491.90000,2.20000,1072.40000,1233.10000,-10.90000,1222.20000,292.50000,929.70000,924.79990,927.30000,1377.70000,1233.10000,235.30000,235.70000,3.94000,3.93000,2.19850,0.04380,0.04610,88.96050,47.58060,47.58060,47.16010,35.78100,0.15460,0.33050,1.97710,45.52160,7.35540,15.10160,5.51820,7.03310,53.46370,4.442,3.8911
2015-03-31,2555.00000,312.40000,2242.60000,460.50000,560.40000,-7.80000,1124.60000,1118.00000,-15.00000,1102.90000,281.90000,821.00000,820.20000,822.50000,1265.90000,1118.00000,235.00000,235.60000,3.50000,3.49000,2.70210,0.04740,0.05000,87.77300,43.75730,43.75730,43.16630,32.19180,0.16790,0.37850,1.83810,48.96260,7.02860,15.00420,5.38920,6.69540,49.60870,3.11120,2.69610
2014-12-31,2640.65000,297.22900,2343.42100,500.06920,573.56790,-2.65100,1183.57300,1159.84900,-8.77000,1150.97900,268.19100,882.78830,882.61990,883.48020,1317.44100,1159.84900,236.40000,237.20000,3.74000,3.72000,2.04450,0.05090,0.05390,88.74410,43.92290,43.92290,43.58700,33.45690,0.18450,0.36970,2.04320,44.04820,8.16180,17.56350,6.16580,7.74620,46.10260,3.9246,3.4744
2014-09-30,2511.44600,302.63900,2208.80700,417.17400,570.43600,53.81200,1056.22900,1152.57800,-16.29000,1136.28800,274.77400,861.51400,856.12000,856.85800,1327.98400,1152.57800,236.21700,236.97200,3.63000,3.62000,2.25290,0.05300,0.05630,87.94960,45.89300,45.89300,45.24440,34.11810,0.18330,0.40190,2.30150,39.10530,8.20750,17.98600,6.24720,7.77240,44.16970,3.8655,3.6007
2014-06-30,2421.45200,291.88700,2129.56500,447.27300,576.62200,-0.11900,1140.84000,988.72500,4.86100,993.58600,268.52100,725.06500,723.13200,714.50600,1152.86400,988.72500,236.66100,237.40100,3.02000,3.01000,2.04790,0.05770,0.06160,87.94580,40.83190,40.83190,41.03270,29.50730,0.18740,0.40770,2.41580,37.25430,7.56000,18.30240,5.59790,7.12350,40.50570,4.1735,3.9034
2014-03-31,2129.75100,279.24500,1850.50600,528.88400,511.67400,4.65800,1179.15800,671.34790,-5.60100,665.74700,178.41400,487.33300,479.72800,479.95600,862.31090,671.34790,236.78600,237.84900,2.03000,2.02000,2.21110,0.06070,0.06500,86.88840,31.52240,31.52240,31.25940,22.53580,0.17410,0.41510,2.09110,43.03970,5.24810,13.53730,3.92250,4.92930,38.53740,0.43990,0.21160
2013-12-31,1965.85100,258.52700,1707.32400,422.28000,522.90600,5.05500,1049.50700,657.81690,-5.37500,652.54210,190.24700,462.29510,457.36520,457.26500,816.15990,657.81730,236.90000,238.30000,1.93000,1.91000,1.81140,0.06430,0.06910,86.84910,33.46220,33.46220,33.19390,23.26040,0.16570,0.39230,2.38460,37.74270,5.30530,15.69940,3.85530,4.96420,36.47770,3.6481,3.3178
2013-09-30,1827.78000,234.69600,1593.08400,410.01700,405.58400,7.04600,908.55300,684.53100,-4.64000,679.89100,186.10500,493.78600,487.61600,487.61600,832.00800,684.53100,237.07000,238.34900,2.06000,2.05000,1.74070,0.07880,0.08590,87.15950,37.45150,37.45150,37.19760,26.67810,0.16250,0.38190,2.05050,43.89240,6.00090,20.88500,4.33430,5.52820,34.39980,2.8246,2.4876
2013-06-30,1723.47300,230.72800,1492.74500,327.46300,431.01200,10.48200,830.21800,662.52710,-10.42800,652.09900,159.14000,492.95900,490.67000,490.67000,790.95410,662.52710,237.48400,238.74300,2.07000,2.06000,1.93490,0.08420,0.09230,86.61260,38.44140,38.44140,37.83630,28.46980,0.15900,0.40450,2.00060,44.98540,6.20930,24.38060,4.52580,5.68660,33.24810,2.6174,2.3908
2013-03-31,1415.09600,133.74900,1281.34700,284.34000,352.59800,-82.58300,770.82200,510.52500,-14.45700,496.06800,65.50800,430.56000,426.74900,426.74900,607.97800,510.52500,236.83700,238.30400,1.80000,1.79000,4.15780,0.08840,0.12470,90.54840,36.07710,36.07710,35.05540,30.15690,0.13920,0.26400,1.87780,47.92960,5.81430,9.38450,4.19830,5.30030,30.92000,0.75090,0.61120
2012-12-31,1417.94200,133.82700,1284.11500,345.18090,375.97800,-66.50200,838.60910,445.50590,-14.29000,431.21600,136.34100,294.87500,292.12610,292.12590,542.38200,445.50570,237.93800,239.74000,1.24000,1.23000,1.95750,0.08980,0.16380,90.56190,31.41920,31.41920,30.41140,20.60210,0.14000,0.29910,2.06440,43.59580,4.19490,7.07160,2.88370,3.81800,29.43500,2.0798,1.797
2012-09-30,1385.55400,139.35800,1246.19600,304.21700,299.63100,-53.28200,710.94600,535.25000,-4.54800,530.70200,131.04400,399.65800,398.40000,398.40000,629.45300,535.25000,236.47400,238.12500,1.68000,1.67000,2.00870,0.08990,0.16690,89.94210,38.63080,38.63080,38.30250,28.75380,0.14390,0.35470,2.09450,42.96960,5.98020,10.55090,4.13680,5.44230,28.15730,2.3113,2.062
2012-06-30,1420.95100,139.11200,1281.83900,329.55900,301.76700,-91.36900,776.11600,505.72310,2.95000,508.67300,121.02100,387.65200,387.14100,386.84600,596.34710,505.72310,238.98800,240.62200,1.62000,1.61000,2.00220,0.09280,0.17460,90.20990,35.59050,35.59050,35.79810,27.22440,0.15510,0.38330,2.07790,43.31300,6.17380,11.59170,4.22530,5.60080,26.53170,2.6455,-1.0678
2012-03-31,1292.01400,133.19700,1158.81700,355.96200,300.08900,-87.15200,789.44700,369.37010,15.14400,384.51400,82.14800,302.36600,302.36600,302.66100,453.31510,369.37010,239.75400,241.82800,1.26000,1.25000,2.00250,0.09030,0.17110,89.69070,28.58870,28.58870,29.76080,23.42550,0.14180,0.39450,1.88820,47.66340,4.79300,9.07660,3.31780,4.36030,26.33360,0.80480,3.98840
2011-12-31,1326.71100,139.63700,1187.07400,338.93400,283.91810,-103.61700,777.97200,409.10170,-3.97300,405.12900,104.92000,300.20910,300.20910,300.23700,497.82270,409.10180,242.39500,245.03300,1.23000,1.23000,3.25940,0.14170,0.16560,89.47500,30.83580,30.83580,30.53640,22.63020,0.14660,0.42720,2.26940,39.65770,4.67110,8.17460,3.31740,4.00930,26.54520,1.9413,1.653
2011-09-30,1309.93400,123.52700,1186.40700,301.39100,261.39800,-83.97500,697.91390,488.49300,-7.72700,480.76600,127.10400,353.66200,353.66200,351.82600,575.86000,488.49300,242.88300,245.36600,1.45000,1.43000,3.20470,0.14540,0.17070,90.57000,37.29140,37.29140,36.70160,26.85830,0.14880,0.39730,2.25440,39.92160,5.67350,10.31640,4.01790,4.84850,25.66140,2.3207,2.112
2011-06-30,1208.64700,100.50300,1108.14400,285.64400,266.30100,-90.25000,697.33100,410.81300,-11.72800,399.08500,95.03600,304.04900,304.04900,288.03400,501.11300,410.81300,242.37500,244.96600,1.19000,1.18000,2.81730,0.14930,0.19730,91.68470,33.98950,33.98950,33.01920,23.83110,0.14020,0.32600,1.81220,49.66410,5.02050,9.41030,3.52640,4.27080,24.96930,1.7522,1.5316
2011-03-31,1203.34200,103.11300,1100.22900,293.63300,244.51600,-75.99400,683.94600,416.28310,9.95100,426.23400,117.46800,308.76600,308.76600,294.33100,508.82810,416.28310,241.53600,244.55100,1.22000,1.20000,2.68510,0.15810,0.21150,91.43110,34.59390,34.59390,35.42090,24.45950,0.14510,0.34920,1.75000,51.42750,5.44150,11.04260,3.72300,4.58120,23.48320,1.03690,0.90550
2010-12-31,1219.07200,100.30400,1118.76800,290.84510,276.39400,-67.83100,763.58310,355.18460,-4.66400,350.52110,78.76900,271.75200,271.75200,240.27800,450.83960,355.18470,252.30700,254.86700,0.99000,0.97000,2.41920,0.16370,0.22090,91.77210,29.13570,29.13570,28.75310,19.70990,0.15060,0.34700,2.01390,44.68940,4.98680,10.73990,3.35810,4.17060,22.65520,1.4487,1.2823
2010-09-30,1175.78900,95.91800,1079.87100,319.05400,244.16000,-63.99100,885.73600,194.13490,-6.94500,187.19000,75.01100,112.17900,112.17900,254.11500,284.26290,194.13490,239.86400,242.31300,1.06000,1.05000,2.58480,0.17410,0.21300,91.84230,16.51100,16.51100,15.92040,21.61230,0.15900,0.35620,1.90660,47.20470,2.21250,5.06170,1.51710,1.82730,21.27640,2.0008,1.814
2010-06-30,1212.70200,106.98500,1105.71700,331.67500,262.32200,-62.69200,709.83700,395.88000,1.01200,396.89200,102.24300,294.64900,294.64900,293.43800,483.33100,395.88000,259.93800,261.65800,1.13000,1.12000,2.98450,0.17030,0.20720,91.17800,32.64450,32.64450,32.72790,24.19700,0.16160,0.39940,2.20940,40.73580,5.65410,12.79000,3.92750,4.69110,21.54180,1.6897,1.504
2010-03-31,1108.86000,97.05500,1011.80500,307.03000,248.66400,-63.55700,708.11600,303.68900,-8.38600,295.30300,75.31000,219.99300,219.99300,217.44200,386.19900,303.68900,269.92200,272.70300,0.80000,0.80000,3.53060,0.15320,0.18410,91.24730,27.38750,27.38750,26.63120,19.60950,0.13490,0.34660,1.97740,45.51520,3.69700,7.35800,2.67720,3.13080,22.28700,1.23540,1.09530
2009-12-31,1127.05700,99.70000,1027.35700,283.08200,241.62000,-63.29600,643.98010,383.37700,6.36600,389.74300,83.74700,305.99600,305.99600,305.63700,476.57700,383.37710,287.35600,289.47600,1.07000,1.07000,3.46960,0.14710,0.17570,91.15400,34.01580,34.01580,34.58060,27.11820,0.13180,0.33920,2.04470,44.01620,4.88660,9.40890,3.57810,4.16770,21.70540,0.9798,0.7859
2009-09-30,1120.51800,93.48600,1027.03200,304.05500,226.75500,-60.69700,642.85400,384.17790,9.36000,393.53800,113.93600,279.60200,279.60200,277.66300,470.06190,384.17790,288.91700,291.03700,0.96000,0.95000,3.56580,0.14130,0.16690,91.65690,34.28570,34.28570,35.12110,24.77990,0.12410,0.33550,2.03360,44.25590,4.23780,7.91610,3.09760,3.63890,22.81410,0.9106,0.7792
2009-06-30,1093.28900,90.72100,1002.56800,416.45300,220.82900,-49.13800,779.65400,222.91390,14.68000,237.59400,92.70900,144.88500,144.88500,142.84500,349.64490,222.91390,288.61500,290.35900,0.49000,0.49000,3.41360,0.14810,0.17620,91.70200,20.38930,20.38930,21.73200,13.06560,0.12460,0.33780,2.13830,42.08930,2.31980,4.63100,1.65070,1.97620,21.62220,0.7849,0.6658
2009-03-31,1036.48400,98.19700,938.28700,279.47800,221.83000,-42.77300,633.32900,304.95800,6.84600,311.80400,65.22500,246.57900,246.57900,243.98700,427.10400,304.95800,287.70300,289.74400,0.85000,0.84000,3.07100,0.15250,0.18430,90.52600,29.42240,29.42240,30.08290,23.53990,0.12090,0.36630,2.15390,41.78480,4.09580,8.77560,2.87550,3.47140,20.86320,1.03800,0.91010
