Date,revenue,cost-goods-sold,gross-profit,research-development-expenses,selling-general-administrative-expenses,other-operating-income-expenses,operating-expenses,operating-income,total-non-operating-income-expense,pre-tax-income,total-provision-income-taxes,income-after-taxes,income-from-continuous-operations,net-income,ebitda,ebit,basic-shares-outstanding,shares-outstanding,eps-basic-net-earnings-per-share,eps-earnings-per-share-diluted,current-ratio,long-term-debt-capital,debt-equity-ratio,gross-margin,operating-margin,ebit-margin,pre-tax-profit-margin,net-profit-margin,asset-turnover,inventory-turnover,receiveable-turnover,days-sales-in-receivables,roe,return-on-tangible-equity,roa,roi,book-value-per-share,operating-cash-flow-per-share,free-cash-flow-per-share
2023-12-31,139.50000,88.70000,50.80000,,,-33.90000,33.90000,16.90000,-7.30000,9.60000,8.30000,1.30000,1.30000,0.10000,,16.90000,62.80000,63.90000,0.00160,0.00160,,,,,,,,,,,,,,,,,,,
2023-09-30,116.59370,71.61580,44.97790,4.58120,33.93290,-1.16930,39.68330,5.29460,-7.54400,-2.24940,0.42900,-2.67850,-2.67850,-4.59160,10.12240,5.29460,62.84700,62.84700,-0.07310,-0.07310,1.26860,0.27430,0.68070,38.57660,4.54100,4.54100,-1.92930,-3.93810,0.14220,0.51440,0.54690,164.57240,-0.80530,-5.64760,-0.32680,-0.58440,5.29240,0.23440,0.17160
2023-06-30,102.97760,64.50220,38.47550,4.14150,28.69660,-0.53180,33.36990,5.10550,-9.47170,-4.36620,-1.57660,-2.78960,-2.78960,-1.70760,9.52010,5.10550,62.14600,63.18600,-0.02770,-0.02460,1.32940,0.29140,0.73680,37.36290,4.95790,4.95790,-4.24000,-1.65820,0.12590,0.45880,0.52470,171.54090,-0.84410,-6.26200,-0.34100,-0.59810,5.26290,-0.1347,-0.1979
2023-03-31,92.49350,36.13780,56.35580,3.89390,23.98770,1.39250,26.48900,29.86670,-7.57780,22.28890,-5.18960,27.47850,27.47850,28.14590,34.85350,29.86670,62.00200,63.08000,0.45400,0.44600,1.39110,0.29850,0.74820,60.92940,32.29060,32.29060,24.09780,30.43010,0.10920,0.23630,0.46840,192.13630,8.22040,73.37330,3.24500,5.76680,5.27830,0.0325,-0.0218
2022-12-31,92.90120,59.14130,33.75990,3.45790,28.41360,0.33050,31.54090,2.21900,-9.96030,-7.74140,0.68490,-8.42630,-8.42630,-8.15670,7.67280,2.21900,61.65730,61.65730,-0.13230,-0.13230,1.36490,0.33090,0.83860,36.33960,2.38850,2.38850,-8.33290,-8.78000,0.10640,0.37380,0.45190,199.14040,-2.74810,-87.12120,-0.96540,-1.83870,4.84160,0.668,0.629
2022-09-30,127.33330,75.67590,51.65740,3.85200,31.90490,1.09230,34.66460,16.99280,-8.06820,8.92460,5.01260,3.91200,3.91200,0.49830,21.52820,16.99280,60.53700,61.73700,0.00820,0.00810,1.49200,0.20620,0.49720,40.56860,13.34510,13.34510,7.00890,0.39130,0.16220,0.52940,0.75440,119.29680,1.24270,21.99770,0.49820,0.98640,4.97240,-0.52480,-0.54590
2022-06-30,105.74950,69.32520,36.42430,2.29590,24.45210,0.30480,26.44320,9.98110,-7.62080,2.36030,6.89600,-4.53570,-4.53570,-5.01410,13.48830,9.98110,42.30200,42.30200,-0.11720,-0.11390,1.33700,0.35400,0.99840,34.44390,9.43840,9.43840,2.23200,-4.74150,0.20410,0.54980,0.79670,112.95990,-2.86530,-9.96410,-0.87520,-1.85100,3.45100,-0.1201,-0.0906
2022-03-31,69.48250,45.82340,23.65910,1.83600,18.03390,-1.64170,21.51170,2.14750,-4.78420,-2.63680,4.34020,-6.97690,-6.97690,-6.48670,4.28210,2.14750,41.13900,41.13900,-0.15770,-0.15770,1.16380,0.43750,1.75120,34.05040,3.09060,3.09060,-3.79490,-9.33580,0.13800,0.36790,0.52990,169.83680,-5.96010,-104.80880,-1.38550,-3.35250,2.83930,0.1745,0.1456
2021-12-31,92.66290,55.33300,37.32990,1.38400,18.81460,0.57000,19.62860,17.70120,-8.22160,9.47960,4.14110,5.33850,5.33850,3.42710,19.38790,17.70120,41.10430,42.40320,0.08340,0.08080,1.51010,0.55620,1.68620,40.28570,19.10280,19.10280,10.23020,3.69850,0.19730,0.57970,0.67830,132.68770,4.79180,81.39860,1.13670,2.12660,2.71040,-0.1442,-0.1644
2021-09-30,66.90620,37.88250,29.02380,1.43150,16.18320,-1.36890,18.98360,10.04020,-5.17970,4.86050,2.59530,2.26520,2.26520,0.87410,11.89960,10.04020,41.10400,42.37700,0.02130,0.02060,1.30280,0.53560,1.83450,43.37980,15.00640,15.00640,7.26470,1.30650,0.14790,0.34300,0.60110,149.72800,2.31520,-77.75430,0.50080,1.07520,2.38040,-0.32430,-0.33800
2021-06-30,82.21110,49.55340,32.65770,2.03540,16.07680,-0.83930,18.95150,13.70620,-4.21200,9.49420,8.11900,1.37520,1.37520,0.63370,15.73450,13.70620,39.21900,39.21900,0.02990,0.03040,1.25860,0.51700,1.92090,39.72420,16.67200,16.67200,11.54860,0.77080,0.20830,0.78220,0.81450,110.49100,1.52310,-23.69710,0.34850,0.73560,2.19660,0.5527,0.5511
2021-03-31,36.22110,20.90190,15.31920,1.44320,10.21310,1.11140,10.54500,4.77420,-5.00800,-0.23380,0.39070,-0.62450,-0.62450,-1.18050,6.54730,4.77420,38.75700,38.75700,-0.03050,-0.03050,1.23360,0.55540,2.33910,42.29360,13.18070,13.18070,-0.64550,-3.25910,0.10030,0.37220,0.40960,219.74100,-0.79670,6.79810,-0.17290,-0.35420,,-0.1052,-0.1244
2020-12-31,48.73870,25.07380,23.66490,1.11480,11.21970,0.20110,12.13350,11.53140,-5.89690,5.63450,3.83560,1.79900,1.79900,0.64820,12.83760,11.53140,38.01700,39.03800,0.01710,0.01660,1.12540,0.49100,2.11450,48.55450,23.65970,23.65970,11.56070,1.32990,0.14100,0.48030,0.52640,170.98470,,-32.45150,0.52030,1.17610,,-0.3994,-0.4141
2020-09-30,42.35530,23.11260,19.24260,1.02420,10.09220,0.24490,10.87160,8.37110,-12.73550,-4.36440,2.00590,-6.37030,-6.37030,-6.97160,9.52840,8.37110,36.36800,36.36800,-0.19170,-0.19170,1.35710,0.62320,2.66780,45.43150,19.76390,19.76390,-10.30430,-16.45970,0.13690,0.66310,0.53740,167.46270,-10.41710,-1880.71700,-2.05830,-3.92540,1.57930,-0.20630,-0.23450
2020-06-30,48.17380,25.34770,22.82610,0.80360,10.47400,1.20690,10.07070,12.75550,-8.24900,4.50640,1.36840,3.13800,3.13800,2.21540,13.83400,12.75550,36.12050,36.41700,0.06130,0.06050,1.26090,0.58110,2.43590,47.38280,26.47800,26.47800,9.35450,4.59880,0.16190,0.83640,0.61420,146.52470,5.16550,-2831.10700,1.05460,2.16400,1.68210,0.1026,0.0955
2020-03-31,25.67240,14.92010,10.75230,1.26430,8.68870,-0.15420,10.10720,0.64510,-4.58500,-3.93980,-0.36640,-3.57340,-3.57340,-3.12070,1.89950,0.64510,36.12100,36.12100,-0.08640,-0.08640,1.21360,0.57910,2.54010,41.88280,2.51290,2.51290,-15.34660,-12.15600,0.08990,0.51140,0.37290,241.36940,-6.14590,99.23350,-1.25120,-2.58680,1.60970,0.1402,0.1309
2019-12-31,62.99430,32.96270,30.03160,0.92360,10.49740,0.95440,10.46660,19.56500,-3.47160,16.09330,3.44350,12.64980,12.64980,11.31490,20.80950,19.56500,36.12050,36.12050,0.31330,0.31330,0.92440,0.39630,1.82040,47.67350,31.05830,31.05830,25.54730,17.96180,0.24080,1.03310,0.77220,116.54260,20.71440,-1810.40100,4.83600,12.50600,,-0.1366,-0.1471
2019-09-30,36.25170,20.34510,15.90660,1.20370,8.68490,0.16250,9.72610,6.18050,-16.39710,-10.21660,-2.23890,-7.97770,-7.97770,-7.05040,7.33660,6.18050,36.12100,36.12100,-0.19520,-0.19520,0.79210,0.43950,2.34620,43.87820,17.04870,17.04870,-28.18240,-19.44840,0.15550,0.57710,0.58100,154.91180,,48.06740,-3.42290,-10.77100,,0.14970,0.13280
2019-06-30,49.56410,28.31590,21.24820,2.64790,19.77590,9.06310,57.14160,-35.89340,-5.04360,20.70500,3.54060,10.14330,10.14330,5.41970,-34.34450,26.56580,30.47800,30.47800,0.17730,0.17730,0.84330,0.37390,1.66770,42.87010,-72.41820,53.59890,41.77430,10.93470,0.20440,1.02620,0.79330,113.45670,16.33510,-138.45050,4.18340,10.22770,1.71910,0.3655,0.3629
2019-03-31,18.68980,10.99630,7.69350,0.99580,8.88630,-0.23350,10.11560,-2.42210,-21.85530,-24.28390,-1.60510,-22.67880,-22.67880,-21.47470,-1.22100,-2.42210,28.59800,28.59800,-0.72000,-0.72000,,,,41.16420,-12.95950,-12.95950,-129.93130,-114.90090,,,,,,,,,,0.6615,0.6451
2018-12-31,62.45920,33.15370,29.30560,0.04570,10.58160,0.33230,10.29500,19.01060,-0.82360,18.18700,7.02110,11.16580,11.16580,6.84750,20.26550,19.01060,36.03900,36.03900,0.19000,0.19000,,,,46.91950,30.43680,30.43680,29.11810,10.96310,,,,,,,,,,0.1773,0.1397
2018-10-31,,,,,,-0.22410,,-0.22410,,-0.22410,,-0.22410,-0.22410,0.30440,-0.22410,-0.22410,3.27200,3.27200,-0.06000,-0.06000,11.67730,,,,,,,,,,,,-4.48280,-4.48270,-0.18980,-4.48280,1.51840,-0.23,-0.23
2018-09-30,29.61220,14.49900,15.11320,,,-6.94720,6.94720,8.16600,-13.73570,-5.56970,-1.97040,-3.59930,-3.59930,-2.61840,8.98820,8.16600,,,,0.00000,,,,51.03710,27.57650,27.57650,-18.80860,-8.84240,,,,,,,,,,0.00000,
2018-06-30,,,,,,-0.16150,,-0.16150,,,,,,-0.29560,,,3.25800,3.25800,-0.04000,-0.04000,,,,,,,,,,,,,,,,,,-0.0172,-0.0172
2018-04-30,,,,,,-0.20850,,-0.20850,,-0.20850,,-0.20850,-0.20850,-0.08910,-0.20850,-0.20850,2.98900,2.98900,-0.07000,-0.07000,19.20450,,,,,,,,,,,,-4.16940,-4.16950,-0.17750,-4.16940,1.53470,-0.1213,-0.1213
2018-03-31,,,,0.00000,,,,,,0.00000,0.00000,,0.00000,,,,,,,0.00000,,,,,,,,,,,,,,,,,,0,0
2018-01-31,,,,,,,,,,,,,,,,,,,,0.00000,,,,,,,,,,,,,,,,,,0,0
2017-12-31,,,,,,,,,,,,,,,,,,,,0.00000,,,,,,,,,,,,,,,,,,0,0
