Date,revenue,cost-goods-sold,gross-profit,research-development-expenses,selling-general-administrative-expenses,other-operating-income-expenses,operating-expenses,operating-income,total-non-operating-income-expense,pre-tax-income,total-provision-income-taxes,income-after-taxes,income-from-continuous-operations,income-from-discontinued-operations,net-income,ebitda,ebit,basic-shares-outstanding,shares-outstanding,eps-basic-net-earnings-per-share,eps-earnings-per-share-diluted,current-ratio,long-term-debt-capital,debt-equity-ratio,gross-margin,operating-margin,ebit-margin,pre-tax-profit-margin,net-profit-margin,asset-turnover,inventory-turnover,receiveable-turnover,days-sales-in-receivables,roe,return-on-tangible-equity,roa,roi,book-value-per-share,operating-cash-flow-per-share,free-cash-flow-per-share
2023-09-30,27.57500,30.38800,-2.81300,25.04400,11.02000,-0.21600,36.28000,-39.09300,-23.34100,-62.43400,0.02000,-62.45400,-62.45400,,-62.45400,-35.97800,-39.09300,298.70500,298.70500,-0.21000,-0.21000,12.56810,0.01340,0.01770,-10.20130,-141.76970,-141.76970,-226.41520,-226.48780,0.02450,0.43170,0.61750,145.75590,-6.01450,-6.26810,-5.53820,-5.93380,3.47620,-0.0736,-0.0968
2023-06-30,15.30800,18.49600,-3.18800,27.23400,10.27700,-0.00700,37.51800,-40.70600,10.70800,-29.99800,0.09800,-30.09600,-30.09600,,-30.09600,-37.42000,-40.70600,298.67900,298.67900,-0.10000,-0.10000,13.80850,0.00900,0.01280,-20.82570,-265.91330,-265.91330,-195.96290,-196.60310,0.01300,0.25210,0.39650,226.98720,-2.74120,-2.92410,-2.55280,-2.71650,3.67560,-0.0926,-0.1438
2023-03-31,13.34500,18.89600,-5.55100,25.69700,10.34000,-1.48000,37.51700,-43.06800,9.15000,-33.91800,,-33.91800,-33.91800,,-33.91800,-39.90100,-43.06800,298.42900,298.42900,-0.11000,-0.11000,14.24500,0.00960,0.01320,-41.59610,-322.72760,-322.72760,-254.16260,-254.16260,0.01100,0.29340,0.30810,292.10040,-3.00900,-3.20540,-2.80270,-2.98030,3.77550,-0.12250,-0.16150
2022-12-31,20.46400,26.38300,-5.91900,22.94400,8.94200,-5.15100,37.03700,-42.95600,5.52500,-37.43100,-3.00400,-34.42700,-34.42700,,-34.42700,-40.12800,-42.95600,298.09300,298.09300,-0.11000,-0.11000,14.05680,0.01010,0.01360,-28.92400,-209.91010,-209.91010,-182.91140,-168.23200,0.01640,0.45450,0.42020,214.16340,-2.97060,-3.16010,-2.76060,-2.94060,3.88380,-0.0712,-0.1205
2022-09-30,21.34300,26.10800,-4.76500,25.26300,12.21300,-2.51900,39.99500,-44.76000,1.45900,-43.30100,-0.42000,-42.88100,-42.88100,,-42.88100,-40.78100,-44.76000,298.18000,298.18000,-0.14000,-0.14000,14.43800,0.01010,0.01320,-22.32580,-209.71750,-209.71750,-202.88150,-200.91370,0.01660,0.44530,0.43080,208.88960,-3.60630,-3.87750,-3.32840,-3.56970,3.98740,-0.1016,-0.1239
2022-06-30,20.93200,23.13500,-2.20300,26.63300,11.38900,-0.43900,38.46100,-40.66400,-15.03900,-55.70300,0.08800,-55.79100,-55.79100,,-55.79100,-37.22300,-40.66400,298.15500,298.15500,-0.19000,-0.19000,15.16160,0.01100,0.01410,-10.52460,-194.26710,-194.26710,-266.11410,-266.53450,0.01570,0.39230,0.42540,211.58940,-4.52930,-4.86040,-4.18560,-4.47940,4.13110,-0.1306,-0.1598
2022-03-31,21.04700,21.25500,-0.20800,21.11200,9.06100,-0.13800,30.31100,-30.51900,-10.07600,-40.59500,-0.20000,-40.39500,-40.39500,,-40.39500,-27.41000,-30.51900,297.82500,297.82500,-0.14000,-0.14000,15.35710,0.01060,0.01330,-0.98830,-145.00400,-145.00400,-192.87780,-191.92760,0.01510,0.36950,0.44630,201.65870,-3.14080,-3.36170,-2.90480,-3.10760,4.31440,-0.14000,-0.15300
2021-12-31,36.70500,31.93400,4.77100,19.87000,10.83800,-1.60000,32.30800,-27.53700,-16.53400,-44.07100,-0.23300,-43.83800,-43.83800,0.00500,-43.83300,-24.26500,-27.53700,295.29300,295.29300,-0.16000,-0.16000,14.78120,0.01030,0.01290,12.99820,-75.02250,-75.02250,-120.06810,-119.41970,0.02550,0.61990,0.79110,113.75970,-3.30050,-3.52630,-3.04230,-3.26640,4.46160,-0.1052,-0.1228
2021-09-30,25.22000,22.38700,2.83300,16.56600,10.33800,-0.53800,27.44200,-24.60900,-6.23200,-30.84100,0.00300,-30.84400,-30.84400,-0.00500,-30.84900,-22.44200,-24.60900,297.61200,297.61200,-0.10000,-0.10000,20.92220,0.01040,0.01270,11.23320,-97.57730,-97.57730,-122.28790,-122.31960,0.01740,0.44360,0.58250,154.50950,-2.26490,-2.34080,-2.13230,-2.24140,4.57560,-0.0485,-0.0558
2021-06-30,24.96100,21.17500,3.78600,14.76100,9.55600,-0.08200,24.39900,-20.61300,-1.29700,-21.91000,0.00300,-21.91300,-21.91300,,-21.91300,-18.16900,-20.61300,297.56900,297.56900,-0.07000,-0.07000,23.76640,0.01080,0.01320,15.16770,-82.58080,-82.58080,-87.77690,-87.78900,0.01700,0.54550,0.44680,201.43180,-1.57620,-1.62790,-1.49120,-1.55910,4.67140,-0.0642,-0.0718
2021-03-31,17.61900,14.99600,2.62300,10.96500,6.89700,-0.10500,17.96700,-15.34400,-2.44700,-17.79100,0.01100,-17.80200,-17.80200,0.16400,-17.63800,-13.47500,-15.34400,288.20900,288.20900,-0.06000,-0.06000,26.02780,0.01150,0.01370,14.88730,-87.08780,-87.08780,-100.97620,-100.10780,0.01190,0.45460,0.33570,268.13040,-1.26380,-1.30440,-1.20040,-1.24930,4.73500,-0.05460,-0.06670
2020-12-31,28.58800,22.94900,5.63900,11.75900,7.71300,-0.08600,19.55800,-13.91900,-0.52800,-14.44700,-0.03900,-14.40800,-14.40800,-0.27800,-14.68600,-12.15100,-13.91900,248.48100,248.48100,-0.06000,-0.06000,16.40040,0.01660,0.01980,19.72510,-48.68830,-48.68830,-50.53520,-51.37120,0.02930,0.80460,0.50340,178.80060,-1.59930,-1.68150,-1.47680,-1.57280,3.19380,-0.0254,-0.0353
2020-09-30,25.62400,20.82500,4.79900,7.56600,4.97600,-0.00900,12.55100,-7.75200,-3.37400,-11.12600,0.08600,-11.21200,-11.21200,-0.54400,-11.75600,-5.19200,-7.75200,246.05900,246.05900,-0.05000,-0.05000,9.10080,0.02950,0.03550,18.72850,-30.25290,-30.25290,-43.42020,-45.87890,0.04520,0.57710,0.57850,155.56820,-2.26340,-2.48510,-1.97920,-2.19670,1.91410,-0.0451,-0.0538
2020-06-30,25.78300,20.27200,5.51100,8.10900,5.31200,-0.06300,13.48400,-7.97300,-2.70500,-10.67800,0.06700,-10.74500,-10.74500,-0.68700,-11.43200,-6.36300,-7.97300,243.76460,243.76460,-0.04000,-0.04000,4.55520,0.04980,0.06060,21.37460,-30.92350,-30.92350,-41.41490,-44.33930,0.06940,0.57600,0.57440,156.68930,-3.67060,-4.33950,-2.89020,-3.48800,1.19830,-0.0594,-0.0732
2020-03-31,23.88200,18.84700,5.03500,8.08500,6.84900,-0.21800,15.15200,-10.11700,-2.97100,-13.08800,0.01600,-13.10400,-13.10400,-0.39900,-13.50300,-8.49700,-10.11700,235.33000,235.33000,-0.06000,-0.06000,4.43200,0.05040,0.06100,21.08280,-42.36240,-42.36240,-54.80280,-56.54050,0.06450,0.59380,0.58810,153.02860,-4.53910,-5.38940,-3.54120,-4.31010,1.19320,-0.04290,-0.05730
2019-12-31,41.38500,32.95800,8.42700,8.14100,6.17000,-0.20300,14.51400,-6.08700,-0.88800,-6.97500,0.02600,-7.00100,-7.00100,-3.28400,-10.27300,-3.81400,-6.08700,232.82100,232.82100,-0.05000,-0.05000,3.55770,0.07210,0.08750,20.36250,-14.70830,-14.70830,-16.85390,-24.82300,0.12160,1.09500,0.83920,107.24760,-2.79750,-3.42700,-2.05720,-2.59570,1.06720,0.0177,-0.0043
2019-09-30,24.67900,18.52100,6.15800,5.75200,5.10600,-1.53600,12.39400,-6.23600,-3.07100,-9.30700,,-9.30700,-9.30700,-0.47500,-9.78200,-4.51500,-6.23600,232.81000,232.81000,-0.04000,-0.04000,3.91250,0.06390,0.07710,24.95240,-25.26840,-25.26840,-37.71220,-39.63690,0.07190,0.51400,0.56840,158.34880,-3.61420,-4.42140,-2.70990,-3.38330,1.10280,-0.0412,-0.0489
2019-06-30,23.65100,18.10100,5.55000,5.33200,4.74900,-0.06800,10.14900,-4.59900,-2.37200,-6.97100,,-6.97100,-6.97100,,-6.97100,-2.64600,-4.59900,232.46900,232.46900,-0.03000,-0.03000,4.40090,0.06510,0.07800,23.46620,-19.44530,-19.44530,-29.47440,-29.47440,0.06840,0.60510,0.58410,154.08950,-2.63200,-3.20820,-2.01630,-2.46070,1.13850,0.0075,-0.0055
2019-03-31,16.00800,13.80500,2.20300,6.03400,4.61200,-0.08100,10.72700,-8.52400,-3.49400,-12.01800,-0.00600,-12.01200,-12.01200,,-12.02400,-6.95700,-8.52400,232.01200,232.01200,-0.05000,-0.05000,5.34610,0.06070,0.07240,13.76190,-53.24840,-53.24840,-75.07500,-75.11250,0.04710,0.46960,0.46140,195.05620,-4.44100,-5.40090,-3.53750,-4.17170,1.16420,-0.04510,-0.05310
2018-12-31,28.47700,21.28500,7.19200,6.42300,6.51200,-0.50600,13.44100,-6.24900,-5.15900,-11.40800,0.06000,-11.46800,-11.47600,,-11.47600,-5.24600,-6.24900,185.83700,185.83700,-0.07000,-0.07000,5.48310,0.02630,0.02920,25.25550,-21.94410,-21.94410,-40.06040,-40.29920,0.08230,0.72620,0.73920,121.75300,-4.06090,-4.90370,-3.31580,-3.95410,1.21870,-0.0334,-0.0439
2018-09-30,21.57400,15.12600,6.44800,6.77000,5.03500,-0.00300,11.80800,-5.36000,-0.36300,-5.72300,0.30100,-6.02400,-6.02400,,-6.02400,-4.14100,-5.36000,232.43400,232.43400,-0.03000,-0.03000,2.52450,0.04790,0.05640,29.88780,-24.84470,-24.84470,-26.52730,-27.92250,0.13260,0.45790,0.85870,104.80530,-5.50740,-10.03430,-3.70370,-5.24370,0.60780,-0.002,-0.0264
2018-06-30,26.44500,17.03500,9.41000,6.90200,5.61600,-0.03000,12.54800,-3.13800,-1.18000,-4.31800,0.00500,-4.32300,-4.32300,,-4.32300,-1.97200,-3.13800,178.72700,178.72700,-0.02000,-0.02000,2.63890,0.04710,0.05500,35.58330,-11.86620,-11.86620,-16.32820,-16.34710,0.16060,0.60500,1.02670,87.65850,-3.83060,-7.77840,-2.62490,-3.65040,0.63120,-0.0946,-0.1011
2018-03-31,20.09000,13.46600,6.62400,6.94400,5.66500,-0.06600,12.67500,-6.05100,0.54700,-5.50400,0.00400,-5.50800,-5.50000,,-5.50000,-4.90000,-6.05100,178.18610,178.18610,-0.03000,-0.03000,2.81330,0.04850,0.05660,32.97160,-30.11950,-30.11950,-27.39670,-27.37680,0.12100,0.55900,1.45180,61.99200,-4.76500,-9.55970,-3.31240,-4.53370,0.64620,-0.04050,-0.04490
2017-12-31,40.25700,27.66200,12.59500,7.78600,5.36700,-0.03000,13.18300,-0.58800,-2.08700,-2.67500,0.21000,-2.88500,-2.88500,,-2.88500,0.89300,-0.58800,176.27000,176.27000,-0.01000,-0.01000,2.60760,0.04940,0.05740,31.28650,-1.46060,-1.46060,-6.64480,-7.16650,0.22660,1.59970,1.74420,51.59850,-2.40710,-4.70310,-1.62390,-2.28820,0.67310,-0.0042,-0.0057
2017-09-30,31.85400,21.66400,10.19000,5.70200,5.19000,-0.21800,11.11000,-0.92000,0.33000,-0.59000,0.43700,-1.02700,-1.02700,,-1.02700,0.26600,-0.92000,176.43800,176.43800,-0.01000,-0.01000,2.69970,0.05060,0.05860,31.98970,-2.88820,-2.88820,-1.85220,-3.22410,0.18030,1.09480,1.73490,51.87700,-0.84920,-1.68800,-0.58140,-0.80620,0.68260,-0.0438,-0.0472
2017-06-30,26.52100,17.25600,9.26500,5.25700,4.84000,-0.07000,10.16700,-0.90200,0.09300,-0.80900,0.39200,-1.20100,-1.20100,,-1.20100,0.28500,-0.90200,175.95270,175.95270,-0.01000,-0.01000,2.44480,0.05020,0.05790,34.93460,-3.40110,-3.40110,-3.05040,-4.52850,0.14550,0.87420,1.80320,49.91220,-0.99960,-1.98610,-0.65890,-0.94950,0.68160,0.0103,0.0081
2017-03-31,22.65600,13.10600,9.55000,6.27700,5.15600,-0.58400,12.01700,-2.46700,0.06400,-2.40300,0.53200,-2.93500,-2.93500,,-2.93500,-1.25700,-2.46700,174.85310,174.85310,-0.02000,-0.02000,2.42960,0.05040,0.05790,42.15220,-10.88890,-10.88890,-10.60650,-12.95460,0.12490,0.67830,1.49970,60.01190,-2.46080,-4.84640,-1.61800,-2.33670,0.68090,-0.01770,-0.02250
2016-12-31,30.68400,21.33800,9.34600,4.31600,5.00900,0.34900,8.97600,0.37000,-1.11900,-0.74900,0.12700,-0.87600,-0.87600,,-1.12100,1.42600,0.37000,163.45000,163.45000,0.00000,0.00000,2.50320,0.05020,0.06190,30.45890,1.20590,1.20590,-2.44100,-3.65340,0.16730,1.23860,2.05600,43.77400,-0.72070,-1.39270,-0.47750,-0.68450,0.69550,0.0481,0.0468
2016-09-30,20.63500,14.20100,6.43400,4.86800,4.99000,-0.34000,10.19800,-3.76400,-0.39600,-4.16000,0.25100,-4.41100,-4.41100,,-4.18700,-2.53400,-3.76400,165.19300,165.19300,-0.03000,-0.03000,2.67000,0.05640,0.06470,31.18000,-18.24090,-18.24090,-20.15990,-20.29080,0.11320,0.57730,1.37390,65.50570,-3.62690,-6.71480,-2.41900,-3.42220,0.69650,0.0007,-0.0071
2016-06-30,17.64700,12.52500,5.12200,5.24100,4.55300,-0.27000,10.06400,-4.94200,-1.06300,-6.00500,,-6.00500,-6.00500,,-5.81000,-3.91800,-4.94200,156.88900,156.88900,-0.04000,-0.04000,2.22050,0.07180,0.08400,29.02480,-28.00480,-28.00480,-34.02850,-32.92350,0.11410,0.60030,0.97630,92.18280,-6.18380,-14.60250,-3.88240,-5.73950,0.61900,-0.025,-0.0117
2016-03-31,16.30400,13.02200,3.28200,5.40200,5.57600,-2.03700,13.01500,-9.73300,-0.65900,-10.39200,0.00300,-10.39500,-10.39500,,-9.99400,-8.49900,-9.73300,156.85200,156.85200,-0.06000,-0.06000,2.61900,0.06890,0.08360,20.13000,-59.69700,-59.69700,-63.73900,-61.29780,0.10590,0.56430,1.47710,60.93110,-10.17590,-22.53320,-6.75210,-9.47460,0.65110,-0.04770,-0.05050
2015-12-31,19.98600,16.16800,3.81800,3.46100,4.97900,-0.86300,9.30300,-5.48500,4.26600,-1.21900,-0.00100,-1.21800,-1.21800,,-1.35500,-3.94900,-5.48500,140.39400,140.39400,0.00000,0.00000,2.90100,0.05680,0.07380,19.10340,-27.44420,-27.44420,-6.09930,-6.77970,0.12390,0.79380,0.78430,114.75830,-1.09130,-2.22580,-0.75500,-1.02930,0.71170,-0.0759,-0.0803
2015-09-30,16.03700,11.98900,4.04800,4.02200,4.07000,-0.49100,8.58300,-4.53500,0.35200,-4.18300,0.20100,-4.38400,-4.38400,,-4.13500,-3.75100,-4.53500,141.25300,141.25300,-0.03000,-0.03000,2.82290,0.07800,0.09690,25.24160,-28.27830,-28.27830,-26.08340,-25.78410,0.11410,0.62910,1.67160,53.84170,-4.85380,-8.94110,-3.11840,-4.47510,0.63600,-0.0244,-0.0262
2015-06-30,11.17700,10.08600,1.09100,3.87100,4.57000,-0.29500,8.73600,-7.64500,-0.00900,-7.65400,0.00800,-7.66200,-7.66200,,-7.34200,-6.65000,-7.64500,132.59500,132.59500,-0.06000,-0.06000,2.60550,0.09340,0.11840,9.76110,-68.39940,-68.39940,-68.47990,-65.68850,0.08510,0.61390,1.11810,80.49030,-9.50310,-19.23530,-5.83100,-8.61550,0.60800,-0.0403,-0.0478
2015-03-31,9.26300,8.24600,1.01700,4.85200,4.40300,1.01900,8.23600,-7.21900,13.91200,6.69300,0.00300,6.69000,6.69000,,7.01700,-6.15900,-7.21900,132.27600,134.28000,0.05000,0.05000,3.09150,0.09040,0.11010,10.97920,-77.93370,-77.93370,72.25520,75.75300,0.06840,0.52730,0.99430,90.51500,7.65670,14.42710,4.94040,6.96430,0.65910,-0.04010,-0.04260
2014-12-31,15.64700,18.68000,-3.03300,4.51000,3.91200,-6.23700,14.65900,-17.69200,-0.80500,-18.49700,-0.47700,-18.02000,-18.02000,,-17.46700,-16.24300,-17.69200,127.38580,127.38580,-0.14000,-0.14000,2.03400,0.10430,0.13580,-19.38390,-113.06960,-113.06960,-118.21430,-111.63160,0.12230,1.48990,1.19020,75.61450,-22.74280,-95.89190,-14.08370,-20.37080,0.59980,-0.0678,-0.07
2014-09-30,20.61100,15.40300,5.20800,3.23000,4.27200,-0.04600,7.54800,-2.34000,-0.02200,-2.36200,0.36800,-2.73000,-2.73000,,-2.42300,-0.82400,-2.34000,132.04900,132.04900,-0.02000,-0.02000,2.76250,0.09180,0.11350,25.26810,-11.35320,-11.35320,-11.45990,-11.75590,0.13970,1.01410,1.04220,86.35390,-2.72350,-6.94710,-1.85060,-2.47340,0.75880,-0.021,-0.0219
2014-06-30,18.47100,13.93000,4.54100,3.55600,4.87600,-0.00600,8.43800,-3.89700,-0.46300,-4.36000,0.44900,-4.80900,-4.80900,,-4.45700,-2.47200,-3.89700,130.39170,130.39170,-0.03000,-0.03000,2.73830,0.09630,0.11970,24.58450,-21.09790,-21.09790,-23.60460,-24.12970,0.12170,0.95980,0.96240,93.51310,-4.71380,-11.80330,-3.16920,-4.25970,0.77270,-0.0157,-0.0181
2014-03-31,13.99200,10.46200,3.53000,2.99800,4.65500,-0.00200,7.65500,-4.12500,0.01300,-4.11200,0.07700,-4.18900,-4.18900,0.32000,-3.52100,-2.90500,-4.12500,114.75600,114.75600,-0.03000,-0.03000,2.94850,0.11300,0.14300,25.22870,-29.48110,-29.48110,-29.38820,-25.16440,0.10530,0.74890,0.77940,115.47170,-4.97490,-9.20600,-3.15200,-4.41280,0.66680,-0.05780,-0.05880
2013-12-31,17.31600,11.42200,5.89400,3.58200,4.00500,,8.45500,-2.56100,0.22000,-2.34100,0.16700,-2.50800,-2.50800,,-1.66800,-1.00400,-2.56100,100.03000,100.03000,-0.01000,-0.01000,2.29720,0.13290,0.18130,34.03790,-14.78980,-14.78980,-13.51930,-9.63270,0.14400,0.81080,1.11930,80.41060,-3.56990,-8.02640,-2.08630,-3.09530,0.63790,-0.0076,-0.0089
2013-09-30,17.00300,12.31200,4.69100,4.09000,4.42000,,8.51000,-3.81900,-0.89900,-4.71800,0.31800,-5.03600,-5.03600,0.06600,-4.50800,-2.44500,-3.81900,99.36400,99.36400,-0.05000,-0.05000,1.69430,0.23070,0.31960,27.58930,-22.46070,-22.46070,-27.74800,-26.51300,0.14360,0.78860,0.84010,107.12870,-9.56310,-37.97030,-4.25290,-7.35730,0.52780,-0.0486,-0.0507
2013-06-30,14.59700,11.36100,3.23600,4.14200,4.79600,,8.93800,-5.70200,-0.10800,-5.81000,,-5.81000,-5.81000,,-5.81000,-4.30400,-5.70200,99.23300,99.23300,-0.05000,-0.05000,1.79480,0.20970,0.28280,22.16890,-39.06280,-39.06280,-39.80270,-39.80270,0.11940,0.80410,0.78560,114.56390,-10.07910,-32.53810,-4.75270,-7.96600,0.58040,-0.042,-0.042
2013-03-31,12.33500,9.39700,2.93800,5.29600,4.93100,,10.22700,-7.28900,-1.08100,-8.37000,,-8.37000,-8.37000,-0.04200,-7.97800,-5.88700,-7.28900,92.23300,92.23300,-0.09000,-0.09000,1.85320,0.20380,0.27250,23.81840,-59.09200,-59.09200,-67.85570,-64.67770,0.09460,0.85790,0.56930,158.09650,-13.37190,-37.33940,-6.41620,-10.64660,0.63100,-0.07590,-0.07510
2012-12-31,16.47600,12.78900,3.68700,4.67800,5.36800,,10.04600,-6.35900,-11.17500,-17.53400,,-17.53400,-17.53400,-0.51700,-17.57600,-5.02900,-6.35900,87.59200,87.59200,-0.20000,-0.20000,1.52900,0.18320,0.29270,22.37800,-38.59560,-38.59560,-106.42150,-106.67640,0.12920,1.13410,1.00620,89.44280,-30.23000,-100.09700,-13.74710,-24.69130,0.63180,-0.012,-0.0145
2012-09-30,10.31100,9.03700,1.27400,4.62000,5.34000,,9.96000,-8.68600,-0.88100,-9.56700,,-9.56700,-9.56700,0.23500,-8.95000,-7.03000,-8.68600,89.26880,89.26880,-0.10000,-0.10000,1.52980,0.17570,0.22690,12.35570,-84.24010,-84.24010,-92.78440,-86.80050,0.07020,0.54950,0.65190,138.05060,-12.57310,-41.64640,-6.51100,-10.36380,0.82890,0.0018,-0.0021
2012-06-30,6.82400,6.52900,0.29500,4.06800,3.63400,,7.70200,-7.40700,-0.40500,-7.81200,,-7.81200,-7.81200,,-7.41600,-6.05900,-7.40700,84.62140,84.62140,-0.08000,-0.08000,1.63680,0.16630,0.21240,4.32300,-108.54340,-108.54340,-114.47830,-108.67530,0.04670,0.38790,0.36730,245.06010,-10.10750,-28.63110,-5.34350,-8.42640,0.91300,-0.133,-0.1378
2012-03-31,10.07900,7.96600,2.11300,5.90700,4.86500,,10.77200,-8.65900,-0.08700,-8.74600,,-8.74600,-8.74600,0.21700,-8.44300,-7.06500,-8.65900,84.56650,84.56650,-0.10000,-0.10000,1.70500,0.15750,0.19880,20.96440,-85.91130,-85.91130,-86.77450,-83.76820,0.06290,0.50710,0.47870,187.99190,-10.33790,-25.40890,-5.45820,-8.70990,0.99990,-0.17810,-0.17540
2011-12-31,0.76000,3.22400,-2.46400,4.54100,2.33800,,6.87900,-9.34300,-2.12700,-11.47000,-0.08500,-11.38500,-11.38500,,-7.28900,-7.85300,-9.34300,84.44100,84.44100,-0.10000,-0.10000,1.88220,0.14360,0.17820,-324.21130,-1229.34500,-1229.34500,-1509.21400,-959.08080,0.00460,0.23680,0.04430,2032.58300,-12.32880,-27.11360,-6.88790,-10.55860,1.09220,0.0454,0.043
2011-09-30,20.60200,16.66700,3.93500,6.24300,5.40200,,11.64500,-7.71000,0.24500,-7.46500,0.06400,-7.52900,-7.52900,,-6.99100,-6.41200,-7.71000,84.54770,84.54770,-0.08000,-0.08000,1.97800,0.11700,0.14170,19.10010,-37.42360,-37.42360,-36.23440,-33.93360,0.12040,1.07050,1.03530,86.93330,-7.34540,-14.48920,-4.40100,-6.48600,1.21230,-0.1103,-0.1225
2011-06-30,19.11200,15.79700,3.31500,6.81400,5.73200,,12.54600,-9.23100,0.11400,-9.11700,0.04200,-9.15900,-9.15900,,-8.62900,-7.58000,-9.23100,84.45600,84.45600,-0.10000,-0.10000,2.21920,0.12030,0.14600,17.34510,-48.29950,-48.29950,-47.70300,-45.14970,0.10790,0.87090,1.17050,76.88990,-8.34300,-15.50720,-5.17200,-7.33900,1.29840,-0.1604,-0.162
2011-03-31,15.29900,12.80600,2.49300,7.29800,6.49800,,13.79600,-11.30300,-0.42200,-11.72500,0.11300,-11.83800,-11.83800,,-10.51100,-9.83600,-11.30300,84.20600,84.20600,-0.12000,-0.12000,2.38090,0.10240,0.12000,16.29520,-73.88070,-73.88070,-76.63900,-68.70380,0.08290,0.72840,1.06610,84.42320,-9.98590,-17.49940,-6.41770,-8.96370,1.40560,-0.16810,-0.15710
2010-12-31,21.08300,15.98700,5.09600,6.88700,7.76000,,14.64700,-9.55100,0.57600,-8.97500,,-8.97500,-8.97500,,-8.62400,-5.22800,-9.55100,84.10200,84.10200,-0.09000,-0.09000,2.83260,0.09340,0.10830,24.17110,-45.30190,-45.30190,-42.56990,-40.90500,0.11090,1.29110,1.81530,49.57840,-6.92610,-11.43280,-4.72300,-6.27900,1.53990,0.0212,0.0157
2010-09-30,16.52800,14.58800,1.94000,6.33900,5.79600,,12.13500,-10.19500,3.51600,-6.67900,,-6.67900,-6.67900,,-5.68300,-8.74500,-10.19500,84.12800,84.12800,-0.07000,-0.07000,3.13820,0.11640,0.13650,11.73770,-61.68320,-61.68320,-40.41020,-34.38410,0.08440,0.88340,1.27270,70.71820,-4.92340,-7.88360,-3.41200,-4.35040,,-0.0564,-0.0721
2010-06-30,15.52600,14.20000,1.32600,7.52300,5.45300,,12.97600,-11.65000,-0.28400,-11.93400,,-11.93400,-11.93400,,-10.66100,-10.46100,-11.65000,84.12700,84.12700,-0.13000,-0.13000,3.44060,0.11080,0.12900,8.54050,-75.03540,-75.03540,-76.86460,-68.66550,0.07840,0.91860,1.06280,84.68440,-8.50200,-13.36920,-6.02870,-7.56010,,-0.1439,-0.1569
2010-03-31,11.88200,10.11200,1.77000,8.00000,4.88100,,12.88100,-11.11100,3.26300,-7.84800,0.00300,-7.85100,-7.85100,,-6.56400,-9.45800,-11.11100,84.01200,84.01200,-0.08000,-0.08000,3.79930,0.15420,0.18650,14.89650,-93.51120,-93.51120,-66.04950,-55.24320,0.05650,0.75140,0.77140,116.67730,-5.17960,-7.82700,-3.73630,-4.38110,,-0.16940,0.06170
2009-12-31,16.51600,14.15900,2.35700,5.49500,4.71700,,14.01300,-11.65600,37.28300,25.62700,,25.63400,25.63400,,25.63400,-7.83200,-11.65600,83.63700,83.63700,0.31000,0.31000,3.54050,0.01090,0.01300,14.27100,-70.57400,-70.57400,155.16470,155.20710,0.08450,1.54440,1.28000,70.31180,16.26630,23.59100,13.10900,16.08870,1.87670,0.0174,0.0377
2009-09-30,9.04700,7.72800,1.31900,4.83300,3.85700,,14.55300,-13.23400,1.88200,-11.35200,,-11.35200,-11.35200,,-11.35200,-11.39500,-13.23400,83.99500,83.99500,-0.14000,-0.14000,2.85610,0.02850,0.02930,14.57940,-146.28050,-146.28050,-125.47810,-125.47810,0.05510,0.58940,0.70050,128.47900,-8.37970,-13.50270,-6.91630,-8.14130,,-0.0599,-0.0774
2009-06-30,13.07500,11.05300,2.02200,8.49000,4.40000,,14.39400,-12.37200,13.95500,1.58300,,1.58300,1.58300,,1.58300,-10.23700,-12.37200,83.94100,85.50600,0.02000,0.02000,3.38620,0.02450,0.02510,15.46460,-94.62330,-94.62330,12.10710,12.10710,0.07500,0.92920,0.72640,123.90060,1.07800,1.66110,0.90830,1.05160,,-0.1755,-0.207
2009-03-31,8.08400,7.85500,0.22900,7.81000,5.03000,,15.01000,-14.78100,-4.34200,-19.12300,,-19.12300,-19.12300,,-19.12300,-13.07500,-14.78100,82.66200,82.66200,-0.23000,-0.23000,3.37350,0.08940,0.09820,2.83280,-182.84270,-182.84270,-236.55370,-236.55370,0.04310,0.57470,0.65140,138.17290,-13.16910,-20.44720,-10.20100,-11.99180,,-0.10440,-0.13060
