Date,revenue,cost-goods-sold,gross-profit,research-development-expenses,selling-general-administrative-expenses,operating-expenses,operating-income,total-non-operating-income-expense,pre-tax-income,total-provision-income-taxes,income-after-taxes,income-from-continuous-operations,net-income,ebitda,ebit,basic-shares-outstanding,shares-outstanding,eps-basic-net-earnings-per-share,eps-earnings-per-share-diluted,current-ratio,long-term-debt-capital,debt-equity-ratio,gross-margin,operating-margin,ebit-margin,pre-tax-profit-margin,net-profit-margin,asset-turnover,inventory-turnover,receiveable-turnover,days-sales-in-receivables,roe,return-on-tangible-equity,roa,roi,book-value-per-share,operating-cash-flow-per-share,free-cash-flow-per-share
2023-09-30,9.31800,6.56900,2.74900,13.78500,24.89600,115.96100,-113.21200,0.68500,-112.52700,0.03900,-112.56600,-112.56600,-112.56600,-32.33900,-113.21200,35.00100,35.00100,-3.22000,-3.22000,2.60080,0.02930,0.03250,29.50200,-1214.98200,-1214.98200,-1207.63000,-1208.04900,0.05120,0.24860,1.07490,83.73150,-94.59410,-135.24200,-61.88210,-91.82020,3.36640,-0.5316,-0.532
2023-06-30,8.66200,6.35400,2.30800,14.61000,26.93600,41.54600,-39.23800,0.35900,-38.87900,0.03300,-38.91200,-38.91200,-38.91200,-36.03400,-39.23800,31.49800,31.49800,-1.24000,-1.24000,3.65910,0.01650,0.01810,26.64510,-452.99010,-452.99010,-448.84560,-449.22650,0.03190,0.19580,1.13780,79.10070,-18.11920,-38.94470,-14.33850,-17.82010,6.46080,-1.121,-1.1357
2023-03-31,7.41500,5.34500,2.07000,13.93700,25.97600,39.91300,-37.84300,0.74500,-37.09800,0.02600,-37.12400,-37.12400,-37.12400,-34.68400,-37.84300,30.20450,30.20450,-1.20000,-1.20000,3.73820,0.01540,0.01680,27.91640,-510.35740,-510.35740,-500.31020,-500.66090,0.02540,0.16140,1.09370,82.29270,-16.03720,-32.32480,-12.70710,-15.79080,7.54550,-1.07310,-1.08500
2022-12-31,8.21500,6.41100,1.80400,14.01100,25.32000,39.33100,-37.52700,0.65600,-36.87100,1.80600,-38.67700,-38.67700,-38.67700,-34.76700,-37.52700,28.92100,28.92100,-1.27000,-1.27000,4.38350,0.01430,0.01570,21.95980,-456.81080,-456.81070,-448.82550,-470.80950,0.02670,0.21540,1.16990,76.93000,-15.50820,-29.53210,-12.57780,-15.28630,8.39220,-1.1988,-1.2456
2022-09-30,7.22100,5.41200,1.80900,12.74200,21.21600,33.95800,-32.14900,0.36800,-31.78100,0.02800,-31.80900,-31.80900,-31.80900,-29.57400,-32.14900,28.97000,28.97000,-1.10000,-1.10000,6.51330,0.01270,0.01390,25.05190,-445.21530,-445.21530,-440.11910,-440.50680,0.02230,0.21610,1.23880,72.65060,-11.29010,-15.69340,-9.82680,-11.14670,9.48950,-0.9869,-1.0103
2022-06-30,6.67000,5.19900,1.47100,11.76700,21.78300,33.55000,-32.07900,-0.03800,-32.11700,0.04100,-32.15800,-32.15800,-32.15800,-29.47400,-32.07900,28.55500,28.55500,-1.13000,-1.13000,7.75000,0.01260,0.01380,22.05400,-480.94450,-480.94450,-481.51430,-482.12900,0.02070,0.25250,1.37500,65.45580,-11.29410,-15.72710,-10.00090,-11.15180,9.81630,-0.9884,-0.9962
2022-03-31,5.69600,4.83500,0.86100,10.52700,20.27700,30.80400,-29.94300,,-29.94300,0.00900,-29.95200,-29.95200,-29.95200,-27.40500,-29.94300,28.46130,28.46130,-1.10000,-1.10000,12.98890,0.01160,0.01260,15.11590,-525.68470,-525.68470,-525.68470,-525.84270,0.01640,0.29720,1.03300,87.12430,-9.62510,-13.05060,-8.60170,-9.51390,10.74210,-1.14170,-1.14600
2021-12-31,6.30200,6.06400,0.23800,9.21600,19.80600,29.02200,-28.78400,0.06800,-28.71600,-5.76700,-22.94900,-22.94900,-22.94900,-26.57500,-28.78400,27.67820,27.67820,-0.80000,-0.80000,12.47320,0.01070,0.01170,3.77660,-456.74390,-456.74380,-455.66480,-364.15420,0.01670,0.48950,1.27730,70.46340,-6.80740,-9.03090,-6.08570,-6.73470,11.64070,-0.946,-0.9679
2021-09-30,4.65500,3.50100,1.15400,6.50500,15.32700,21.83200,-20.67800,-0.04000,-20.71800,0.03500,-20.75300,-20.75300,-20.75300,-20.15200,-20.67800,28.01730,28.01730,-0.70000,-0.70000,19.32250,,,24.79060,-444.21050,-444.21050,-445.06980,-445.82170,0.01290,0.38810,1.55370,57.92480,-6.07590,-6.22930,-5.77020,-6.07590,12.13630,-0.7089,-0.7185
2021-06-30,3.85600,2.41700,1.43900,4.08600,13.82900,17.91500,-16.47600,-2.30100,-18.77700,0.00900,-18.78600,-18.78600,-18.78600,-15.96000,-16.47600,27.88980,27.88980,-0.70000,-0.70000,31.87000,,,37.31850,-427.28220,-427.28220,-486.95540,-487.18880,0.01080,0.49430,1.35870,66.23960,-5.43160,-5.56830,-5.26500,-5.43160,12.39420,-0.417,-0.4143
2021-03-31,3.16800,2.12500,1.04300,2.67800,9.52800,12.20600,-11.16300,1.22200,-9.94100,0.00600,-9.94700,-9.94700,-9.94700,-10.71500,-11.16300,26.39390,26.39390,-0.40000,-0.40000,51.64610,0.03940,0.04100,32.92300,-352.36740,-352.36740,-313.79420,-313.98360,0.00820,0.69990,1.59040,56.59090,-2.74240,-2.80870,-2.58460,-2.63440,13.01030,-0.52680,-0.52770
2020-12-31,3.98900,2.81100,1.17800,2.87700,9.42800,12.30500,-11.12700,-0.61400,-11.74100,-0.00100,-11.74000,-11.74000,-11.73000,-10.55700,-11.12700,10.42510,10.42510,0.80000,0.80000,5.23070,0.31760,0.46530,29.53120,-278.94210,-278.94220,-294.33440,-294.05860,0.06600,0.84800,1.43750,62.60970,-33.46450,-44.41250,-19.42100,-22.83740,1.84690,-1.7037,-1.7037
2020-09-30,2.19600,1.46000,0.73600,2.30400,8.65900,10.96300,-10.22700,-0.53500,-10.76200,0.03000,-10.79200,-10.79200,-10.79200,-9.90900,-10.22700,13.29420,13.29420,-0.80000,-0.80000,1.17990,0.10790,1.09120,33.51550,-465.71040,-465.71040,-490.07280,-491.43900,0.05300,0.31790,0.56890,158.19670,-73.53510,-175.33710,-26.07020,-65.60090,0.98930,-0.294,-0.294
2020-06-30,1.18200,0.60300,0.57900,2.40100,5.61300,8.01400,-7.43500,-0.63400,-8.06900,0.00500,-8.07400,-8.07400,-8.07400,-7.14000,-7.43500,9.09070,9.09070,-0.90000,-0.90000,1.26380,0.23320,2.69200,48.98480,-629.01860,-629.01860,-682.65660,-683.07950,0.04340,0.18330,0.36380,247.38580,-138.32450,-138.32450,-29.67950,-106.06940,0.63460,0.5806,0.5806
2020-03-31,1.13600,0.85600,0.28000,2.67400,7.36800,10.04200,-9.76200,-0.74300,-10.50500,-0.00500,-10.50000,-10.50000,-10.51000,-9.46600,-9.76200,3.55690,3.55690,-3.00000,-3.00000,0.73240,,-4.02780,24.64790,-859.33090,-859.33090,-924.73590,-925.17600,0.05950,0.23710,0.27610,326.01230,249.22870,249.22850,-54.96810,249.22860,-1.11600,-2.25810,-2.25810
2019-12-31,2.78850,1.69110,1.09740,2.39890,5.85940,8.25830,-7.16090,-0.73210,-7.89300,0.02700,-7.92010,-7.92010,-7.90010,-6.84810,-7.16090,1.49780,1.49780,0.80000,0.80000,1.07170,,5.55800,39.35300,-256.80070,-256.80060,-283.05530,-283.30810,0.09230,0.49110,0.44020,204.43070,-219.16690,-219.16670,-26.21860,-219.16670,1.05440,-1.2276,-1.2335
2019-09-30,3.31300,2.37500,0.93800,2.17400,4.44900,6.62300,-5.68500,-0.70900,-6.39400,0.00400,-6.39800,-6.39800,-6.39800,-5.40700,-5.68500,1.08980,1.08980,-5.90000,-5.90000,2.39860,1.64730,-2.67400,28.31270,-171.59670,-171.59670,-192.99730,-193.11800,0.17250,0.91520,0.55210,163.01550,86.71130,86.71120,-33.31020,-56.12850,-6.77050,-6.6388,-6.6461
2019-06-30,2.17500,1.55500,0.62000,2.40800,5.05600,7.46400,-6.84400,-0.81600,-7.66000,-0.00500,-7.65500,-7.65500,-7.66500,-6.57700,-6.84400,1.08600,1.08600,-7.10000,-7.10000,3.17360,1.07780,-14.44180,28.50580,-314.66670,-314.66670,-352.18390,-352.41380,0.08630,0.51450,0.43640,206.21420,569.22520,569.22600,-30.36390,-44.30780,-1.23400,-5.4324,-5.46
2019-03-31,1.85300,1.14700,0.70600,2.10000,4.79100,6.89100,-6.18500,-1.66200,-7.84700,-0.00500,-7.84200,-7.84200,-7.85200,-5.91500,-6.18500,1.02110,1.02110,-7.70000,-7.70000,5.94340,0.75790,3.13040,38.10040,-333.78310,-333.78310,-423.47550,-423.74530,0.06270,0.81590,0.45670,197.05420,-133.59030,-133.59020,-26.53690,-32.34350,5.41280,-6.41660,-6.41660
2018-12-31,4.01350,2.98810,1.02540,2.51310,4.61090,7.12400,-6.09860,-0.30370,-6.40220,0.00920,-6.41150,-6.41150,-6.41150,-5.94780,-6.09860,0.70770,0.70770,1.60000,1.60000,5.09080,0.47110,0.89070,25.54910,-151.94980,-151.94980,-159.51640,-159.74580,0.16180,2.79640,0.88910,101.22990,-63.24590,-63.24590,-25.85010,-33.45100,10.08190,-7.8011,-7.8586
2018-09-30,2.82870,3.06830,-0.23960,2.50510,3.22410,5.72920,-5.96880,1.03980,-4.92910,-0.00300,-4.92610,-4.92610,-4.92610,-5.57760,-5.96880,0.77790,0.77790,-6.30000,-6.30000,5.18990,0.37160,0.59130,-8.47130,-211.00970,-211.00970,-174.25200,-174.14680,0.09220,1.17340,0.70700,127.29620,-32.33410,-32.33400,-16.06170,-20.31940,15.18490,8.6149,8.7667
2018-06-30,3.39000,1.81340,1.57660,2.09880,3.49000,5.58880,-4.01220,0.70630,-3.30600,0.00550,-3.31150,-3.31150,-3.31150,-3.62510,-4.01220,0.33640,0.33640,-9.80000,-9.80000,,,,46.50660,-118.35430,-118.35430,-97.52100,-97.68340,,,,,,,,,,-8.5261,-9.0534
2018-03-31,1.76850,0.84140,0.92700,2.36710,2.89540,5.26250,-4.33550,0.49190,-3.84360,0.00380,-3.84740,-3.84740,-3.84740,-3.94400,-4.33550,0.33160,0.33160,-11.60000,-11.60000,,,,52.41980,-245.15110,-245.15110,-217.33780,-217.55130,,,,,,,,,,-20.46890,-20.50460
2017-12-31,,,,,,,,,,,,,,,,,,,0.00000,,,,,,,,,,,,,,,,,,61.6528,64.1727
2017-09-30,2.74310,1.69020,1.05280,2.96710,3.11690,6.08400,-5.03120,-0.05900,-5.09020,-0.00470,-5.08550,-5.08550,-5.08550,-5.03120,-5.03120,0.29210,0.29210,-17.40000,-17.40000,,,,38.38180,-183.41450,-183.41450,-185.56640,-185.39370,,,,,,,,,,-61.6528,-64.1727
2016-12-31,,,,,,,,,,,,,,,,,,,0.00000,,,,,,,,,,,,,,,,,,0,0
