Date,revenue,cost-goods-sold,gross-profit,selling-general-administrative-expenses,other-operating-income-expenses,operating-expenses,operating-income,total-non-operating-income-expense,pre-tax-income,total-provision-income-taxes,income-after-taxes,income-from-continuous-operations,income-from-discontinued-operations,net-income,ebitda,ebit,basic-shares-outstanding,shares-outstanding,eps-basic-net-earnings-per-share,eps-earnings-per-share-diluted,current-ratio,long-term-debt-capital,debt-equity-ratio,gross-margin,operating-margin,ebit-margin,pre-tax-profit-margin,net-profit-margin,asset-turnover,receiveable-turnover,days-sales-in-receivables,roe,return-on-tangible-equity,roa,roi,book-value-per-share,operating-cash-flow-per-share,free-cash-flow-per-share
2024-03-31,25.85160,12.95670,12.89490,13.44860,-0.82300,14.27160,-1.37670,-0.64270,-2.01940,0.04780,-2.06720,-2.06720,,-2.06720,2.83260,-1.37670,23.50000,23.50000,-0.08690,-0.08690,1.01580,,0.02090,49.88030,-5.32530,-5.32530,-7.81150,-7.99630,0.23400,1.30750,68.83330,-2.75100,285.45530,-1.87130,-2.75100,3.23620,0.12700,0.12180
2023-12-31,25.14470,12.19260,12.95210,13.76200,0.35080,13.41120,-0.45910,-0.79510,-1.25420,-0.41420,-0.84000,-0.84000,,-0.84000,3.55140,-0.45910,22.60000,22.60000,-0.04280,-0.04280,1.04270,,0.03480,51.51020,-1.82580,-1.82580,-4.98780,-3.34060,0.22480,1.24630,72.21250,-1.10480,-402.10910,-0.75080,-1.10480,3.30510,0.2729,0.2691
2023-09-30,24.56950,11.66550,12.90410,14.20040,-1.02960,15.23000,-2.32590,-0.48980,-2.81570,0.39620,-3.21190,-3.21190,,-3.21190,1.30400,-2.32590,23.30000,23.30000,-0.14150,-0.14150,1.04500,,0.05090,52.52060,-9.46660,-9.46660,-11.46010,-13.07260,0.22270,1.26640,71.07030,-4.18530,520.45540,-2.91070,-4.18530,3.38100,0.051,0.0484
2023-06-30,26.96450,11.88860,15.07590,14.26460,0.57460,13.69000,1.38590,-0.40130,0.98460,0.57360,0.41110,0.41110,,0.41110,4.98010,1.38590,22.30000,23.60000,0.02180,0.02180,1.31970,0.05860,0.06220,55.91010,5.13970,5.13970,3.65160,1.52450,0.23820,1.49740,60.10550,0.51780,23.14310,0.36320,0.48740,3.51970,-0.0707,-0.0729
2023-03-31,24.53690,11.41990,13.11700,12.77990,0.22110,12.55880,0.55820,-0.63970,-0.08160,0.42940,-0.51090,-0.51090,,-0.51090,3.46600,0.55820,22.10000,22.10000,-0.02150,-0.02150,1.28490,0.07290,0.07860,53.45820,2.27480,2.27480,-0.33250,-2.08230,0.22000,1.82950,49.19510,-0.67160,35.05150,-0.45800,-0.62270,3.52970,0.30900,0.30170
2022-12-31,24.37150,11.01120,13.36030,13.53580,0.40850,13.12730,0.23300,-0.74130,-0.50830,0.43780,-0.94620,-0.94620,,-0.94620,3.16340,0.23300,21.40000,21.40000,-0.03170,-0.03170,1.22340,0.08730,0.09720,54.81930,0.95600,0.95600,-2.08570,-3.88220,0.22160,1.39110,64.69580,-1.29150,23.42860,-0.86030,-1.17880,3.47080,-0.0712,-0.086
2022-09-30,21.04950,10.52930,10.52020,12.12060,-0.04940,12.17000,-1.64980,-0.24780,-1.89760,0.11480,-2.01240,-2.01240,,-2.01240,0.64590,-1.64980,21.90000,21.90000,-0.09200,-0.09200,1.11600,0.06460,0.07080,49.97850,-7.83770,-7.83770,-9.01480,-9.56030,0.19040,1.77710,50.64360,-2.76180,38.88670,-1.82060,-2.58330,3.45200,-0.0099,-0.0143
2022-06-30,22.12900,9.75550,12.37350,12.07230,0.49910,11.57320,0.80030,-0.09260,0.70770,0.61190,0.09580,0.09580,,0.09580,2.71280,0.80030,21.00000,21.80000,0.00000,0.00000,0.98170,,0.00160,55.91520,3.61640,3.61640,3.19800,0.43280,0.20860,1.98890,45.25100,0.12630,-2.26360,0.09030,0.12630,3.59420,0.1509,0.1479
2022-03-31,21.72580,10.48140,11.24440,11.54180,0.04150,11.50030,-0.25590,-0.07520,-0.33100,0.47690,-0.80800,-0.80800,,-0.80800,1.51270,-0.25590,20.00000,20.00000,-0.04490,-0.04490,1.71240,,,51.75620,-1.17770,-1.17770,-1.52380,-3.71900,0.22270,2.09640,42.93130,-1.06890,-6.13240,-0.82840,-1.06890,3.76940,0.21340,0.20890
2021-12-31,18.03640,8.80600,9.23040,11.39230,-0.04630,11.43850,-2.20810,-0.05960,-2.26770,-0.40460,-1.86310,-1.86310,,-1.86310,-0.32980,-2.20810,19.50000,19.50000,-0.10300,-0.10300,1.76000,,,51.17670,-12.24260,-12.24260,-12.57320,-10.32990,0.18280,1.79140,50.23940,-2.37900,-14.82570,-1.88850,-2.37900,3.92440,-0.1334,-0.1366
2021-09-30,15.18100,7.38530,7.79570,10.52200,0.04250,10.47960,-2.68390,-0.04720,-2.73100,0.18990,-2.92090,-2.92090,,-2.92090,-1.16050,-2.68390,20.00000,20.00000,-0.14150,-0.14150,1.60910,,,51.35160,-17.67900,-17.67900,-17.98980,-19.24030,0.14860,1.65410,54.40970,-3.74640,-23.69200,-2.85960,-3.74640,3.90690,0.0008,-0.0004
2021-06-30,18.66510,10.20070,8.46440,10.67060,0.00720,10.66340,-2.19890,-0.02890,-2.22790,0.58080,-2.80860,-2.80860,,-2.80860,-0.93320,-2.19890,19.90000,19.90000,-0.14460,-0.14460,1.59050,,,45.34890,-11.78100,-11.78100,-11.93600,-15.04750,0.17190,1.81460,49.59850,-3.41270,-21.73830,-2.58610,-3.41270,4.12540,-0.0651,-0.0672
2021-03-31,17.11470,9.09870,8.01600,8.62490,0.00720,8.61760,-0.60160,-0.08200,-0.68360,0.61120,-1.29480,-1.29480,,-1.29480,0.40630,-0.60160,18.10000,18.10000,-0.07230,-0.07230,2.04580,,,46.83710,-3.51510,-3.51510,-3.99410,-7.56550,0.18980,1.65710,54.31320,-2.01180,-5.55100,-1.43630,-2.01180,3.24660,0.19520,0.19420
2020-12-31,16.26970,9.15170,7.11800,12.11560,-1.15840,13.27390,-6.15590,-0.15450,-6.31040,-0.08620,-6.22430,-6.22430,-0.00520,-6.22950,-5.44590,-6.15590,8.59000,8.59000,-0.59200,-0.59200,1.22530,,,43.75030,-37.83690,-37.83680,-38.78650,-38.28910,0.19760,1.36360,66.00130,-13.65740,-95.93110,-7.55800,-13.65740,3.47600,-0.0747,-0.0809
2020-09-30,13.69370,7.75280,5.94090,4.91450,-3.69400,8.60850,-2.66770,-0.38580,-3.05340,0.63590,-3.68940,-3.68940,,-3.68940,-1.69360,-2.66770,8.04000,8.04000,-0.46760,-0.46760,0.27650,,,43.38400,-19.48100,-19.48100,-22.29810,-26.94210,0.23970,1.46460,61.44960,133.50250,8.63780,-6.45870,133.50250,-0.34390,0.538,0.523
2020-06-30,13.37290,7.74620,5.62660,4.54640,-0.24110,4.78760,0.83900,-0.97340,-0.13430,0.54830,-0.68270,-0.68270,0.25110,-0.43160,1.57180,0.83900,8.00000,8.00000,-0.11010,-0.11010,0.26480,,,42.07490,6.27420,6.27420,-1.00450,-3.22770,0.25950,2.67040,33.70280,-107.63900,1.85470,-1.32490,-107.63890,0.07890,0.0808,0.0739
2020-03-31,9.69050,5.31410,4.37640,4.50000,-5.48070,9.98070,-5.60430,-0.06730,-5.67160,0.26810,-5.93960,-5.93960,-0.34860,-6.28820,-4.73930,-5.60430,7.99000,7.99000,-0.77220,-0.77220,0.46130,,,45.16170,-57.83240,-57.83240,-58.52690,-64.89070,0.19210,1.23950,72.61270,-541.65110,16.24230,-11.77530,-541.64990,0.13730,0.35070,0.34920
2019-12-31,,,,,,,,,,,,,,,,,,,,0.00000,,,,,,,,,,,,,,,,,0,0
