Date,revenue,cost-goods-sold,gross-profit,selling-general-administrative-expenses,other-operating-income-expenses,operating-expenses,operating-income,total-non-operating-income-expense,pre-tax-income,total-provision-income-taxes,income-after-taxes,income-from-continuous-operations,net-income,ebitda,ebit,basic-shares-outstanding,shares-outstanding,eps-basic-net-earnings-per-share,eps-earnings-per-share-diluted,current-ratio,long-term-debt-capital,debt-equity-ratio,gross-margin,operating-margin,ebit-margin,pre-tax-profit-margin,net-profit-margin,asset-turnover,inventory-turnover,receiveable-turnover,days-sales-in-receivables,roe,return-on-tangible-equity,roa,roi,book-value-per-share,operating-cash-flow-per-share,free-cash-flow-per-share
2023-10-31,80.31500,57.77200,22.54300,20.17500,0.03600,20.13900,2.40400,-0.49400,1.91000,0.20100,1.70900,1.70900,1.70900,4.58400,2.40400,9.07680,9.07680,0.18000,0.18000,4.86500,0.02110,0.02960,28.06820,2.99320,2.99320,2.37810,2.12790,0.48090,1.42390,2.61090,34.47040,1.31930,1.31930,1.02340,1.29160,14.27100,0.4285,0.4093
2023-07-31,54.18900,38.89800,15.29100,14.65700,-0.03700,14.69400,0.59700,0.34500,0.94200,0.25800,0.68400,0.68400,0.68400,1.94800,0.59700,9.07680,9.07680,0.08000,0.08000,4.16490,0.02390,0.03260,28.21790,1.10170,1.10170,1.73840,1.26220,0.31610,0.88980,1.71630,52.43810,0.53400,0.53400,0.39900,0.52120,14.11180,-0.1324,-0.2502
2023-04-30,55.51000,40.05300,15.45700,14.94100,-0.23200,15.17300,0.28400,0.02900,0.31300,0.16400,0.14900,0.14900,0.14900,1.86300,0.28400,9.07680,9.07680,0.02000,0.02000,4.18350,0.02600,0.03470,27.84540,0.51160,0.51160,0.56390,0.26840,0.32490,1.00250,1.77760,50.63090,0.11690,0.11690,0.08720,0.11390,14.03640,0.4323,0.3282
2023-01-31,61.62200,44.55600,17.06600,15.79400,0.07200,15.72200,1.34400,-0.01400,1.33000,0.39800,0.93200,0.93200,0.93200,2.79200,1.34400,9.07680,9.07680,0.10000,0.10000,4.30610,0.02730,0.03670,27.69470,2.18100,2.18100,2.15830,1.51240,0.36330,1.14780,1.80990,49.72620,0.73240,0.73240,0.54950,0.71240,14.02000,-0.28940,-0.31000
2022-10-31,82.30700,60.34200,21.96500,20.10600,0.08200,20.02400,1.94100,-0.28700,1.65400,-1.00200,2.65600,2.65600,2.65600,4.03500,1.94100,9.07680,9.07680,0.29000,0.29000,3.46070,0.02940,0.03890,26.68670,2.35820,2.35820,2.00960,3.22690,0.46670,1.48870,2.30280,39.08270,2.10250,2.10250,1.50610,2.04070,13.91730,-0.3131,-0.3767
2022-07-31,59.51900,42.49800,17.02100,15.22000,57.64500,-42.42500,59.44600,-1.26200,58.18400,16.88600,41.29800,41.29800,41.29800,60.87600,59.44600,9.07680,9.07680,4.55000,4.55000,2.48370,0.03430,0.04390,28.59760,99.87730,99.87730,97.75700,69.38630,0.32960,1.01130,1.62560,55.36330,35.18080,35.18080,22.86790,33.97560,12.93250,-0.7999,5.5385
2022-04-30,59.98600,43.30400,16.68200,15.17800,,15.17800,1.50400,-0.30800,1.19600,0.39100,0.80500,0.80500,0.80500,3.11800,1.50400,9.07680,9.07680,0.09000,0.09000,2.74530,0.33650,0.55250,27.80980,2.50720,2.50720,1.99380,1.34200,0.36950,1.05790,1.98070,45.43810,1.05800,1.05800,0.49590,0.70190,8.38270,0.3977,0.3704
2022-01-31,64.08600,47.69300,16.39300,14.73100,0.01800,14.71300,1.68000,-1.30700,0.37300,0.06600,0.30700,0.30700,0.30700,3.22400,1.68000,9.07680,9.07680,0.03000,0.03000,2.84480,0.34700,0.53730,25.57970,2.62150,2.62150,0.58200,0.47900,0.39710,1.21560,1.96070,45.90160,0.40780,0.40780,0.19020,0.26630,8.29400,-0.14730,-0.18730
2021-10-31,78.72200,64.48700,14.23500,19.10100,0.12600,18.97500,-4.74000,-0.15400,-4.89400,-1.11000,-3.78400,-3.78400,-3.78400,-2.49600,-4.74000,9.07680,9.07680,-0.41000,-0.41000,2.74240,0.32440,0.49440,18.08260,-6.02120,-6.02120,-6.21680,-4.80680,0.50210,1.75370,2.57770,34.91530,-5.04680,-5.04680,-2.41340,-3.40960,8.26040,-0.5972,-0.4876
2021-07-31,56.53800,44.52700,12.01100,14.14400,0.29600,13.84800,-1.83700,-0.10000,-1.93700,-0.52700,-1.41000,-1.41000,-1.41000,-0.43800,-1.83700,9.07680,9.07680,-0.16000,-0.16000,1.88640,0.23490,0.37250,21.24410,-3.24910,-3.24910,-3.42600,-2.49390,0.35980,1.29000,1.87600,47.97520,-2.02800,-2.02800,-0.89720,-1.55160,7.65970,-0.2316,-0.348
2021-04-30,50.47700,39.89000,10.58700,12.90600,0.00800,12.89800,-2.31100,0.00300,-2.30800,-0.53500,-1.77300,-1.77300,-1.77300,-0.77100,-2.31100,9.07680,9.07680,-0.20000,-0.20000,2.19120,0.24010,0.37960,20.97390,-4.57830,-4.57830,-4.57240,-3.51250,0.33080,1.28240,1.77790,50.62090,-2.49940,-2.49940,-1.16200,-1.89930,7.81500,-0.3593,-0.6457
2021-01-31,54.69300,40.14200,14.55100,13.97600,0.07400,13.90200,0.64900,1.20800,1.85700,0.39300,1.46400,1.46400,1.46400,2.13500,0.64900,9.07680,9.07680,0.16000,0.16000,2.30410,0.24470,0.38550,26.60490,1.18660,1.18660,3.39530,2.67680,0.34920,1.34680,1.95120,46.12640,2.01350,2.01350,0.93480,1.52080,8.01050,0.52800,0.19110
2020-10-31,66.66900,47.14700,19.52200,18.47700,0.04400,18.43300,1.08900,0.41200,1.49300,-0.41100,1.90400,1.90400,1.90400,3.42500,1.08900,9.07680,9.07680,0.21000,0.21000,2.62370,0.25740,0.40880,29.28200,1.63350,1.63350,2.23940,2.85590,0.42930,1.60930,2.00000,45.00070,2.67240,2.67240,1.22610,1.98460,7.84990,0.2199,-0.7962
2020-07-31,41.66000,29.62800,12.03200,11.03700,0.00500,11.03200,1.00000,0.85400,1.85400,-1.27900,3.13300,3.13300,3.13300,1.90300,1.00000,9.07680,9.07680,0.35000,0.35000,3.07140,0.26480,0.42120,28.88140,2.40040,2.40040,4.45030,7.52040,0.28410,1.37930,1.80790,49.78080,4.35730,4.35730,2.13640,3.20340,7.92150,0.9535,0.485
2020-04-30,42.99900,30.08900,12.91000,12.69400,-0.00400,12.69800,0.21200,-0.88600,-0.66600,-1.09300,0.42700,0.42700,0.42700,1.35300,0.21200,9.07680,9.07680,0.05000,0.05000,2.73090,0.28080,0.51910,30.02400,0.49300,0.49300,-1.54890,0.99300,0.29820,1.28810,1.66370,54.09540,0.62090,0.62090,0.29610,0.44660,7.57630,0.3587,-0.1709
2020-01-31,46.64200,31.58800,15.05400,12.95800,0.01300,12.94500,2.10900,0.34000,2.44900,0.59000,1.85900,1.85900,1.85900,3.24300,2.10900,9.07680,9.07680,0.20000,0.20000,2.34210,0.17700,0.31720,32.27560,4.52170,4.52170,5.25060,3.98570,0.35990,1.19890,1.93490,46.51470,2.72010,2.72010,1.43430,2.23850,7.52930,-0.43950,-1.11820
2019-10-31,59.46400,41.27000,18.19400,16.32300,-0.29900,16.62200,1.57200,,1.57200,0.28900,1.28300,1.28300,1.28300,2.94000,1.57200,9.07680,9.07680,0.14000,0.14000,2.64630,0.15080,0.20680,30.59670,2.64360,2.64360,2.64360,2.15760,0.48170,1.56520,2.71840,33.10830,1.92980,1.92980,1.03920,1.63880,7.32530,0.2431,-0.4064
2019-07-31,42.83700,29.42200,13.41500,11.81900,0.00900,11.81000,1.60500,,1.60500,0.50000,1.10500,1.10500,1.10500,2.44500,1.60500,9.07680,9.07680,0.12000,0.12000,2.59650,0.14950,0.20280,31.31640,3.74680,3.74680,3.74680,2.57950,0.35630,1.22370,1.96220,45.86670,1.55900,1.55900,0.91900,1.32590,7.80890,0.614,-0.01
2019-04-30,41.44300,27.04200,14.40100,11.60800,,11.60800,2.79300,,2.79300,0.57300,2.22000,2.22000,2.22000,3.77900,2.79300,9.07680,9.07680,0.24000,0.24000,2.60850,0.08590,0.13280,34.74890,6.73940,6.73940,6.73940,5.35680,0.37320,1.09960,1.93360,46.54510,3.18160,3.18160,1.99940,2.90830,7.68730,-0.1371,-0.9002
2019-01-31,45.04100,29.38700,15.65400,13.08700,,13.08700,2.56700,,2.56700,0.69100,1.87600,1.87600,1.87600,3.52600,2.56700,9.07680,9.07680,0.21000,0.21000,2.88920,0.08850,0.11100,34.75500,5.69930,5.69930,5.69930,4.16510,0.41830,1.35030,2.11220,42.60920,2.77700,2.77700,1.74220,2.53130,7.44340,0.07860,-0.71370
2018-10-31,56.69700,38.64400,18.05300,15.71500,0.23400,15.48100,2.57200,,2.57200,0.51000,2.06200,2.06200,2.06200,3.91400,2.57200,9.07680,9.07680,0.22000,0.22000,2.89740,,,31.84120,4.53640,4.53640,4.53640,3.63690,0.55860,1.65050,2.79390,32.21280,3.13950,3.13950,2.03160,3.13950,7.23670,0.3597,-0.5668
2018-07-31,38.46800,26.03400,12.43400,10.73000,,10.73000,1.70400,,1.70400,0.25600,1.44800,1.44800,1.44800,2.46700,1.70400,9.07680,9.07680,0.16000,0.16000,3.01060,,,32.32300,4.42970,4.42970,4.42970,3.76420,0.38340,1.05430,2.16190,41.63100,2.39370,2.39370,1.44310,2.39370,6.66520,0.484,-0.0551
2018-04-30,37.90000,25.84000,12.06000,11.61300,5.99500,5.61800,6.44200,,6.44200,1.80800,4.63400,4.63400,4.63400,7.39900,6.44200,9.07680,9.07680,0.52000,0.52000,3.54040,,,31.82060,16.99740,16.99740,16.99740,12.22690,0.39030,1.05820,2.34660,38.35330,7.84830,7.84830,4.77270,7.84830,6.50560,0.2035,0.7328
2018-01-31,41.19200,27.23300,13.95900,11.87100,0.00700,11.86400,2.09500,,2.09500,3.72200,-1.62700,-1.62700,-1.62700,2.97300,2.09500,9.07680,9.07680,-0.18000,-0.18000,3.26440,,,33.88770,5.08590,5.08590,5.08590,-3.94980,0.44730,1.14570,2.32130,38.77090,-2.99020,-2.99020,-1.76680,-2.99020,5.99500,-0.13660,-0.53470
2017-10-31,56.43600,36.74100,19.69500,15.45800,,15.45800,4.23700,0.01000,4.24700,1.26600,2.98100,2.98100,2.98100,5.47300,4.23700,9.07680,9.07680,0.33000,0.33000,3.43650,,,34.89790,7.50760,7.50760,7.52530,5.28210,0.57860,1.59630,2.94740,30.53580,5.31960,5.31960,3.05600,5.31960,6.17430,0.3671,0.1639
2017-07-31,36.60900,22.59000,14.01900,10.94100,,10.94100,3.07800,0.02400,3.10200,1.04300,2.05900,2.05900,2.05900,3.74900,3.07800,9.07700,9.07700,0.22000,0.22000,3.46680,,,38.29390,8.40780,8.40780,8.47330,5.62430,0.37540,1.12230,1.94540,46.26240,4.60040,4.60040,2.11140,4.60040,4.93140,-0.0818,-0.315
2017-04-30,34.09700,21.14000,12.95700,10.95200,,10.95200,2.00500,0.02400,2.02900,0.71400,1.31500,1.31500,1.31500,2.77700,2.00500,9.07700,9.07700,0.15000,0.15000,3.51780,,,38.00040,5.88030,5.88030,5.95070,3.85660,0.36820,1.15350,2.55010,35.29310,3.07980,3.07980,1.42010,3.07980,4.70450,0.8367,0.1189
2017-01-31,40.08100,25.16600,14.91500,11.46500,,11.46500,3.45000,,3.45000,0.97600,2.47400,2.47400,2.47400,4.13700,3.45000,9.07700,9.07700,0.27000,0.27000,3.85600,,,37.21220,8.60760,8.60760,8.60760,6.17250,0.44850,1.31290,2.37620,37.87630,5.97830,5.97830,2.76850,5.97830,4.55960,0.72550,0.61090
2016-10-31,42.87000,25.84000,17.03000,14.07700,,14.07700,2.95300,,2.95300,0.36900,2.58400,2.58400,2.58400,3.95600,2.95300,9.07760,9.07760,0.29000,0.29000,3.97520,,,39.72480,6.88830,6.88830,6.88830,6.02750,0.49130,1.07300,2.58530,34.81180,6.64110,6.64110,2.96150,6.64110,4.28700,-0.4985,-0.5833
2016-07-31,29.89200,17.71900,12.17300,9.86200,,9.86200,2.31100,,2.31100,0.48900,1.82200,1.82200,1.82200,2.91700,2.31100,9.07700,9.07700,0.20000,0.20000,3.08980,,,40.72330,7.73120,7.73120,7.73120,6.09530,0.35530,0.82130,2.09500,42.95870,4.46670,4.46670,2.16570,4.46670,4.49440,0.3869,0.2252
2016-04-30,31.14500,18.91400,12.23100,9.76000,,9.76000,2.47100,,2.47100,0.97900,1.49200,1.49200,1.49200,3.20500,2.47100,9.07700,9.07700,0.16000,0.16000,3.26120,,,39.27120,7.93390,7.93390,7.93390,4.79050,0.39420,1.01810,2.06330,43.62020,3.82870,3.82870,1.88860,3.82870,4.29360,-0.209,-0.2559
2016-01-31,36.15600,22.37700,13.77900,10.67800,,10.67800,3.10100,,3.10100,1.22900,1.87200,1.87200,1.87200,3.80100,3.10100,9.07900,9.07900,0.21000,0.21000,3.16720,,,38.10990,8.57670,8.57670,8.57670,5.17760,0.47100,1.37060,2.85160,31.56070,4.99310,4.99310,2.43850,4.99310,4.13040,0.81930,0.75570
2015-10-31,42.55100,26.19600,16.35500,12.90300,,12.90300,3.45200,,3.45200,-7.46600,10.91800,10.91800,10.91800,4.40700,3.45200,9.09870,9.09870,1.21000,1.21000,2.86800,,,38.43620,8.11260,8.11260,8.11260,25.65860,0.56510,1.31130,2.91070,30.92080,30.62980,30.62980,14.49900,30.62980,3.92570,-0.3343,-0.4277
2015-07-31,26.48900,15.86900,10.62000,8.62300,,8.62300,1.99700,,1.99700,0.14200,1.85500,1.85500,1.85500,2.63000,1.99700,9.09500,9.09500,0.20000,0.20000,2.70180,,,40.09210,7.53900,7.53900,7.53900,7.00290,0.43950,0.97220,2.81440,31.97860,6.27330,6.27330,3.07750,6.27330,3.25300,0.2872,0.261
2015-04-30,26.69600,16.41900,10.27700,8.07500,,8.07500,2.20200,,2.20200,,2.20200,2.20200,2.20200,2.94200,2.20200,9.10400,9.10400,0.24000,0.24000,2.60550,,,38.49640,8.24840,8.24840,8.24840,8.24840,0.45720,1.04600,2.74820,32.74870,7.92090,7.92090,3.77090,7.92090,3.05560,0.3303,0.3082
2015-01-31,34.71200,25.09500,9.61700,9.15000,,9.15000,0.46700,,0.46700,,0.46700,0.46700,0.46700,1.18900,0.46700,9.11300,9.11300,0.05000,0.05000,2.41320,,,27.70510,1.34540,1.34540,1.34540,1.34540,0.60860,1.74570,2.98010,30.20050,1.81860,1.81860,0.81870,1.81860,2.81940,0.53670,0.52980
2014-10-31,41.77700,29.75200,12.02500,13.04100,,13.04100,-1.01600,,-1.01600,-0.10100,-0.91500,-0.91500,-0.91500,0.03900,-1.01600,9.12360,9.12360,-0.11000,-0.11000,2.23980,,,28.78380,-2.43200,-2.43200,-2.43200,-2.19020,0.71810,1.39730,4.00350,22.48010,-3.62380,-3.62380,-1.57280,-3.62380,2.77080,0.0167,-0.0729
2014-07-31,27.91500,20.48600,7.42900,9.81200,,9.81200,-2.38300,,-2.38300,,-2.38300,-2.38300,-2.38300,-1.82100,-2.38300,9.12100,9.12100,-0.26000,-0.26000,2.30090,,,26.61290,-8.53660,-8.53660,-8.53660,-8.53660,0.47960,1.02170,2.62060,34.34280,-7.97360,-7.97360,-4.09460,-7.97360,3.27700,-0.4014,-0.4904
2014-04-30,31.24300,22.30800,8.93500,10.21500,,10.21500,-1.28000,,-1.28000,,-1.28000,-1.28000,-1.28000,-0.66500,-1.28000,9.12700,9.12700,-0.14000,-0.14000,2.45960,,,28.59840,-4.09690,-4.09690,-4.09690,-4.09690,0.51240,1.18240,3.03860,29.61880,-3.96490,-3.96490,-2.09930,-3.96490,3.53940,-0.4641,-0.639
2014-01-31,32.46600,22.19800,10.26800,10.02100,,10.02100,0.24700,,0.24700,0.01300,0.23400,0.23400,0.23400,0.84200,0.24700,9.13200,9.13200,0.03000,0.03000,2.64790,,,31.62690,0.76080,0.76080,0.76080,0.72080,0.51220,1.33000,3.25470,27.65200,0.69550,0.69550,0.36910,0.69550,3.68530,0.40810,0.35450
2013-10-31,40.35400,26.21200,14.14200,13.07800,,13.07800,1.06400,,1.06400,-0.03800,1.10200,1.10200,1.10200,1.91700,1.06400,9.15200,9.15200,0.12000,0.12000,2.58250,,,35.04490,2.63670,2.63670,2.63670,2.73080,0.62310,1.38550,3.14550,28.61200,3.29400,3.29400,1.70160,3.29400,3.66270,0.339,0.2251
2013-07-31,29.29400,19.80900,9.48500,9.48000,,9.48000,0.00500,,0.00500,0.02400,-0.01900,-0.01900,-0.01900,0.43700,0.00500,9.15400,9.15400,0.00000,0.00000,2.74420,,,32.37860,0.01710,0.01710,0.01710,-0.06490,0.46660,1.00650,2.41200,37.31310,-0.08860,-0.08860,-0.03030,-0.08860,2.34300,0.2259,0.0133
2013-04-30,28.58400,18.80700,9.77700,9.65500,,9.65500,0.12200,,0.12200,0.01100,0.11100,0.11100,0.11100,0.59700,0.12200,9.15600,9.15600,0.01000,0.01000,2.84700,,,34.20450,0.42680,0.42680,0.42680,0.38830,0.45770,0.86400,2.51420,35.79660,0.51640,0.51640,0.17770,0.51640,2.34780,0.0972,0.0277
2013-01-31,30.77100,18.73800,12.03300,10.13900,,10.13900,1.89400,,1.89400,0.17200,1.72200,1.72200,1.72200,2.37000,1.89400,9.15800,9.15800,0.19000,0.19000,2.82430,,,39.10500,6.15510,6.15510,6.15510,5.59620,0.49680,0.90490,2.50950,35.86430,8.04640,8.04640,2.78000,8.04640,2.33690,-0.25130,-0.32580
2012-10-31,42.46500,26.67400,15.79100,13.39800,,13.39800,2.39300,,2.39300,,2.02800,2.02800,2.02800,3.00400,2.39300,9.18300,9.18300,0.23000,0.23000,2.69950,,,37.18590,5.63530,5.63520,5.63520,4.77570,0.68990,1.53700,3.38500,26.58780,10.06750,10.06750,3.29490,10.06750,2.19940,-0.032,-0.0969
2012-07-31,27.86200,17.66100,10.20100,9.34000,,9.34000,0.86100,,0.86100,,0.86100,0.86100,0.86100,1.22100,0.86100,9.18000,9.18000,0.09000,0.09000,2.83510,,,36.61260,3.09020,3.09020,3.09020,3.09020,0.47070,1.14620,2.53010,35.57100,3.27730,3.27730,1.45460,3.27730,2.86250,0.1952,0.18
2012-04-30,27.31300,17.57200,9.74100,8.70100,,8.70100,1.04000,,1.04000,0.00000,1.04000,1.04000,1.04000,1.42100,1.04000,9.18800,9.18800,0.11000,0.11000,3.07210,,,35.66430,3.80770,3.80770,3.80770,3.80770,0.49050,1.13320,2.63940,34.09810,4.08150,4.08150,1.86770,4.08150,2.77420,-0.0401,-0.0426
2012-01-31,29.71500,21.15200,8.56300,8.84100,,8.84100,-0.27800,,-0.27800,,-0.27800,-0.27800,-0.27800,0.08600,-0.27800,9.19500,9.19500,-0.03000,-0.03000,2.79990,,,28.81710,-0.93560,-0.93560,-0.93560,-0.93560,0.52860,1.34380,2.92990,30.71780,-1.13470,-1.13470,-0.49460,-1.13470,2.66550,0.07750,0.04920
2011-10-31,37.66500,26.60400,11.06100,12.21500,,12.21500,-1.15400,,-1.15400,-0.16600,-0.98800,-0.98800,-0.98800,-0.63800,-1.15400,9.27800,9.27800,-0.11000,-0.11000,2.80900,,,29.36680,-3.06390,-3.06390,-3.06390,-2.62310,0.66120,1.57530,3.50760,25.65830,-3.97780,-3.97780,-1.73440,-3.97780,2.70040,0.1495,0.1184
2011-07-31,26.61100,18.41200,8.19900,8.78200,,8.78200,-0.58300,,-0.58300,-0.10600,-0.47700,-0.47700,-0.47700,-0.22600,-0.58300,9.28900,9.28900,-0.05000,-0.05000,3.24240,,,30.81060,-2.19080,-2.19080,-2.19080,-1.79250,0.45780,1.02100,2.95480,30.45880,-1.36530,-1.36530,-0.82060,-1.36530,3.78240,-0.0498,-0.1456
2011-04-30,25.17800,16.72000,8.45800,8.60200,,8.60200,-0.14400,,-0.14400,,-0.14400,-0.14400,-0.14400,0.32900,-0.14400,9.31600,9.31600,-0.02000,-0.02000,3.48330,,,33.59280,-0.57190,-0.57190,-0.57190,-0.57190,0.42150,0.91480,2.83540,31.74200,-0.39930,-0.39930,-0.24110,-0.39930,3.87410,-0.0972,-0.114
2011-01-31,28.80900,19.00000,9.80900,9.04000,,9.04000,0.76900,,0.76900,-0.39700,1.16600,1.16600,1.16600,1.22500,0.76900,9.32400,9.32400,0.13000,0.13000,3.65780,,,34.04840,2.66930,2.66930,2.66930,4.04730,0.48630,1.18800,3.07390,29.27840,3.20590,3.20590,1.96820,3.20590,3.90150,-0.25260,-0.30260
2010-10-31,34.64300,21.33400,13.30900,11.83900,,11.83900,1.47000,,1.47000,-0.29500,1.76500,1.76500,1.76500,2.13000,1.47000,9.33400,9.33400,0.19000,0.19000,3.56080,,,38.41760,4.24330,4.24330,4.24330,5.09480,0.57240,1.30830,3.76430,23.90870,4.87570,4.87570,2.91620,4.87570,3.88080,0.0527,-0.0438
2010-07-31,26.93300,17.08900,9.84400,9.80600,,9.80600,0.03800,,0.03800,0.79900,-0.76100,-0.76100,-0.76100,0.42300,0.03800,9.33000,9.33000,-0.08000,-0.08000,3.41850,,,36.55000,0.14110,0.14110,0.14110,-2.82550,0.45270,1.19450,2.59400,34.69610,-2.25210,-2.25210,-1.27900,-2.25210,3.62180,-0.0694,-0.0896
2010-04-30,26.83100,15.06300,11.76800,9.51300,,9.51300,2.25500,,2.25500,0.35000,1.90500,1.90500,1.90500,2.81900,2.25500,9.33400,9.33400,0.20000,0.20000,3.67970,,,43.85970,8.40450,8.40450,8.40450,7.10000,0.45480,1.07820,3.27650,27.46860,5.51340,5.51340,3.22940,5.51340,3.70330,0.2402,0.2143
2010-01-31,29.24800,17.07700,12.17100,10.41100,,10.41100,1.76000,,1.76000,0.35000,1.41000,1.41000,1.41000,2.31900,1.76000,9.34400,9.34400,0.15000,0.15000,3.28670,,,41.61310,6.01750,6.01750,6.01750,4.82080,0.50750,1.17990,3.39460,26.51260,4.30470,4.30470,2.44640,4.30470,3.50130,0.28150,0.23890
2009-10-31,39.22900,22.60700,16.62200,13.41900,,13.41900,3.20300,,3.20300,0.04700,3.15600,3.15600,3.15600,3.97400,3.20300,9.41100,9.41100,0.34000,0.34000,3.02810,,,42.37170,8.16490,8.16490,8.16490,8.04510,0.66600,1.44960,4.03670,22.29520,9.73380,9.73380,5.35830,9.73380,3.46580,0.2051,0.1711
2009-07-31,26.28100,15.46100,10.82000,9.55200,,9.55200,1.26800,,1.26800,0.20800,1.06000,1.06000,1.06000,1.79900,1.26800,9.41900,9.41900,0.11000,0.11000,3.13890,,,41.17040,4.82480,4.82480,4.82480,4.03330,0.47830,1.02750,3.62900,24.80040,3.51230,3.51230,1.92910,3.51230,3.19870,0.1517,0.1295
2009-04-30,25.63200,15.16900,10.46300,9.37300,,9.37300,1.09000,,1.09000,0.00000,1.09000,1.09000,1.09000,1.80700,1.09000,9.43300,9.43300,0.11000,0.11000,3.09230,,,40.82010,4.25250,4.25250,4.25250,4.25250,0.47120,1.01110,3.45170,26.07440,3.40030,3.40030,2.00400,3.40030,3.39860,0.1603,0.1325
2009-01-31,31.52300,19.83500,11.68800,10.20700,,10.20700,1.48100,,1.48100,,1.48100,1.48100,1.48100,2.19500,1.48100,9.43400,9.43400,0.16000,0.16000,2.98820,,,37.07770,4.69820,4.69820,4.69820,4.69820,0.59540,1.52760,3.47440,25.90390,6.07320,6.07320,2.79720,6.07320,2.58490,0.48560,0.43710
