Date,revenue,gross-profit,research-development-expenses,selling-general-administrative-expenses,operating-income,total-non-operating-income-expense,pre-tax-income,total-provision-income-taxes,income-after-taxes,income-from-continuous-operations,net-income,ebitda,ebit,basic-shares-outstanding,shares-outstanding,eps-basic-net-earnings-per-share,eps-earnings-per-share-diluted,current-ratio,long-term-debt-capital,debt-equity-ratio,gross-margin,operating-margin,ebit-margin,pre-tax-profit-margin,net-profit-margin,asset-turnover,receiveable-turnover,days-sales-in-receivables,roe,return-on-tangible-equity,roa,roi,book-value-per-share,operating-cash-flow-per-share,free-cash-flow-per-share
2023-09-30,,,15.14400,0.96100,-16.10500,1.39200,-14.71300,-0.60300,-14.11000,-14.11000,-14.07200,-14.63100,-16.10500,38.53400,38.53400,-0.37000,-0.37000,9.21240,,,,,,,,,,,-7.21360,-8.95900,-6.13560,-7.21360,5.07440,-0.2887,-0.2892
2023-06-30,0.33400,0.33400,13.54300,13.12800,-26.33700,1.37700,-24.96000,-1.13600,-23.82400,-23.82400,-23.80200,-25.03800,-26.33700,38.40800,38.40800,-0.62000,-0.62000,15.25700,,,100.00000,-7885.33000,-7885.33000,-7473.05400,-7126.34700,0.00140,0.09580,939.34140,-10.95550,-13.34190,-9.67950,-10.95550,5.64480,-0.4406,-0.5187
2023-03-31,0.46800,0.46800,9.81400,12.13800,-21.48400,2.74500,-18.73900,-0.51600,-18.22300,-18.22300,-18.18000,-20.26300,-21.48400,38.01300,38.01300,-0.48000,-0.48000,16.73880,,,100.00000,-4590.59800,-4590.59800,-4004.06000,-3884.61500,0.00180,0.13600,661.73070,-7.80200,-9.39910,-6.96020,-7.80200,6.08930,-0.08350,-0.14940
2022-12-31,6.45700,6.45700,12.18500,19.43800,-25.16600,1.98400,-23.18200,-2.01900,-21.16300,-21.16300,-21.18900,-23.98900,-25.16600,37.24800,38.16900,-0.57000,-0.55800,17.40250,,,100.00000,-389.74770,-389.74760,-359.02130,-328.15550,0.02390,0.62160,144.79170,-8.70190,-10.43940,-7.83220,-8.70190,6.45370,-0.2972,-0.3124
2022-09-30,6.16500,6.16500,9.74400,-10.81500,7.23600,0.31100,7.54700,-0.67400,8.22100,8.22100,8.24200,8.42400,7.23600,37.24700,38.15700,0.22000,0.22000,15.58130,,,100.00000,117.37230,117.37230,122.41690,133.69020,0.02240,0.60040,149.91240,3.36720,4.06050,2.98420,3.36720,6.54720,0.3113,0.2583
2022-06-30,17.06300,17.06300,9.72000,-5.89200,13.23500,1.53900,14.77400,-0.91500,15.68900,15.68900,15.69300,14.22700,13.23500,37.20300,38.17400,0.42000,0.41000,18.60030,,,100.00000,77.56550,77.56550,86.58500,91.97090,0.05990,0.76640,117.43830,6.15820,7.39050,5.50380,6.15820,6.84560,-0.2206,-0.2746
2022-03-31,15.01800,15.01800,10.70100,3.66300,0.65400,1.05700,1.71100,-0.86300,2.57400,2.57400,2.59600,1.62000,0.65400,37.19100,38.34700,0.07000,0.06800,14.00130,,,100.00000,4.35480,4.35480,11.39300,17.28590,0.05250,0.65900,136.57010,1.01720,1.22650,0.89960,1.01680,6.69200,-0.17160,-0.20000
2021-12-31,-0.00100,-0.00100,6.88100,9.78600,-16.66800,1.52900,-15.13900,-0.09800,-15.04100,-15.17100,-15.11300,-16.34700,-16.66800,25.89400,25.89400,0.71000,0.71000,20.32310,,0.00060,,,,,,0.00000,-0.00020,,-6.00680,-7.27620,-5.40440,-6.00680,6.79130,-0.552,-0.5755
2021-09-30,0.01900,0.01900,4.37100,1.18400,-5.53600,0.95900,-4.57700,-0.00700,-4.57000,-4.57000,-4.55700,-5.45100,-5.53600,34.84300,34.84300,-0.13000,-0.13000,38.60310,,,100.00000,-29136.84000,-29136.84000,-24089.47000,-23984.21000,0.00010,0.00350,25692.63000,-1.88480,-1.88480,-1.78120,-1.88480,7.06330,0.2011,0.2042
2021-06-30,0.03500,0.03500,4.50900,12.37100,-16.84500,0.87200,-15.97300,0.01200,-15.98500,-15.98500,-15.92700,-16.74100,-16.84500,24.89800,24.89800,-0.64000,-0.64000,30.05130,,,100.00000,-48128.57000,-48128.57000,-45637.14000,-45505.71000,0.00010,0.00760,11815.71000,-6.39650,-6.39630,-6.15190,-6.39630,7.28000,0.0817,0.1064
2021-03-31,0.21500,0.21500,4.61000,1.77700,-6.17200,-9.27900,-15.45100,0.06500,-15.51600,-15.38600,-15.26800,-6.08000,-6.17200,8.05700,8.05700,-1.90000,-1.90000,18.88610,,,100.00000,-2870.69800,-2870.69800,-7186.51100,-7101.39600,0.00130,0.05370,1675.67400,29.12310,29.12310,-9.24130,29.12310,-6.42400,-0.98910,-1.03770
2020-12-31,0.35400,0.35400,2.56600,7.42100,-9.63300,-0.79700,-10.43000,0.09500,-10.52500,-10.52500,-10.45500,-9.57700,-9.63300,7.90500,7.90500,-1.32000,-1.31000,6.26890,5.73960,-1.21100,99.71750,-2721.18600,-2721.18600,-2946.32800,-2953.39000,0.00700,0.10970,820.16940,28.51380,28.51380,-20.77330,-135.14380,-4.63720,-1.0087,-1.0395
2020-09-30,3.25100,3.25100,3.70200,0.97700,-1.42800,1.62800,0.20000,,0.20000,0.20000,0.15800,-1.37300,-1.42800,7.93740,15.86750,0.02000,0.01000,,,,100.00000,-43.92500,-43.92500,6.15200,4.86000,,,,,,,,,0.2804,0.2828
2020-06-30,0.51100,0.51100,3.87700,0.97000,-4.33600,0.67900,-3.65700,,-3.65700,-3.65700,-3.58800,-4.28800,-4.33600,7.90480,7.90480,-0.45000,-0.45000,,,,100.00000,-848.53230,-848.53230,-715.65560,-702.15270,,,,,,,,,-0.114,-0.1198
2020-03-31,0.70500,0.70500,4.24200,1.11200,-4.64900,0.69800,-3.95100,,-3.95100,-3.95100,-3.82100,-4.60000,-4.64900,7.81670,7.81670,-0.49000,-0.49000,,,,100.00000,-659.43270,-659.43270,-560.42550,-541.98580,,,,,,,,,-0.55280,-0.55560
2019-12-31,,,,,,,,,,,,,,,,,0.00000,,,,,,,,,,,,,,,,,0,0
