Date,revenue,cost-goods-sold,gross-profit,selling-general-administrative-expenses,other-operating-income-expenses,operating-expenses,operating-income,total-non-operating-income-expense,pre-tax-income,total-provision-income-taxes,income-after-taxes,income-from-continuous-operations,net-income,ebitda,ebit,basic-shares-outstanding,shares-outstanding,eps-basic-net-earnings-per-share,eps-earnings-per-share-diluted,current-ratio,long-term-debt-capital,debt-equity-ratio,gross-margin,operating-margin,ebit-margin,pre-tax-profit-margin,net-profit-margin,asset-turnover,receiveable-turnover,days-sales-in-receivables,roe,return-on-tangible-equity,roa,roi,book-value-per-share,operating-cash-flow-per-share,free-cash-flow-per-share
2023-09-30,118.80200,38.37400,80.42800,98.80900,8.93000,131.69000,-51.26200,-9.14300,-60.40500,-15.34300,-45.06200,-45.06200,-45.06200,-10.86900,-51.26200,75.66200,75.66200,-0.60000,-0.60000,0.71660,0.39050,0.64070,67.69920,-43.14910,-43.14910,-50.84510,-37.93030,0.07360,1.15570,77.87290,-6.36360,-6.36360,-2.79210,-3.87870,9.35840,0.77,0.5647
2023-06-30,229.36200,39.45200,189.91000,90.90200,-12.99100,143.64800,46.26200,-9.87600,36.38600,10.61600,25.77000,25.77000,25.77000,86.66900,46.26200,76.72100,79.28500,0.34000,0.33000,0.90750,0.35650,0.55400,82.79920,20.16990,20.16990,15.86400,11.23550,0.15070,2.71250,33.17920,3.38820,3.38820,1.69350,2.18030,10.05240,0.7878,0.5225
2023-03-31,254.96900,39.64000,215.32900,176.96400,0.89600,216.18900,-0.86000,-7.91200,-8.77200,-2.91300,-5.85900,-5.85900,-5.85900,39.89700,-0.86000,76.11200,76.11200,-0.08000,-0.08000,0.82090,0.36730,0.58040,84.45300,-0.33730,-0.33730,-3.44040,-2.29790,0.16550,3.06770,29.33760,-0.77820,-0.77820,-0.38040,-0.49240,9.83160,0.02340,-0.24770
2022-12-31,194.68300,41.23000,153.45300,128.86800,42.48300,125.89410,27.55900,-7.70900,19.85000,-52.11400,71.96400,71.96400,71.96400,68.12700,27.55890,78.51700,82.58600,0.90000,0.88000,0.93100,0.33080,0.49440,78.82200,14.15580,14.15580,10.19610,36.96470,0.11940,1.91400,47.02090,8.99000,8.99000,4.41220,6.01590,10.56500,1.2559,0.6538
2022-09-30,376.44600,44.96000,331.48600,109.86400,28.31900,121.05100,210.43500,-7.89100,202.54400,10.88400,191.66000,191.66000,191.66000,250.50100,210.43500,78.04400,82.04500,2.46000,2.34000,1.02310,0.33950,0.51400,88.05670,55.90050,55.90050,53.80430,50.91300,0.24700,4.02040,22.38610,24.91520,24.91520,12.57320,16.45600,10.02040,1.19,0.6837
2022-06-30,253.13000,43.93900,209.19100,106.85200,-11.01400,155.92100,53.27000,-7.77100,45.49900,2.14500,43.35400,43.35400,43.35400,91.72000,53.27000,79.59600,83.01500,0.54000,0.52000,0.78280,0.38140,0.61670,82.64170,21.04450,21.04450,17.97460,17.12720,0.16540,2.15830,41.69910,6.76590,6.76590,2.83290,4.18510,8.13570,1.3202,0.9209
2022-03-31,94.08200,39.09300,54.98900,92.97000,25.28500,107.46200,-52.47300,-7.68800,-60.16100,-3.35100,-56.81000,-56.81000,-56.81000,-12.12000,-52.47300,80.29800,80.29800,-0.71000,-0.71000,0.67530,0.38510,0.62630,58.44790,-55.77370,-55.77370,-63.94530,-60.38350,0.06290,0.84030,107.10330,-9.01140,-9.01140,-3.80070,-5.54100,7.80620,0.60440,0.26040
2021-12-31,208.08600,33.75700,174.32900,102.39300,-14.04600,155.34200,18.98710,-7.54300,11.44400,2.61900,8.82500,8.82500,8.82500,58.48100,18.98700,80.20900,80.20900,0.12000,0.12000,0.78810,0.36290,0.56960,83.77740,9.12460,9.12460,5.49960,4.24100,0.14290,2.41210,37.31250,1.27410,1.27410,0.60590,0.81170,8.65730,0.5348,0.1369
2021-09-30,143.41400,8.93400,134.48000,92.67900,10.99400,117.58700,16.89300,-7.81500,9.07800,-0.75800,9.83600,9.83600,9.83600,53.90600,16.89300,80.24200,82.89800,0.12000,0.12000,0.92200,0.36540,0.57570,93.77050,11.77920,11.77920,6.32990,6.85850,0.10030,2.06900,43.49890,1.43610,1.43610,0.68780,0.91140,8.56050,0.2484,-0.1805
2021-06-30,99.24900,6.46900,92.78000,73.25500,11.59700,97.50800,-4.72800,-8.22500,-12.95300,-0.07200,-12.88100,-12.88100,-12.88100,32.49000,-4.72800,80.47100,80.47100,-0.16000,-0.16000,0.79740,0.36730,0.58060,93.48210,-4.76380,-4.76380,-13.05100,-12.97850,0.06870,1.55710,57.80010,-1.89800,-1.89800,-0.89170,-1.20080,8.43360,0.2642,-0.271
2021-03-31,94.20100,9.22400,84.97700,91.13800,26.93100,98.04700,-13.07000,-8.62800,-21.69800,-0.37600,-21.32200,-21.32200,-21.32200,22.13000,-13.07000,80.11500,80.11500,-0.27000,-0.27000,0.83760,0.36270,0.56920,90.20820,-13.87460,-13.87460,-23.03370,-22.63460,0.06560,1.80000,49.99920,-3.08210,-3.08210,-1.48400,-1.96420,8.59680,0.47970,0.18700
2020-12-31,61.36600,6.98200,54.38400,81.23100,-6.98200,118.64700,-64.26300,-8.32100,-72.58400,-8.75400,-63.83000,-63.83000,-63.83000,-32.46800,-64.26300,79.80200,79.80200,-0.79000,-0.79000,0.88130,0.35530,0.55110,88.62240,-104.72090,-104.72090,-118.28050,-104.01520,0.04320,1.17950,76.30330,-8.93930,-8.93930,-4.49570,-5.76340,8.93340,0.6547,0.427
2020-09-30,89.74900,5.98500,83.76400,74.65500,14.13600,96.42400,-12.66000,-8.39400,-21.05400,-2.19000,-18.86400,-18.86400,-18.86400,24.55400,-12.66000,79.87900,79.87900,-0.24000,-0.24000,1.82470,0.33670,0.50760,93.33140,-14.10600,-14.10600,-23.45880,-21.01860,0.06200,1.83920,48.93450,-2.43520,-2.43520,-1.30420,-1.61530,9.69590,0.7249,0.6517
2020-06-30,33.45300,4.81100,28.64200,70.23900,0.26700,107.48400,-78.84200,-8.68200,-87.52400,-22.62300,-64.90100,-64.90100,-64.90100,-39.98700,-78.84200,79.79500,79.79500,-0.81000,-0.81000,1.65390,0.33310,0.49940,85.61860,-235.67990,-235.67990,-261.63280,-194.00650,0.02290,0.68440,131.50390,-8.22040,-8.22040,-4.44370,-5.48250,9.88490,0.5243,0.2904
2020-03-31,339.26500,5.76800,333.49700,74.87100,-303.32200,413.52200,-80.02500,-8.92600,-88.95100,26.34900,-115.30000,-115.30000,-115.30000,-43.35800,-80.02500,79.60800,79.60800,-1.45000,-1.45000,2.19090,0.32200,0.47500,98.29990,-23.58770,-23.58770,-26.21870,-33.98520,0.21750,6.98050,12.89310,-13.56750,-13.56750,-7.39330,-9.19830,10.65600,0.55880,0.06250
2019-12-31,118.12800,6.91000,111.21800,87.60600,-48.47000,166.17900,-54.96100,-7.86700,-62.82800,-55.84400,-6.98400,-6.98400,-6.98400,-23.58600,-54.96100,81.37900,81.95100,-0.08000,-0.09000,0.64120,0.28850,0.40550,94.15040,-46.52660,-46.52660,-53.18640,-5.91220,0.06990,1.64370,54.75440,-0.71820,-0.71820,-0.41320,-0.51100,12.22540,0.9242,0.4307
2019-09-30,194.67200,5.84800,188.82400,77.03800,-2.45800,107.16000,81.66400,-8.84400,72.82000,20.17100,52.64900,52.64900,52.64900,110.59700,81.66400,80.98200,81.05100,0.65000,0.65000,0.87340,0.28740,0.40340,96.99600,41.94950,41.94950,37.40650,27.04500,0.11030,3.05740,29.43710,5.27890,5.27890,2.98200,3.76160,12.31330,0.8576,0.049
2019-06-30,170.06600,4.85800,165.20800,75.80600,-12.56800,112.02800,53.18000,-8.98700,44.19300,12.22100,31.97200,31.97200,31.97200,78.09700,53.18000,81.51900,81.68300,0.39000,0.39000,0.79760,0.29440,0.41720,97.14350,31.27020,31.27020,25.98580,18.79980,0.10270,3.09940,29.03810,3.35730,3.35730,1.92980,2.36890,11.76090,0.9111,0.204
2019-03-31,76.53900,9.93300,66.60600,81.20500,0.87000,104.92000,-38.31400,-8.88200,-47.19600,-13.09800,-34.09800,-34.09800,-34.09800,-12.47400,-38.31400,81.76500,81.76500,-0.42000,-0.42000,0.85320,0.29450,0.41740,87.02230,-50.05810,-50.05810,-61.66270,-44.54980,0.04830,1.21370,74.15160,-3.63080,-3.63080,-2.15370,-2.56170,11.46970,0.25800,-0.34250
2018-12-31,280.34400,8.98500,271.35900,75.98200,7.74800,92.48800,178.87100,-7.21400,171.65700,39.88900,131.76800,131.76800,131.76800,204.51300,178.87100,57.74300,57.93200,2.47000,2.47000,1.58910,0.28020,0.38930,96.79500,63.80410,63.80410,61.23080,47.00230,0.16570,4.88580,18.42060,13.09240,13.09240,7.78650,9.42390,12.39440,1.7172,0.4305
2018-09-30,142.94700,8.44800,134.49900,73.83200,1.47900,94.08200,40.41700,4.25100,44.66800,7.68300,36.98500,36.98500,-49.65700,63.53700,40.41700,70.94000,70.94000,-0.70000,-0.70000,0.71330,0.30570,0.44030,94.09010,28.27410,28.27410,31.24790,-34.73810,0.09280,2.17390,41.40090,4.15980,4.15980,2.40220,2.88810,10.92740,1.4846,1.5039
2018-06-30,65.98200,5.47800,60.50400,63.12100,-0.12300,85.10300,-24.59900,-8.93800,-33.53700,-5.47600,-28.06100,-28.06100,-33.71100,-1.31200,-24.59900,35.87300,35.87300,-0.94000,-0.94000,0.65930,0.36130,0.56570,91.69770,-37.28140,-37.28140,-50.82750,-51.09120,0.04350,1.16040,77.55750,-5.92630,-3.47080,-1.85200,-2.21680,24.43470,-2.0918,-2.7604
2018-03-31,97.28400,7.56800,89.71600,65.12400,,83.55300,6.16300,1.18600,7.34900,0.93900,6.41000,6.41000,0.76000,25.81500,6.16300,38.60200,38.82700,0.02000,0.02000,,,,92.22070,6.33510,6.33510,7.55420,0.78120,,,,,,,,,0.71060,0.19870
2017-12-31,,,,,,,,,,,,,,,,,,,0.00000,,,,,,,,,,,,,,,,,-2.3234,-6.8671
2017-09-30,69.91000,10.16600,59.74400,70.40900,20.69200,70.53900,-10.79500,-5.13500,-15.93000,-6.24600,-9.68400,-9.68400,-15.16900,10.94600,-10.79500,40.00000,40.00000,-0.38000,-0.38000,,,,85.45840,-15.44130,-15.44130,-22.78640,-21.69790,,,,,,,,,1.4352,6.4537
2017-06-30,134.72200,13.86900,120.85300,78.96200,-0.00500,99.51600,21.33700,-1.25600,20.08100,7.96100,12.12000,12.12000,6.71600,21.33700,21.33700,40.00000,75.84500,0.17000,0.16000,,,,89.70550,15.83780,15.83780,14.90550,4.98510,,,,,,,,,0.8882,0.4134
2016-12-31,,,,,,,,,,,,,,,,,,,0.00000,,,,,,,,,,,,,,,,,0,0
