Date,revenue,cost-goods-sold,gross-profit,research-development-expenses,selling-general-administrative-expenses,operating-expenses,operating-income,total-non-operating-income-expense,pre-tax-income,income-after-taxes,income-from-continuous-operations,net-income,ebitda,ebit,basic-shares-outstanding,shares-outstanding,eps-basic-net-earnings-per-share,eps-earnings-per-share-diluted,current-ratio,gross-margin,operating-margin,ebit-margin,pre-tax-profit-margin,net-profit-margin,asset-turnover,inventory-turnover,receiveable-turnover,days-sales-in-receivables,roe,return-on-tangible-equity,roa,roi,book-value-per-share,operating-cash-flow-per-share,free-cash-flow-per-share
2023-09-30,0.00100,,0.00100,1.14500,2.81500,,-4.05100,-0.00100,-4.05000,-4.05000,-4.05000,-4.56900,-3.95900,-4.05100,7.53720,7.53720,-0.60000,-0.60000,0.26870,,,,,,0.00030,,0.07140,1260.00000,383.88490,300.22240,-128.40840,383.88630,-0.13310,-0.4066,-0.4133
2023-06-30,,,,1.70900,9.10700,,-10.90800,-0.22800,-11.13000,-11.13000,-11.13000,-11.09600,-10.81600,-10.90800,7.02820,7.02820,-1.60000,-1.60000,0.59630,,,,,,,,,,-3362.64800,-33727.19000,-274.81480,-3362.53800,0.04510,-0.5806,-0.5907
2023-03-31,0.00500,,0.00500,1.06200,6.24500,,-7.38600,-0.00400,-7.38200,-7.38200,-7.38200,-7.33400,-7.30200,-7.38600,6.14270,6.14270,-1.20000,-1.20000,0.76400,100.00000,-147720.00000,-147720.00000,-147640.00000,-146680.00000,0.00100,,0.29410,306.00000,-386.49260,-459.36520,-142.04350,-386.49220,0.28570,-0.91950,-0.92680
2022-12-31,0.13500,0.02700,0.10800,1.12000,5.90300,7.10600,-6.99800,-0.00200,-6.99600,-6.99600,-6.99600,-7.04500,-6.91500,-6.99800,4.26330,4.26330,-1.30000,-1.30000,0.34590,80.00000,-5183.70200,-5183.70400,-5182.22200,-5218.51900,0.03280,0.08040,15.00000,6.00000,-2395.98600,43725.15000,-170.21900,-2395.89000,0.05350,-1.1834,-1.1983
2022-09-30,0.13500,0.03000,0.10500,1.73300,4.77400,6.59100,-6.48600,-0.00100,-6.48500,-6.48500,-6.48500,-6.39100,-6.40200,-6.48600,4.50160,4.50160,-1.40000,-1.40000,1.21610,77.77780,-4804.44400,-4804.44400,-4803.70400,-4734.07400,0.02690,0.01770,27.00000,3.33330,-353.59750,-426.08410,-129.31210,-353.59870,0.40050,-0.7327,-0.7421
2022-06-30,0.00800,,0.00800,1.35100,4.30200,,-5.71600,,-5.71600,-5.71600,-5.71600,-5.87000,-5.64500,-5.71600,3.98230,3.98230,-1.50000,-1.50000,4.07370,100.00000,-71450.00000,-71450.00000,-71450.00000,-73374.99000,0.00080,,,,-81.92640,-85.83870,-59.60380,-81.92630,1.55690,-1.5246,-1.5244
2022-03-31,0.00800,,0.00800,1.61700,6.40100,,-8.06500,,-8.06500,-8.06500,-8.06500,-7.96500,-8.01000,-8.06500,3.59970,3.59970,-2.20000,-2.20000,4.06130,100.00000,-100812.50000,-100812.50000,-100812.50000,-99562.50000,0.00060,,,,-85.70660,-88.75320,-64.30390,-85.70670,2.37870,-1.65040,-1.66570
2021-12-31,0.00800,,0.00800,1.35400,7.59700,,-8.99900,0.00000,-8.99900,-8.99900,-8.99900,-8.64600,-8.94300,-8.99900,3.35120,3.35120,-2.40000,-2.40000,5.39360,99.99990,-112487.50000,-112487.50000,-112487.50000,-108075.00000,0.00050,,,,-72.22310,-74.16350,-57.98700,-72.22310,3.50320,-1.9481,-1.9956
2021-09-30,0.10800,0.03800,0.07000,1.31500,6.50500,7.87100,-7.80100,0.55200,-7.24700,-7.24700,-7.24700,-7.25500,-7.75000,-7.80100,3.48570,3.48570,-2.10000,-2.10000,7.77870,64.81480,-7223.14800,-7223.14800,-6710.18500,-6717.59300,0.00500,0.02020,1.08000,83.33330,-39.01480,-39.72480,-33.43790,-39.01480,5.26880,-1.6054,-1.663
2021-06-30,0.20700,0.06200,0.14500,1.66700,6.48000,8.19600,-8.05100,,-8.05100,-8.05100,-8.05100,-7.70400,-8.00200,-8.05100,3.21690,3.21690,-2.40000,-2.40000,5.01010,70.04830,-3889.37200,-3889.37200,-3889.37200,-3721.73900,0.01150,0.08480,1.04020,86.52170,-55.45910,-56.77720,-44.66080,-55.45910,4.50770,-2.1105,-2.126
2021-03-31,0.11800,0.09900,0.01900,1.26600,7.27100,8.57900,-8.56000,-0.00100,-8.55900,-8.55900,-8.55900,-8.32100,-8.51800,-8.56000,3.15840,3.15840,-2.60000,-2.60000,5.98920,16.10170,-7254.23700,-7254.23700,-7253.39000,-7051.69500,0.00480,0.15230,,,-41.83700,-42.54820,-34.91190,-41.83690,6.37020,-2.21350,-2.25460
2020-12-31,,,,2.58000,8.32600,,-10.93300,0.01000,-10.93300,-10.93300,-10.93300,-10.29500,-10.79200,-10.93300,2.79070,2.79070,-3.10000,-3.10000,5.74330,,,,,,,,,,-43.43320,-44.04030,-35.98040,-43.43320,8.18200,-2.6423,-2.6533
2020-09-30,,,,4.91100,8.16500,,-13.10000,-0.00200,-13.09800,-13.09800,-13.09800,-11.40400,-12.96100,-13.10000,2.97500,2.97500,-3.80000,-3.80000,6.83350,,,,,,,,,,-43.85550,-44.37760,-37.47270,-43.85550,9.91640,-1.53,-1.5397
2020-06-30,,,,5.71800,16.60800,,-22.34800,-0.00400,-22.34600,-22.34600,-22.34600,-19.19300,-22.21200,-22.34800,2.65370,2.65370,-7.20000,-7.20000,10.71670,,,,,,,,,,-62.05170,-62.67160,-56.12860,-62.05180,12.36370,-2.9234,-2.9257
2020-03-31,,,,4.92700,7.85500,,-12.80300,0.04000,-12.76300,-12.76300,-12.76300,-11.34000,-12.66900,-12.80300,2.43890,2.43890,-4.60000,-4.60000,10.45350,,,,,,,,,,-80.52180,-82.39800,-71.53790,-80.52180,6.09400,-2.43630,-2.44450
2019-12-31,,,,4.78850,10.43010,,-15.23620,0.04840,-15.18780,-15.18780,-15.18780,-14.79710,-14.87270,-15.23620,2.06950,2.06950,-6.90000,-6.90000,6.31920,,,,,,,,,,-130.24480,-134.46520,-106.82880,-130.24480,4.99980,-2.171,-2.2169
2019-09-30,,,,1.64370,3.84120,,-5.50340,0.03940,-5.46400,-5.46400,-5.46400,-5.44830,-5.48480,-5.50340,2.18090,2.18090,-2.50000,-2.50000,10.61690,,,,,,,,,,-44.00150,-45.35440,-38.42120,-44.00150,5.63620,-1.6135,-1.6299
2019-06-30,,,,1.81800,6.16080,,-7.98880,0.03910,-7.94960,-7.94960,-7.94960,-7.95450,-7.97880,-7.98880,2.06710,2.06710,-3.80000,-3.80000,7.52460,,,,,,,,,,-79.77500,-82.89590,-65.90410,-79.77500,4.71140,-1.7233,-1.7371
2019-03-31,,,,1.48880,4.37890,,-5.87570,0.00610,-5.86950,-5.86950,-5.86950,-5.88010,-5.86770,-5.87570,1.78480,1.78480,-3.30000,-3.30000,10.98810,,,,,,,,,,-57.58270,-59.48230,-49.30710,-57.58270,5.09410,-1.97370,-1.98170
2018-12-31,,,,1.31270,4.38900,,-5.70520,0.00910,-5.69660,-5.69660,-5.69660,-5.80100,-5.70160,-5.70520,1.45040,1.45040,-3.40000,-3.40000,3.86500,,,,,,,,,,-171.36470,-186.49210,-114.00480,-171.36490,1.97060,-2.379,-2.3913
2018-09-30,,,,0.74420,2.40570,,-3.15290,0.00190,-3.15090,-3.15090,-3.15090,-3.34540,-3.14990,-3.15290,1.55300,1.55300,-2.20000,-2.20000,10.30850,,,,,,,,,,-48.08800,-49.82700,-40.66880,-48.08800,4.01050,-1.2173,-1.2252
2018-06-30,,,,1.44950,4.31460,,-5.76700,-0.00030,-5.76670,-5.76670,-5.76670,-6.04760,-5.76410,-5.76700,1.38070,1.38070,-4.40000,-4.40000,7.30960,,,,,,,,,,-187.37990,-204.54290,-138.03290,-187.38000,2.09590,-1.4815,-1.4844
2018-03-31,,,,0.86240,1.77180,,-2.63710,0.00010,-2.63700,-2.63700,-2.63700,-2.94210,-2.63420,-2.63710,1.19780,1.19780,-2.50000,-2.50000,1.40510,,,,,,,,,,446.72600,446.72620,-220.46110,446.72620,-0.48390,-1.99300,-1.99610
2017-12-31,,,,0.95430,4.11750,,-5.07460,0.53070,-4.54400,-4.54400,-4.54400,-4.59500,-5.07180,-5.07460,1.02200,1.02200,-4.30000,-4.30000,0.41980,,,,,,,,,,139.82200,139.82230,-267.24470,139.82230,-2.77100,-2.3078,-2.3105
2017-09-30,,,,1.12450,0.78690,,-1.91430,0.11370,-1.80050,-1.80050,-1.80050,-1.82290,-1.91150,-1.91430,1.04290,1.04290,-1.70000,-1.70000,0.09110,,,,,,,,,,37.62130,37.62130,-425.55510,37.62130,-4.52980,-1.5664,-1.5713
2017-06-30,,,,1.33900,1.67630,,-3.01840,-0.06030,-3.07860,-3.07860,-3.07860,-3.10140,-3.01540,-3.01840,1.00530,1.00530,-3.00000,-3.00000,0.24730,,,,,,,,,,73.75200,73.75210,-279.91380,73.75210,-4.07190,-1.689,-1.6889
2017-03-31,,,,1.33860,1.55730,,-2.89900,-0.37360,-3.27260,-3.27260,-3.27260,-3.29640,-2.89590,-2.89900,0.92210,0.92210,-3.50000,-3.50000,0.39430,,,,,,,,,,102.93830,102.93830,-224.72900,102.93830,-3.25660,-1.74590,-1.74760
2016-12-31,,,,0.56850,1.18780,,-1.75890,0.38420,-1.37480,-1.37480,-1.37480,-1.39930,-1.75630,-1.75890,0.77960,0.77960,-1.25000,-1.25000,0.40220,,,,,,,,,,49.32420,49.32420,-110.69350,49.32420,-3.08480,-1.881,-1.8872
2016-09-30,,,,0.56050,0.99190,,-1.55490,0.01780,-1.53720,-1.53720,-1.53720,-1.56190,-1.55240,-1.55490,0.82320,0.82320,-2.00000,-2.00000,0.08420,,,,,,,,,,37.14610,37.14610,-458.46110,37.14610,-4.94170,-1.0065,-1.0138
2016-06-30,,,,1.15300,4.38050,,-5.53590,-0.55640,-6.09230,-6.09230,-6.09230,-6.12080,-5.53360,-5.53590,0.75500,0.75500,-8.00000,-8.00000,0.26290,,,,,,,,,,178.25270,178.25260,-682.06730,178.25260,-4.17280,-1.9539,-1.9613
2016-03-31,,,,0.37240,1.93910,,-2.31450,-0.26840,-2.58290,-2.58290,-2.58290,-2.61520,-2.31160,-2.31450,0.68300,0.68300,-3.75000,-3.75000,0.05400,,,,,,,,,,65.18750,65.18740,-1345.15200,65.18740,-5.70740,-1.70960,-1.70960
2015-12-31,,,,0.36090,1.72470,,-2.08810,0.06550,-2.02480,-2.02480,-2.02480,-2.13180,-2.08560,-2.08810,0.56410,0.56410,-2.75000,-2.75000,0.39860,,,,,,,,,,69.56670,69.56670,-196.47810,69.56670,-4.32460,-2.2414,-2.2544
2015-09-30,,,,0.35450,2.11700,,-2.47410,2.85180,0.37770,0.37770,0.37770,0.32460,-2.47150,-2.47410,0.59400,0.59400,0.50000,0.50000,0.19720,,,,,,,,,,-9.44650,-9.44650,65.40190,-9.44650,-6.65170,-1.1414,-1.1403
2015-06-30,,,,0.48960,3.93800,,-4.43010,-0.33100,-4.76140,-4.76140,-4.76140,-4.87350,-3.84230,-4.43010,0.55410,0.55410,-8.75000,-8.75000,0.23660,,,,,,,,,,74.87170,74.87170,-342.28880,74.87170,-10.96450,-2.1478,-2.1585
2015-03-31,,,,0.30210,2.74690,,-3.05180,-0.00110,-3.05290,-3.05290,-3.05290,-3.13230,-3.04890,-3.05180,0.49020,0.49020,-6.50000,-6.50000,0.32810,,,,,,,,,,43.81330,43.81330,-135.26750,43.81330,-13.23710,-2.48850,-2.49400
2014-12-31,,,,0.18170,2.42210,,-2.60720,-0.00110,-2.60830,-2.60830,-2.60830,-2.67830,-2.60380,-2.60720,0.38600,0.38600,-7.00000,-7.00000,0.25730,,,,,,,,,,72.79490,72.79490,-738.18400,72.79490,-8.01290,-1.4159,-1.4165
2014-09-30,,,,0.14420,3.79630,,-3.94440,-0.01560,-3.96000,-3.96000,-3.96000,-4.02310,-3.92570,-3.94440,0.40870,0.40870,-9.75000,-9.75000,0.44150,,,,,,,,,,123.47250,123.47250,-963.63560,123.47250,-7.28440,-1.0181,-1.0278
2014-06-30,,,,0.09990,0.48450,,-0.58850,-0.19870,-0.78720,-0.78720,-0.78720,-0.87040,-0.39370,-0.58850,0.35130,0.35130,-2.50000,-2.50000,0.07240,,,,,,,,,,22.21020,22.21020,-747.65930,22.21020,-9.02250,-1.2491,-1.2491
2014-03-31,,,,0.12220,0.60160,,-0.72820,-0.38940,-1.11750,-1.11750,-1.11750,-1.20160,-0.33540,-0.72820,0.33930,0.33930,-3.50000,-3.50000,,,,,,,,,,,,,,,,-1.49050,-1.49050
2013-12-31,,,,,,,,,,,,,,,,,,0.00000,,,,,,,,,,,,,,,,5.0925,5.1282
2013-09-30,,,,0.29000,0.50930,,-0.80370,-1.79060,-2.59430,-2.59430,-2.59430,-2.67890,-0.08350,-0.80370,0.32770,0.32770,-8.25000,-8.25000,,,,,,,,,,,,,,,,-1.5894,-1.5953
2013-06-30,,,,0.17850,1.04200,,-1.22470,-0.61470,-1.83940,-1.83940,-1.83940,-1.91470,-1.22470,-1.22470,0.32740,0.32740,-5.75000,-5.75000,,,,,,,,,,,,,,,,-3.5031,-3.5329
2012-12-31,,,,,,,,,,,,,,,,,,0.00000,,,,,,,,,,,,,,,,0,0
2011-12-31,,,,,,,,,,,,,,,,,,0.00000,,,,,,,,,,,,,,,,0,0
