Date,revenue,cost-goods-sold,gross-profit,research-development-expenses,selling-general-administrative-expenses,other-operating-income-expenses,operating-expenses,operating-income,total-non-operating-income-expense,pre-tax-income,total-provision-income-taxes,income-after-taxes,income-from-continuous-operations,net-income,ebitda,ebit,basic-shares-outstanding,shares-outstanding,eps-basic-net-earnings-per-share,eps-earnings-per-share-diluted,current-ratio,long-term-debt-capital,debt-equity-ratio,gross-margin,operating-margin,ebit-margin,pre-tax-profit-margin,net-profit-margin,asset-turnover,receiveable-turnover,days-sales-in-receivables,roe,return-on-tangible-equity,roa,roi,book-value-per-share,operating-cash-flow-per-share,free-cash-flow-per-share
2023-09-30,306.61200,64.67600,241.93600,65.46500,96.43500,3.16000,168.25700,73.67900,-4.09400,69.58500,16.51400,53.07100,53.02700,53.00900,92.98500,73.67900,313.06900,332.82500,0.17000,0.16000,0.54980,0.69550,2.29640,78.90620,24.03010,24.03010,22.69480,17.28860,0.09780,1.30380,69.03140,7.66110,-2.91500,1.69150,2.33300,2.34440,0.2177,0.1947
2023-06-30,296.74900,66.42600,230.32300,70.11700,93.62200,-3.77700,177.01800,53.30500,-8.51900,44.78600,-3.89900,48.68500,48.68500,48.66600,72.37500,53.30500,311.91500,332.35300,0.16000,0.15000,0.55200,0.71680,2.54280,77.61540,17.96300,17.96300,15.09220,16.39970,0.09380,1.21520,74.06470,7.56250,-2.58870,1.53880,2.14160,2.18440,0.2407,0.2198
2023-03-31,314.41100,67.18400,247.22700,67.80000,98.94800,-4.14600,181.44200,65.78500,-10.80300,54.98200,9.49200,45.49000,45.49000,45.49000,85.66500,65.78500,310.75900,331.25200,0.15000,0.14000,0.59980,0.73100,2.72720,78.63180,20.92330,20.92330,17.48730,14.46830,0.09860,1.13440,79.33580,7.40650,-2.37230,1.42690,1.99260,2.10700,0.53200,0.51910
2022-12-31,286.94800,62.35100,224.59700,67.89000,99.61200,-6.09100,183.83810,40.75890,-1.60900,39.15000,13.06200,26.08800,25.72200,25.70200,60.47490,40.75900,309.22700,331.76500,0.09000,0.08000,0.66190,0.75590,3.10520,78.27100,14.20430,14.20430,13.64360,8.95700,0.09070,0.99960,90.03920,4.48540,-1.31500,0.81270,1.09490,1.98420,0.0944,0.0782
2022-09-30,268.33200,59.18300,209.14900,63.82700,83.90800,4.57600,153.60500,55.54400,-8.20200,47.34200,9.66400,37.67800,36.99700,36.98600,75.28000,55.54400,310.11600,325.17000,0.12000,0.12000,0.57310,0.77350,3.42490,77.94410,20.69970,20.69970,17.64310,13.78370,0.08820,1.31760,68.30770,7.11210,-1.87420,1.21640,1.61080,1.80360,0.2247,0.2048
2022-06-30,268.28500,59.69400,208.59100,64.86600,89.65000,12.15900,152.87400,55.71700,-4.12500,51.59200,-4.67400,56.26600,55.67300,55.66200,76.10300,55.71700,308.24500,332.27500,0.18000,0.17000,0.60110,0.78600,3.68320,77.74980,20.76780,20.76780,19.23030,20.74730,0.08660,1.27920,70.35420,11.20200,-2.73550,1.79610,2.39710,1.72470,0.2008,0.1935
2022-03-31,275.51700,55.78500,219.73200,61.27300,97.09900,5.13800,163.14000,56.59200,3.59900,60.19100,3.23100,56.96000,56.38800,56.38800,75.58200,56.59200,307.97000,331.33000,0.18000,0.18000,0.67570,0.80350,4.10030,79.75260,20.54030,20.54030,21.84660,20.46630,0.08720,1.22160,73.67650,12.32110,-2.69930,1.78540,2.42090,1.60500,0.30700,0.30160
2021-12-31,267.73200,59.56700,208.16500,63.00200,87.27700,-5.71900,164.89600,43.26900,-2.40000,40.86900,1.64200,39.22700,38.58100,38.57800,61.91100,43.26900,305.71100,314.61100,0.12000,0.14000,1.03700,0.77760,3.50910,77.75130,16.16130,16.16130,15.26490,14.40920,0.10070,1.13800,79.08630,9.42790,-2.70730,1.45080,2.09660,1.44840,0.2425,0.2229
2021-09-30,251.38800,54.23200,197.15600,57.33400,79.72100,-88.96500,234.69600,-37.54000,-4.79300,-42.33300,5.02500,-47.35800,-48.02200,-48.02500,-19.08500,-37.54000,308.19500,308.19500,-0.16000,-0.16000,0.72820,0.77470,3.43760,78.42700,-14.93310,-14.93310,-16.83970,-19.10390,0.10240,1.33480,67.42340,-12.67080,3.27820,-1.95680,-2.85530,1.34380,0.2137,0.1922
2021-06-30,223.92100,53.45100,170.47000,52.77600,79.69700,-0.19500,137.25700,33.21300,-6.23000,26.98300,-20.47300,47.45600,45.62700,45.62400,44.64200,33.21300,304.06600,324.47800,0.15000,0.14000,0.71200,0.72910,2.69140,76.12950,14.83250,14.83250,12.05020,20.37500,0.09120,1.03970,86.56230,9.67050,-3.29650,1.85920,2.61970,1.67790,0.0465,0.0401
2021-03-31,222.00500,49.28900,172.71600,47.80300,65.66100,-0.16700,117.06900,55.64700,12.16300,67.81000,10.35800,57.45200,57.00600,57.00600,65.86900,55.64700,302.58300,321.73700,0.19000,0.18000,1.48500,0.65520,1.90000,77.79830,25.06570,25.06570,30.54440,25.67780,0.13650,1.21210,74.25240,16.10350,-17.67870,3.50400,5.55290,1.29330,0.41280,0.40450
2020-12-31,219.56700,50.56300,169.00400,45.94500,64.28900,-0.12700,114.72900,54.27500,15.16400,69.43900,16.48000,52.95900,51.93200,51.70200,65.11100,54.27500,289.86300,299.37100,0.18000,0.17000,0.73090,0.41870,0.72010,76.97150,24.71910,24.71910,31.62540,23.54730,0.19500,1.15550,77.89000,15.20260,-18.20890,4.61190,8.83800,1.25520,0.2754,0.2657
2020-09-30,202.99700,42.62800,160.36900,50.21700,74.78000,-26.18000,155.04600,5.32300,11.80700,17.13000,10.70500,6.42500,5.84400,5.84000,14.64800,5.32300,289.31800,299.63500,0.02000,0.02000,0.80260,0.98800,82.19480,79.00070,2.62220,2.62220,8.43850,2.87690,0.18620,1.22210,73.64500,81.47220,-1.00480,0.53590,0.97930,0.02740,0.1262,0.1147
2020-06-30,184.29000,36.70500,147.58500,44.21800,55.09700,,102.99400,44.59100,-0.72300,43.86800,4.26400,39.60400,39.07600,39.07600,53.34400,44.59100,286.94600,295.18700,0.14000,0.13000,,,,80.08300,24.19610,24.19610,23.80380,21.20350,,,,,,,,,0.213,0.1946
2020-03-31,194.69000,37.25900,157.43100,45.13500,62.89900,,111.47000,45.96100,-8.77800,37.18300,7.17600,30.00700,29.66900,29.66900,54.14900,45.96100,285.48700,292.37900,0.10000,0.10000,,,,80.86240,23.60730,23.60730,19.09860,15.23910,,,,,,,,,0.24830,0.23300
2019-12-31,,,,,,,,,,,,,,,,,,,,0.00000,,,,,,,,,,,,,,,,,-0.4083,-0.3662
2019-09-30,186.58800,35.05100,151.53700,44.75600,61.82900,,110.13500,41.40200,-14.33500,27.06700,6.64000,20.42700,20.42700,20.41700,41.40200,41.40200,286.07500,289.63000,0.07000,0.07000,,,,81.21480,22.18900,22.18900,14.50630,10.94230,,,,,,,,,0.4083,0.3662
2018-12-31,,,,,,,,,,,,,,,,,,,,0.00000,,,,,,,,,,,,,,,,,0,0
