Date,revenue,cost-goods-sold,gross-profit,selling-general-administrative-expenses,other-operating-income-expenses,operating-expenses,operating-income,total-non-operating-income-expense,pre-tax-income,total-provision-income-taxes,income-after-taxes,income-from-continuous-operations,income-from-discontinued-operations,net-income,ebitda,ebit,basic-shares-outstanding,shares-outstanding,eps-basic-net-earnings-per-share,eps-earnings-per-share-diluted,current-ratio,long-term-debt-capital,debt-equity-ratio,gross-margin,operating-margin,ebit-margin,pre-tax-profit-margin,net-profit-margin,asset-turnover,inventory-turnover,receiveable-turnover,days-sales-in-receivables,roe,return-on-tangible-equity,roa,roi,book-value-per-share,operating-cash-flow-per-share,free-cash-flow-per-share
2023-09-30,469.54300,294.56100,174.98200,41.56100,-1.76400,43.32500,131.65700,-60.46000,71.19700,18.50500,52.69200,52.69200,,46.48200,132.95700,131.65700,160.28300,160.28300,0.29000,0.29000,1.22740,0.55600,1.40460,37.26650,28.03940,28.03940,15.16300,9.89940,0.11580,18.89790,2.31470,38.88160,5.19620,-2.58960,1.29900,2.30700,,0.9478,0.9319
2023-06-30,422.71800,279.97300,142.74500,40.16200,7.85900,32.30300,110.44200,-31.26200,79.18000,-1.64100,80.82100,80.82100,,69.77500,96.82200,110.44200,162.26700,162.26700,0.43000,0.43000,0.82330,0.52050,1.48350,33.76840,26.12660,26.12660,18.73120,16.50630,0.10420,22.78430,2.31600,38.85930,8.23370,-3.77370,1.99240,3.94800,,0.6773,0.6634
2023-03-31,382.05800,246.09200,135.96600,38.40600,4.42100,33.98500,101.98100,-40.64800,61.33300,37.24900,24.08400,24.08400,,31.68500,108.85100,101.98100,158.42500,158.42500,0.20000,0.20000,1.03210,0.58520,1.60710,35.58780,26.69260,26.69260,16.05330,8.29320,0.09790,21.35470,2.09370,42.98520,2.66460,-1.13620,0.61730,1.10520,,0.38050,0.36420
2022-12-31,392.36800,281.91500,110.45290,43.57400,21.31200,22.26200,88.19100,-60.93600,27.25500,19.86200,7.39300,7.39300,,15.13800,70.96200,88.19100,160.75500,160.79500,0.10000,0.10000,0.95730,0.59890,1.69930,28.15040,22.47660,22.47660,6.94630,3.85810,0.10230,17.88230,2.18300,41.22840,0.85730,-0.35240,0.19270,0.34390,,0.7045,0.6814
2022-09-30,395.49000,268.21900,127.27100,38.02600,3.23600,34.79000,92.48100,-6.44900,86.03200,13.18500,72.84700,72.84700,,57.23100,85.95900,92.48100,158.97500,158.97500,0.36000,0.36000,1.01660,0.60260,1.74850,32.18060,23.38390,23.38390,21.75330,14.47090,0.10480,19.56230,2.20960,40.73090,8.54800,-3.51580,1.92970,3.39670,,0.5153,0.5049
2022-06-30,332.65600,234.90200,97.75400,28.63800,2.97200,25.66600,72.08800,-14.24800,57.84000,-13.76400,71.60400,71.60400,,69.85500,85.08900,72.08800,162.45300,162.45300,0.43000,0.43000,0.99750,0.63470,2.02650,29.38590,21.67040,21.67040,17.38730,20.99920,0.08820,13.99640,1.99310,45.15530,9.54920,-3.34040,1.89800,3.48850,,0.3952,0.3811
2022-03-31,258.14900,177.94200,80.20700,31.11700,2.72500,28.39200,51.81500,-32.42400,19.39100,5.60000,13.79100,13.79100,,25.94200,80.10500,51.81500,162.13800,162.13800,0.16000,0.16000,0.80060,0.65600,2.73400,31.07000,20.07170,20.07170,7.51160,10.04920,0.06460,14.76090,1.57690,57.07450,2.27590,-0.59980,0.34510,0.78280,,0.26710,0.25960
2021-12-31,246.57800,189.36600,57.21210,36.29500,36.57200,-0.27700,57.48910,-20.00200,37.48700,41.85800,-4.37100,-4.37100,-19.76400,-24.68000,74.94110,57.48900,160.50000,160.50000,-0.15000,-0.15000,0.74360,0.56830,1.86090,23.20240,23.31480,23.31470,15.20290,-10.00900,0.06810,16.43800,1.50740,59.70530,-0.56500,0.22200,-0.12070,-0.24390,4.73960,0.3554,0.3437
2021-09-30,186.87800,157.74600,29.13200,22.99900,-3.35600,26.35500,2.77700,-31.74100,-28.96400,4.33000,-33.29400,-33.29400,-0.63900,-15.03800,26.25200,2.77700,167.08900,167.08900,-0.09000,-0.09000,0.70820,,0.18350,15.58880,1.48600,1.48600,-15.49890,-8.04700,0.05490,3.18250,2.06830,43.51330,-4.49560,1.70120,-0.97810,-4.49560,,0.2725,0.2668
2021-06-30,135.26400,137.40000,-2.13600,23.43300,-1.67700,25.11000,-27.24600,-5.30400,-32.55000,22.10100,-54.65100,-54.65100,-0.79300,-33.97400,-0.54100,-27.24600,160.61200,160.61200,-0.21000,-0.21000,0.74460,0.60190,1.84390,-1.57910,-20.14280,-20.14280,-24.06410,-25.11680,0.03950,15.64740,0.91600,98.25050,-7.52190,2.73330,-1.59410,-2.99410,,0.0689,0.0438
2021-03-31,138.19300,137.86900,0.32400,19.33500,-7.54900,26.88400,-26.56000,-40.08200,-66.64200,0.82200,-67.46400,-67.46400,,-44.06300,-16.77100,-26.56000,157.36800,157.36800,-0.28000,-0.28000,0.85360,0.59010,1.75660,0.23450,-19.21950,-19.21950,-48.22390,-31.88510,0.04220,19.42910,0.95560,94.18110,-8.95410,3.74760,-2.05820,-3.67040,,-0.02420,-0.02610
2020-12-31,125.22800,139.59600,-14.36800,28.07600,46.64300,-18.56700,4.19900,-61.99900,-57.80000,-13.29900,-44.50100,-44.50100,,-39.29400,20.20400,4.19900,160.02200,160.02200,-0.24000,-0.24000,0.94110,0.58360,1.67000,-11.47350,3.35310,3.35310,-46.15580,-31.37800,0.03680,17.41680,0.79740,112.86720,-5.52610,2.45700,-1.30670,-2.30130,4.93370,0.05,0.0378
2020-09-30,97.57200,142.47900,-44.90700,16.39600,-61.73800,78.13400,-123.04100,-51.44900,-174.49000,36.46300,-210.95300,-210.95300,,-143.27300,-97.70200,-123.04100,159.19200,159.19200,-0.90000,-0.90000,0.63730,0.51980,1.39720,-46.02450,-126.10280,-126.10280,-178.83210,-146.83820,0.03000,15.88570,0.61140,147.19870,-24.62240,12.45220,-6.48630,-11.82320,,-0.0308,-0.0493
2020-06-30,81.72700,135.53000,-53.80300,22.95700,0.65100,22.30600,-76.10900,-46.33000,-122.43900,-46.65300,-75.78600,-75.78600,,-55.43100,-52.56200,-76.10900,160.02200,160.02200,-0.35000,-0.35000,0.68170,0.45300,1.08080,-65.83260,-93.12590,-93.12590,-149.81460,-67.82460,0.02440,12.79550,0.52950,169.95570,-7.18080,4.78480,-2.25830,-3.92770,,-0.0385,-0.048
2020-03-31,302.82900,235.97800,66.85100,34.34600,-1.25200,35.59800,31.25300,-48.22000,-16.96700,9.19400,-26.16100,-26.16100,,-15.05500,38.72100,31.25300,160.02200,160.02200,-0.09000,-0.09000,0.87490,0.45180,1.01560,22.07550,10.32030,10.32030,-5.60280,-4.97150,0.08600,23.00650,1.65360,54.42810,-2.28820,1.65810,-0.74280,-1.25440,,0.02450,0.00890
2019-12-31,368.43210,283.85800,84.57400,36.97900,-39.07600,76.05500,8.51900,-34.58500,-26.06600,27.06100,-53.12700,-53.12700,,-45.89900,-42.44600,8.51900,160.02200,160.02200,-0.29000,-0.29000,0.90280,0.46290,1.00810,22.95510,2.31220,2.31220,-7.07480,-12.45790,0.09490,25.11570,1.69890,52.97520,-4.43240,2.94580,-1.36850,-2.38040,7.49030,0.1861,0.143
2019-09-30,417.09500,302.75300,114.34200,55.63500,3.05500,52.58000,61.76200,-111.59000,-49.82800,-17.37300,-32.45500,-32.45500,,-24.56600,13.84200,61.76200,160.02200,160.02200,-0.15000,-0.15000,1.01940,0.46820,1.01330,27.41390,14.80770,14.80770,-11.94640,-5.88980,0.11030,33.63180,1.87290,48.05270,-2.71750,1.91950,-0.85860,-1.44510,,-0.2899,-0.2931
2019-06-30,412.56300,303.07000,109.49300,37.15000,4.18300,32.96700,76.52600,-8.05300,68.47300,13.12200,55.35100,55.35100,,49.12300,18.54000,76.52600,158.46100,158.46100,0.31000,0.31000,0.99380,0.42230,0.84190,26.53970,18.54890,18.54890,16.59700,11.90680,0.10280,39.94070,1.81610,49.55680,4.10110,-3.14380,1.37860,2.36910,,-0.003,-0.0428
2019-03-31,360.55000,248.74400,111.80600,38.52700,3.54900,34.97800,76.82800,-58.14800,18.68000,-5.73100,24.41100,24.41100,,30.44100,62.24400,76.82800,160.21600,160.21600,0.19000,0.19000,1.14150,0.45580,0.93750,31.00990,21.30860,21.30860,5.18100,8.44290,0.09480,27.04620,1.86710,48.20340,2.01220,-1.44300,0.64160,1.09510,,-0.01640,-0.03710
2018-12-31,290.24810,239.01800,51.23010,47.63700,4.68400,42.95300,8.27710,33.27000,41.54700,21.89200,19.65500,19.65500,,18.48100,-18.04090,8.27700,158.84800,158.84800,0.10000,0.10000,1.18240,0.45670,0.92150,17.65040,2.85170,2.85170,14.31430,6.36730,0.07550,24.46700,1.47240,61.12570,1.60750,-1.14880,0.51110,0.87340,7.64080,0.4735,0.4463
2018-09-30,347.96100,227.76200,120.19900,36.71800,3.54200,33.17600,87.02300,-107.86200,-20.83900,0.80000,-21.63900,-21.63900,,-15.17700,129.45800,87.02300,168.63300,168.63300,-0.09000,-0.09000,1.27240,0.49980,1.10140,34.54380,25.00940,25.00940,-5.98890,-4.36170,0.09770,22.83560,1.74760,51.49920,-2.06780,1.32290,-0.60750,-1.03420,,0.258,0.246
2018-06-30,397.05200,263.54300,133.50900,43.51100,4.08000,39.43100,94.07800,-149.10900,-55.03100,-20.10900,-34.92200,-34.92200,,-22.67400,57.11400,94.07800,161.95700,161.95700,-0.14000,-0.14000,1.30640,0.56810,1.43340,33.62510,23.69410,23.69410,-13.85990,-5.71060,0.12150,30.34110,2.17820,41.31860,-4.30950,2.11270,-1.06870,-1.86150,,0.2868,0.2674
2018-03-31,390.88400,241.10200,149.78200,44.03300,3.84700,40.18600,109.59600,-71.77100,37.82500,11.51800,26.30700,26.30700,,26.49500,99.65000,109.59600,155.85300,155.85300,0.17000,0.17000,1.36120,0.53080,1.20930,38.31880,28.03800,28.03800,9.67680,6.77820,0.10570,29.71070,2.03460,44.23560,2.59660,-1.47410,0.71140,1.21830,,0.18830,0.17710
2017-12-31,416.60000,280.16400,136.43600,54.12700,7.39400,46.73300,416.60000,-88.30600,416.60000,7.09200,416.60000,-3.90000,0.00000,-3.90000,43.44100,416.60000,148.11800,148.11800,-0.02000,-0.02000,0.79160,0.58280,1.86470,100.00000,21.53220,100.00000,100.00000,-0.93610,0.10960,32.71420,1.34600,66.86640,-0.48920,0.19300,-0.10260,-0.20410,5.38180,-0.776,-0.8075
2017-09-30,421.11200,272.10800,149.00400,49.17400,4.21000,44.96400,104.04000,-62.96600,41.07400,19.33700,21.73700,21.73700,,19.02100,63.49500,104.04000,148.11800,148.11800,0.13000,0.13000,0.94660,0.59350,1.58460,35.38350,24.70600,24.70600,9.75370,4.51690,0.10650,44.90230,1.53220,58.73880,2.58950,-1.03250,0.54990,1.05280,,0.2195,0.2027
2017-06-30,383.76800,258.18300,125.58500,47.36900,2.00700,45.36200,80.22300,-55.26500,24.95800,8.88100,16.07700,16.07700,,15.61200,52.90900,80.22300,141.93000,141.93000,0.11000,0.11000,,,,32.72420,20.90400,20.90400,6.50340,4.06810,,,,,,,,,,0.0454,0.0255
2017-03-31,353.65400,219.52800,134.12600,43.53100,4.56900,38.96200,95.16400,-48.79600,46.36800,11.61500,34.75300,34.75300,,32.45700,91.93500,95.16400,148.11800,148.11800,0.22000,0.22000,,,,37.92580,26.90880,26.90880,13.11110,9.17760,,,,,,,,,,0.17740,0.16920
2016-12-31,,,,,,,,,,,,,,,,,,,,0.00000,,,,,,,,,,,,,,,,,,0,0
2015-12-31,,,,,,,,,,,,,,,,,,,,0.00000,,,,,,,,,,,,,,,,,,0,0
