Date,revenue,cost-goods-sold,gross-profit,selling-general-administrative-expenses,other-operating-income-expenses,operating-expenses,operating-income,total-non-operating-income-expense,pre-tax-income,total-provision-income-taxes,income-after-taxes,income-from-continuous-operations,net-income,ebitda,ebit,basic-shares-outstanding,shares-outstanding,eps-basic-net-earnings-per-share,eps-earnings-per-share-diluted,current-ratio,long-term-debt-capital,debt-equity-ratio,gross-margin,operating-margin,ebit-margin,pre-tax-profit-margin,net-profit-margin,asset-turnover,receiveable-turnover,days-sales-in-receivables,roe,return-on-tangible-equity,roa,roi,book-value-per-share,operating-cash-flow-per-share,free-cash-flow-per-share
2023-09-30,420.34800,109.68200,310.66600,92.72600,-2.49200,178.13600,132.53000,-63.92000,68.61000,20.69400,47.91600,39.47200,39.47200,215.44800,132.53000,5.61130,6.02630,7.03000,6.81000,1.80700,0.67120,2.05170,73.90690,31.52860,31.52860,16.32220,9.39030,0.06080,4.86900,18.48420,2.18960,-2.27070,0.57110,0.72000,320.94230,30.2989,18.6488
2023-06-30,424.02400,112.80400,311.22000,86.17300,-2.76700,176.18000,135.04000,-45.33000,89.71000,20.94900,68.76100,55.24600,55.24600,222.28000,135.04000,5.66080,6.07100,9.76000,9.36000,1.62190,0.67860,2.12190,73.39680,31.84730,31.84730,21.15680,13.02900,0.06160,5.68310,15.83630,3.12520,-3.08380,0.80270,1.00450,313.37350,28.1807,14.17
2023-03-31,421.89400,112.16100,309.73300,86.74500,-5.45600,177.62900,132.10400,-35.86900,96.23500,22.29500,73.94000,57.42600,57.42600,217.53200,132.10400,5.71870,6.12860,10.04000,9.62000,1.74580,0.68470,2.18250,73.41490,31.31210,31.31210,22.81020,13.61150,0.06130,9.14200,9.84470,3.29540,-3.12990,0.83480,1.03900,305.72160,26.39870,9.96530
2022-12-31,425.51400,112.61500,312.89900,85.73900,-1.58500,174.22200,138.67690,-162.03700,-23.36000,40.16700,-63.52700,-77.21000,-77.21000,235.09300,138.67700,5.89210,6.31410,-12.50000,-11.43000,1.42000,0.68100,2.16640,73.53440,32.59050,32.59050,-5.48980,-18.14510,0.06150,5.72060,15.73270,-4.39200,4.20180,-1.11670,-1.40110,304.88610,25.8837,9.2671
2022-09-30,424.71800,120.48700,304.23100,86.01800,-2.95200,176.19200,128.03900,-35.55500,92.48400,21.89100,70.59300,70.60700,70.60700,215.26000,128.03900,5.83670,6.26130,12.10000,11.53000,1.41970,0.66510,2.01320,71.63130,30.14680,30.14680,21.77540,16.62440,0.06130,6.57390,13.69060,3.72180,-4.10520,1.01850,1.24640,325.52020,35.5704,19.3181
2022-06-30,429.08500,118.39300,310.69200,90.78700,-10.42600,189.63600,121.05600,-24.01400,97.04200,22.77300,74.26900,69.24500,69.24500,209.48000,121.05600,5.94650,6.36960,11.64000,11.11000,1.68330,0.66470,2.00760,72.40800,28.21260,28.21260,22.61600,16.13780,0.06220,5.59200,16.09440,3.63390,-3.99720,1.00430,1.21830,322.03890,26.151,9.9008
2022-03-31,426.72600,119.42100,307.30500,87.76600,19.59700,156.08800,151.21700,57.98000,209.19700,41.50100,167.69600,171.47600,171.47600,239.13600,151.21700,6.01890,6.44500,28.49000,26.85000,1.87470,0.66180,1.97910,72.01460,35.43660,35.43660,49.02370,40.18410,0.06130,7.33240,12.27420,8.85660,-9.87340,2.46390,2.99530,322.04710,29.28160,13.92500
2021-12-31,432.58810,119.88100,312.70710,94.89600,-3.51500,191.39100,121.31610,-33.84400,87.47200,23.63700,63.83500,64.83400,64.83400,216.72310,121.31610,6.01780,6.38740,10.75000,10.29000,1.86180,0.67940,2.14060,72.28750,28.04430,28.04430,20.22060,14.98750,0.06220,5.37740,16.73680,3.61580,-3.18450,0.93230,1.15930,296.57540,28.1947,9.7512
2021-09-30,430.23700,121.65700,308.58000,95.10300,-3.37600,191.07900,117.50100,-53.32800,64.17300,13.02900,51.14400,52.25500,52.25500,216.83100,117.50100,6.01950,6.46090,8.68000,8.33000,2.01180,0.68760,2.22090,71.72330,27.31080,27.31080,14.91570,12.14560,0.06230,5.64470,15.94400,3.01840,-2.57280,0.75730,0.94300,286.38940,28.2297,10.1769
2021-06-30,401.74900,112.35000,289.39900,88.01700,-1.05800,173.99000,115.40900,-16.79800,98.61100,-8.61600,107.22700,106.15300,106.15300,198.89200,115.40900,6.01440,6.45580,17.65000,16.68000,1.85550,0.69420,2.29090,72.03480,28.72660,28.72660,24.54540,26.42270,0.05880,5.56350,16.17700,6.31550,-5.04360,1.55420,1.93110,278.42390,27.2602,14.4791
2021-03-31,341.26200,101.46400,239.79800,69.04200,0.12000,137.45200,102.34600,-15.48100,86.86500,17.71500,69.15000,68.58200,68.58200,172.30800,102.34600,6.01240,6.16830,11.41000,11.19000,7.15620,0.65500,1.91500,70.26800,29.99050,29.99050,25.45410,20.09660,0.06280,7.50600,11.99040,4.28460,-70.27000,1.26250,1.47830,265.22740,26.58660,15.77350
2020-12-31,336.76800,99.44500,237.32300,64.68900,80.52400,47.53900,189.78390,-43.78900,145.99500,41.13300,104.86200,106.23800,106.23800,254.13290,189.78400,5.88480,5.93760,17.80000,17.63000,3.03640,0.58970,1.45470,70.47080,56.35450,56.35450,43.35180,31.54640,0.07500,4.20890,21.38320,7.10480,-49.77370,2.36700,2.91530,248.05890,30.7877,16.8232
2020-09-30,338.96200,107.30300,231.65900,62.59600,-1.51100,135.52800,96.13100,-14.32900,81.80200,15.51500,66.28700,66.28700,66.28700,168.67000,96.13100,6.00200,6.05000,11.04000,10.96000,3.26560,0.54960,1.24410,68.34360,28.36040,28.36040,24.13310,19.55590,0.08860,3.63690,24.74610,4.78810,-19.00960,1.73220,2.15680,229.81390,19.679,7.216
2020-06-30,328.30300,106.02800,222.27500,64.99400,-0.98800,131.56600,90.70900,-14.96000,75.74900,13.20900,62.54000,62.54000,62.54000,157.39900,90.70900,5.83200,5.88300,10.72000,10.63000,3.46570,0.56220,1.30590,67.70420,27.62970,27.62970,23.07290,19.04950,0.08770,5.90320,15.24590,4.72520,-15.78670,1.67070,2.06880,219.85810,25.6773,13.8721
2020-03-31,321.19600,105.92800,215.26800,62.88400,5.62100,122.54200,92.72600,-16.94000,75.78600,6.46000,69.32600,69.32600,69.32600,159.11100,92.72600,5.69800,5.75500,12.17000,12.05000,1.71830,0.69010,2.26250,67.02080,28.86900,28.86900,23.59490,21.58370,0.09740,6.24720,14.40630,8.54940,-7.53600,2.10180,2.64950,141.64040,20.59080,7.99700
2019-12-31,318.75090,103.44800,215.30290,64.71300,-2.81200,126.79600,88.50700,-17.69700,70.81000,17.19700,53.61300,53.61300,53.61300,148.89700,88.50690,5.67900,5.73800,9.44000,9.31000,0.95750,0.67040,2.06860,67.54580,27.76680,27.76680,22.21480,16.81970,0.10110,7.85140,11.46290,6.37060,-5.95430,1.70100,2.09960,147.25620,27.3247,13.345
2019-09-30,284.99100,94.89800,190.09300,58.86100,-2.36200,109.96000,80.13300,-14.49700,65.63600,15.80100,49.83500,49.83500,49.83500,129.98800,80.13300,5.68200,5.74200,8.77000,8.68000,1.28030,0.62260,1.67190,66.70140,28.11770,28.11770,23.03090,17.48650,0.10930,8.71750,10.32410,6.43230,-8.11320,1.91060,2.42760,135.68460,21.2898,10.5659
2019-06-30,285.65000,95.68800,189.96200,60.10300,-0.91000,115.84800,74.11400,-28.14800,45.96600,9.57100,36.39500,36.39500,36.39500,130.24000,74.11400,5.67400,5.73000,6.41000,6.35000,1.08860,0.62670,1.70110,66.50170,25.94570,25.94570,16.09170,12.74110,0.11200,8.64740,10.40770,4.77060,-5.79860,1.42760,1.78100,133.67940,18.827,8.2268
2019-03-31,278.60500,94.51800,184.08700,61.44300,-1.10300,116.39000,67.69700,-16.29400,51.40300,12.66400,38.73900,38.73900,38.73900,122.65900,67.69700,5.67400,5.71700,6.83000,6.78000,1.71640,0.64310,1.83390,66.07460,24.29860,24.29860,18.45010,13.90460,0.10620,8.42520,10.68220,5.03740,-6.19090,1.47620,1.79800,134.94210,18.25750,9.85240
2018-12-31,269.85210,91.79100,178.06100,57.63200,-1.65900,108.79700,69.26400,-13.79400,55.47000,13.46200,42.00800,42.00800,42.00800,119.84500,69.26400,5.68400,5.72600,7.40000,7.34000,2.37720,0.59560,1.49950,65.98470,25.66740,25.66740,20.55570,15.56710,0.11720,6.63680,13.56080,5.41790,-11.98100,1.82390,2.19090,135.95620,17.4156,7.2035
2018-09-30,268.26800,91.95600,176.31200,59.43900,-3.14000,112.99300,63.31900,-13.95700,49.36200,11.04800,38.31400,38.31400,38.31400,114.80900,63.31900,5.67400,5.71800,6.75000,6.70000,2.08410,0.60610,1.56450,65.72230,23.60290,23.60290,18.40030,14.28200,0.11830,7.30300,12.32370,5.14050,-9.98730,1.68940,2.02460,130.64590,19.445,8.2756
2018-06-30,268.41400,91.78300,176.63100,54.19600,-2.73400,105.96300,70.66800,-14.07100,56.59700,12.81200,43.78500,43.78500,43.78500,120.74300,70.66800,5.68700,5.72300,7.70000,7.65000,2.02640,0.61670,1.63340,65.80540,26.32800,26.32800,21.08570,16.31250,0.12050,6.19980,14.51660,6.11580,-10.52490,1.96520,2.34410,125.53620,17.8647,9.7648
2018-03-31,265.76100,94.73900,171.02200,50.94900,-6.63400,106.36100,64.66100,-14.10600,50.55500,9.90200,40.65300,40.65300,40.65300,114.40900,64.66100,5.70300,5.74300,7.13000,7.08000,1.87150,0.62310,1.67620,64.35180,24.33050,24.33050,19.02270,15.29680,0.12000,6.28890,14.31100,5.80830,-9.34230,1.83640,2.18900,122.10570,16.48830,8.54480
2017-12-31,257.69800,92.01500,165.68300,55.22800,-3.75200,106.32900,59.35400,-13.03200,46.32200,-97.97100,144.29300,144.29300,144.29300,107.69400,59.35410,5.68000,5.74700,25.39000,25.10000,1.52070,0.63180,1.73710,64.29350,23.03240,23.03240,17.97530,55.99310,0.11690,5.02720,17.90270,21.33100,-31.27100,6.54500,7.85430,118.03300,18.2644,9.9389
2017-09-30,253.83300,91.89400,161.93900,51.80600,-2.50600,101.02400,60.91500,-13.74100,47.17400,16.26900,30.90500,30.90500,30.90500,108.61900,60.91500,5.68100,5.75400,5.44000,5.37000,1.34160,0.68890,2.23900,63.79750,23.99810,23.99810,18.58470,12.17530,0.11720,3.51510,25.60380,5.87970,-4.97870,1.42730,1.82900,91.76400,15.4235,7.0124
2017-06-30,240.99100,84.04800,156.94300,50.96500,-0.46200,99.44900,57.49400,-12.10400,45.39000,17.53000,27.86000,27.86000,27.86000,106.30700,57.49400,5.67800,5.74600,4.91000,4.85000,1.22840,0.69880,2.34270,65.12400,23.85730,23.85730,18.83470,11.56060,0.11340,3.86510,23.28550,5.53710,-4.30670,1.31140,1.66770,87.88610,9.1183,2.1626
2017-03-31,207.43400,69.08300,138.35100,46.38500,6.14600,79.77500,58.57600,-7.31900,51.25700,19.14400,32.11300,32.11300,32.11300,98.51200,58.57600,5.67200,5.73100,5.66000,5.60000,1.94290,0.52400,1.11530,66.69640,28.23840,28.23840,24.71000,15.48110,0.14570,6.68300,13.46700,6.67840,-31.62530,2.25590,3.17870,84.00520,13.65560,8.94700
2016-12-31,206.45000,68.84600,137.60400,48.83100,-1.19600,92.26600,45.33800,-7.48900,37.84900,12.08300,25.76600,25.76600,25.76600,87.98600,45.33800,5.74400,5.77100,4.51000,4.48000,1.67770,0.53080,1.14460,66.65250,21.96080,21.96080,18.33330,12.48050,0.14530,5.49130,16.38960,5.49060,-22.77540,1.81310,2.57620,82.21390,10.9185,4.5569
2016-09-30,205.53600,75.63100,129.90500,48.80700,-1.06000,86.08500,43.82000,-3.20000,40.62000,19.74600,20.87400,20.87400,20.87400,80.46200,43.82000,5.72000,5.75500,3.65000,3.63000,1.50970,0.54880,1.22930,63.20300,21.31990,21.31990,19.76300,10.15590,0.14850,6.63700,13.56030,4.76990,-14.48390,1.50770,2.15200,76.60060,11.8561,6.0708
2016-06-30,204.55700,75.67200,128.88500,43.48200,-0.15700,78.32800,50.55700,-7.36600,43.19100,16.55800,26.63300,26.63300,26.63300,85.65100,50.55700,5.74300,5.76600,4.64000,4.62000,1.32140,0.55290,1.24800,63.00690,24.71540,24.71540,21.11440,13.01980,0.14890,6.57890,13.68020,6.16890,-17.69910,1.93850,2.75830,75.31930,8.4359,3.3514
2016-03-31,202.80500,76.42800,126.37700,43.89300,-0.40800,78.99400,47.38300,-7.04500,40.33800,13.29400,27.04400,27.04400,27.04400,82.48000,47.38300,5.79600,5.81100,4.67000,4.65000,1.23840,0.55880,1.27680,62.31450,23.36380,23.36380,19.89000,13.33500,0.14720,6.81970,13.19700,6.40580,-16.89680,1.96300,2.82640,73.33300,13.34350,5.33020
2015-12-31,203.44400,69.16200,134.28200,44.23900,,81.42100,52.86100,-7.64000,45.22100,16.35400,28.86700,28.86700,28.86700,90.34400,52.86100,5.85300,5.86000,4.93000,4.92000,1.29880,0.55160,1.23870,66.00440,25.98310,25.98310,22.22770,14.18920,0.14540,5.86210,15.35290,6.63080,-19.64920,2.06370,2.97340,74.63500,9.8838,-0.032
2015-09-30,198.21500,75.29100,122.92400,47.82000,,83.92800,38.99600,-7.70100,31.29500,11.88300,19.41200,19.41200,19.41200,75.10300,38.99600,5.87200,5.87600,3.31000,3.30000,1.43340,0.55960,1.27780,62.01550,19.67360,19.67360,15.78840,9.79340,0.14150,6.51920,13.80550,4.51240,-12.76150,1.38540,1.98740,73.39860,13.0749,8.2645
2015-06-30,202.69800,79.11500,123.58300,52.35900,,87.79400,35.78900,-0.96300,34.82600,13.39100,21.43500,21.43500,21.43500,71.22400,35.78900,5.84300,5.84300,3.67000,3.67000,1.47840,0.56940,1.32840,60.96900,17.65630,17.65630,17.18120,10.57490,0.14810,6.80650,13.22260,5.17710,-12.73760,1.56580,2.22920,70.86030,10.5197,4.1862
2015-03-31,202.90900,81.26900,121.64000,49.32900,,85.70900,35.93100,-0.01800,35.91300,13.80500,22.10800,22.10800,22.10800,72.31100,35.93100,5.84300,5.84300,3.78000,3.78000,0.59270,,,59.94810,17.70790,17.70790,17.69910,10.89550,0.16140,7.84040,11.47900,2.55860,7.84800,1.75810,2.55860,,9.54480,3.14240
2014-12-31,201.46800,79.07000,122.39800,45.85000,,78.03000,44.36800,-0.96000,43.45000,16.56000,26.89000,26.89200,26.89200,76.53000,44.36800,5.84600,5.84600,4.60000,4.60000,0.52420,,,60.75900,22.02240,22.02240,21.56670,13.34800,0.15960,6.77680,13.28060,3.15160,9.92660,2.13080,3.15160,146.03590,9.202,1.4644
2014-09-30,199.68700,79.43600,120.25100,49.23600,,83.65300,36.59800,75.21700,111.81500,42.61000,69.20500,69.20500,69.20500,71.01500,36.59800,5.84300,5.84300,11.84000,11.84000,,,,60.21980,18.32770,18.32770,55.99510,34.65670,,,,,,,,,6.4443,-1.2226
2014-06-30,205.11100,81.58700,123.52400,46.27900,,80.08200,43.44200,-0.03200,43.41000,16.54300,26.86700,26.86700,26.86700,77.24400,43.44200,5.84300,5.84300,4.60000,4.60000,,,,60.22300,21.17980,21.17980,21.16420,13.09880,,,,,,,,,19.5624,4.9019
2014-03-31,208.54600,87.89300,120.65300,47.50700,,81.28600,39.36700,-0.03200,39.33500,14.99000,24.34500,24.34500,24.34500,73.14600,39.36700,0.00100,0.00100,24345.00000,24345.00000,,,,57.85440,18.87690,18.87690,18.86160,11.67370,,,,,,,,,0.00000,
2013-12-31,,,,,,,,,,,,,,,,,,,0.00000,,,,,,,,,,,,,,,,,0,0
2012-12-31,,,,,,,,,,,,,,,,,,,0.00000,,,,,,,,,,,,,,,,,0,0
