Date,revenue,cost-goods-sold,gross-profit,research-development-expenses,selling-general-administrative-expenses,other-operating-income-expenses,operating-expenses,operating-income,total-non-operating-income-expense,pre-tax-income,total-provision-income-taxes,income-after-taxes,income-from-continuous-operations,net-income,ebitda,ebit,basic-shares-outstanding,shares-outstanding,eps-basic-net-earnings-per-share,eps-earnings-per-share-diluted,current-ratio,long-term-debt-capital,debt-equity-ratio,gross-margin,operating-margin,ebit-margin,pre-tax-profit-margin,net-profit-margin,asset-turnover,inventory-turnover,receiveable-turnover,days-sales-in-receivables,roe,return-on-tangible-equity,roa,roi,book-value-per-share,operating-cash-flow-per-share,free-cash-flow-per-share
2024-03-31,28.39570,1.34660,27.04920,14.47390,32.88210,0.71910,46.63680,-19.58770,-4.18020,-23.76780,-0.11190,-23.65600,-23.65600,-23.65600,-19.58770,-19.58770,26.83600,26.83600,-0.88220,-0.88220,2.69230,0.89430,8.46120,95.25790,-68.98110,-68.98110,-83.70220,-83.30820,0.17500,0.47820,1.61620,55.68600,,69.94690,-14.58040,-21.65440,0.43030,-0.70980,-0.70980
2023-12-31,42.67510,2.10810,40.56700,10.15660,27.61230,1.13960,36.62930,3.93760,-5.25770,-1.31980,0.40720,-1.72700,-1.72700,-1.72710,3.93760,3.93760,26.83600,26.83600,-0.06590,-0.06590,3.13190,0.74270,2.88700,95.06060,9.22700,9.22700,-3.09270,-4.04710,0.24340,1.09430,2.50170,35.97490,-5.47000,12.67130,-0.98500,-1.40730,1.05980,0.0495,0.0046
2023-09-30,27.24980,1.38020,25.86960,16.64130,23.97320,-0.01540,40.63000,-14.76040,-0.41710,-15.17760,0.39550,-15.57310,-15.57310,-15.57300,-14.76040,-14.76040,26.83600,26.83600,-0.58090,-0.58090,3.00550,0.68610,2.18530,94.93500,-54.16710,-54.16710,-55.69810,-57.14920,0.18280,0.93230,2.25690,39.87760,,135.68940,-10.44480,-14.99720,1.21480,-0.1787,-0.1787
2023-06-30,25.59150,1.35030,24.24120,8.45370,25.51920,2.59040,31.38250,-7.14130,0.42860,-6.71270,2.02100,-8.73370,-8.73370,-8.73370,-7.14130,-7.14130,26.83600,26.83600,-0.32490,-0.32490,3.83590,0.60720,1.54560,94.72310,-27.90510,-27.90510,-26.23020,-34.12750,0.15760,0.80320,1.84050,48.89990,,862.33010,-5.37890,-7.16040,1.78550,-0.573,-0.573
2023-03-31,18.29330,0.86310,17.43020,12.10800,22.92220,0.38500,34.64520,-17.21510,-2.67140,-19.88660,-1.95920,-17.92740,-17.92740,-17.92740,-17.21510,-17.21510,26.87000,26.87000,-0.66720,-0.66720,3.93350,0.55890,1.26720,95.28150,-94.10610,-94.10610,-108.71010,-98.00000,0.10700,0.74240,1.74670,51.52590,,-179.77310,-10.48380,-14.03310,1.89150,-0.82520,-0.82520
2022-12-31,43.05230,0.78820,42.26410,9.41650,26.26180,-1.32610,37.00440,5.25970,-2.15740,3.10210,1.36780,1.73430,1.73430,1.73440,5.25970,5.25970,26.51150,26.51150,0.07290,0.07290,4.34220,0.48750,0.95110,98.16950,12.21710,12.21710,7.20550,4.02860,0.22240,2.18080,5.51990,16.30460,2.28390,6.19660,0.89610,1.17050,2.54940,0.766,0.7566
2022-09-30,24.67930,0.41020,24.26920,9.76300,17.75940,-0.18470,27.70710,-3.43790,1.92350,-1.51440,-0.64990,-0.86450,-0.86450,-0.86460,-3.43790,-3.43790,26.62350,26.62350,-0.03230,-0.03230,4.42080,0.39160,0.64370,98.33810,-13.93050,-13.93050,-6.13640,-3.50350,0.17130,7.42610,1.38930,64.77880,-1.25490,-3.81830,-0.60010,-0.76350,2.32910,-0.3381,-0.3381
2022-06-30,6.50720,0.24230,6.26490,9.78310,17.49340,-0.30870,27.58510,-21.32030,1.80380,-19.51630,0.03440,-19.55080,-19.55080,-19.55080,-21.32030,-21.32030,26.59500,26.59500,-0.73560,-0.73560,5.32310,0.38840,0.63520,96.27620,-327.64220,-327.64220,-299.92040,-300.44970,0.04390,3.26710,1.21130,74.29810,-26.68570,-73.78700,-13.19550,-16.31970,2.75440,-0.8089,-0.8089
2022-03-31,5.32650,0.06580,5.26080,12.13900,15.25420,-0.18360,27.57670,-22.31600,-0.32860,-22.64460,-0.46980,-22.17470,-22.17470,-22.17470,-22.31600,-22.31600,26.19100,26.19100,-0.84700,-0.84700,5.36570,0.19760,0.24620,98.76340,-418.96090,-418.96090,-425.12970,-416.30880,0.03700,0.54190,2.57780,34.91310,-23.76730,-44.03470,-15.40140,-19.07150,3.50930,-0.78280,-0.78280
2021-12-31,3.81390,,3.81390,11.37000,17.42820,-0.15050,,-25.13480,0.40150,-24.73340,0.91270,-25.64610,-25.64610,-25.62860,-25.13480,-25.13480,25.41450,25.41450,-0.98390,-0.98390,7.47730,0.17460,0.21150,100.00000,-659.02390,-659.02390,-648.49980,-671.97100,0.02240,,,,-21.81430,-36.12470,-15.06600,-18.00660,4.49220,-0.7567,-0.787
2021-09-30,22.92790,,22.92790,10.65570,11.03450,-0.32870,,0.90890,-0.15910,0.74970,0.00360,0.74610,0.74610,1.25360,0.90890,0.90890,25.53150,25.53150,0.04860,0.04860,8.96800,0.12680,0.14520,100.00000,3.96430,3.96430,3.27000,5.46760,0.11200,,3.57230,25.19420,0.49970,0.80030,0.36460,0.43630,5.70530,-0.0892,-0.0892
2021-06-30,,,,8.91990,10.03180,-0.00080,,-18.95250,-0.69130,-19.64370,-0.25440,-19.38930,-19.38930,-19.00500,-18.95250,-18.95250,24.97100,24.97100,-0.76100,-0.76100,6.03460,,,,,,,,,,,,-16.79940,-33.32140,-13.24120,-16.79940,4.62210,-0.6313,-0.6313
2021-03-31,,,,10.73720,7.00650,-0.22950,,-17.97310,1.74120,-16.23190,-1.10920,-15.12280,-15.12280,-14.95420,-17.97310,-17.97310,24.97100,24.97100,-0.59840,-0.59840,7.74560,,,,,,,,,,,,-11.20580,-19.16650,-9.14880,-11.20580,5.40450,-0.64050,-0.64050
2020-12-31,0.04620,,0.04620,8.38170,7.00960,0.16280,,-15.18230,-3.86720,-19.04950,0.02720,-19.07670,-19.07670,-18.74000,-15.18230,-15.18230,22.43670,22.43670,-0.82880,-0.82880,9.81690,,,100.00000,-32890.86000,-32890.87000,-41268.74000,-40598.23000,0.00030,,,,-13.93100,-22.01640,-11.61780,-13.93100,5.48390,-0.6445,-0.6445
2020-09-30,,,,7.31930,4.62900,0.11650,,-11.83170,-3.72820,-15.55990,0.00900,-15.56890,-15.56890,-15.56890,-11.83170,-11.83170,24.87550,24.87550,-0.62500,-0.62500,23.46140,,,,,,,,,,,,-10.02490,-10.14330,-9.58360,-10.02490,6.21930,-0.4239,-0.4239
2020-06-30,,,,5.00310,1.94360,0.06420,,-6.88250,0.54830,-6.33420,0.00690,-6.34110,-6.34110,-6.34110,-6.88250,-6.88250,20.45800,20.45800,-0.31020,-0.31020,24.59320,,,,,,,,,,,,-4.30320,-4.35230,-4.12440,-4.30320,6.14780,-0.3329,-0.3329
2020-03-31,0.04910,,0.04910,5.60540,1.86570,-0.07100,,-7.49300,0.89600,-6.59690,-0.00390,-6.59300,-6.59300,-6.60090,-7.49300,-7.49300,19.30800,19.30800,-0.34190,-0.34190,13.31240,,,100.00000,-15258.65000,-15258.65000,-13433.97000,-13441.98000,0.00060,,,,-8.78370,-8.98290,-8.11470,-8.78370,3.87830,-0.10070,-0.10070
2019-12-31,4.90120,,4.90120,4.36980,2.49530,0.10520,,-1.85870,-0.51820,-2.37690,,-2.38510,-2.38510,-2.38510,-1.85870,-1.85870,18.47050,18.47050,-0.15110,-0.14890,15.38570,,,100.00000,-37.92440,-37.92440,-48.49750,-48.66380,0.05480,,0.99440,90.50770,-2.86060,-2.92010,-2.66720,-2.86060,4.30830,-0.2684,-0.269
2019-09-30,,,,4.82180,1.07480,0.40120,,-5.49540,0.26090,-5.23450,,-5.23450,-5.23450,-5.23450,-5.49540,-5.49540,19.29650,19.29650,-0.27140,-0.27140,30.66540,,,,,,,,,,,,-6.19030,-6.31320,-5.96290,-6.19030,4.36920,0.5118,0.5118
2019-06-30,14.65380,,14.65380,3.30620,2.01360,-0.28300,,9.05090,-0.23520,8.81570,,8.81570,8.81570,8.81570,9.05090,9.05090,17.60100,17.71900,0.50030,0.49820,16.35610,,,100.00000,61.76520,61.76520,60.16000,60.16000,0.19570,,,,12.61970,12.61970,11.77210,12.61970,3.96890,-0.4972,-0.4972
2019-03-31,,,,3.35370,1.06930,-0.23820,,-4.66120,0.01830,-4.64290,,-4.64290,-4.64290,-4.64290,-4.66120,-4.66120,35.20200,35.20200,-0.26400,-0.26400,20.42870,,,,,,,,,,,,-7.39320,-7.39320,-7.03180,-7.39320,3.56790,-0.15300,-0.15300
