Date,revenue,cost-goods-sold,gross-profit,selling-general-administrative-expenses,operating-expenses,operating-income,total-non-operating-income-expense,pre-tax-income,total-provision-income-taxes,income-after-taxes,income-from-continuous-operations,net-income,basic-shares-outstanding,shares-outstanding,eps-basic-net-earnings-per-share,eps-earnings-per-share-diluted,debt-equity-ratio,pre-tax-profit-margin,net-profit-margin,asset-turnover,roe,return-on-tangible-equity,roa,roi,book-value-per-share,operating-cash-flow-per-share,free-cash-flow-per-share
2023-09-30,54.15600,21.49200,32.66400,28.25700,28.25700,4.40700,,4.40700,0.78000,3.62700,3.62700,3.59400,22.94620,22.94620,0.16000,0.16000,1.55510,13.90700,11.34150,0.00710,1.09700,1.09700,0.08150,1.09700,14.40240,0.4348,0.3413
2023-06-30,48.74400,17.00500,31.73900,25.98100,25.98100,5.75800,,5.75800,0.05400,5.70400,5.70400,5.65500,23.51380,23.51380,0.24000,0.24000,1.20570,18.39970,18.07060,0.00710,1.65700,1.65700,0.13010,1.65700,14.72860,0.3147,0.1415
2023-03-31,56.69000,11.17000,45.52000,25.07500,25.07500,20.44500,-0.61200,19.83300,3.89200,15.94100,15.94100,15.82900,23.77050,23.77050,0.67000,0.67000,1.22610,45.05350,35.95780,0.01010,4.49190,4.49190,0.36520,4.49190,14.85100,0.94380,0.86280
2022-12-31,53.76000,6.69400,47.06600,27.05800,28.44300,18.62300,,19.07800,3.46900,15.60900,15.60900,15.51800,24.59580,24.59580,0.64000,0.64000,0.60380,40.85660,33.23270,0.01110,4.74980,4.74980,0.37120,4.74980,13.71740,0.9125,0.8455
2022-09-30,47.56200,4.60200,42.96000,24.30700,23.54300,19.41700,,19.41700,5.00900,14.40800,14.40800,14.31600,24.26510,24.26510,0.59000,0.59000,0.09530,45.28220,33.38620,0.01040,4.57660,4.57660,0.35020,4.57660,13.05700,0.8715,0.8021
2022-06-30,42.56500,4.50200,38.06300,24.87800,24.87800,13.18500,-0.61500,12.57000,1.79200,10.77800,10.77800,10.70900,24.49030,24.49030,0.44000,0.44000,,34.93610,29.76380,0.00870,3.22560,3.22560,0.26140,3.22560,13.59570,0.6098,0.5388
2022-03-31,38.01300,4.45600,33.55700,22.29000,22.29000,11.26700,-0.61500,10.65200,1.32900,9.32300,9.32300,9.28000,25.74060,25.74060,0.36000,0.36000,,32.12010,27.98300,0.00800,2.60020,2.60020,0.22610,2.60020,14.34970,0.48440,0.46890
2021-12-31,38.70900,4.88300,33.82600,28.84600,29.70000,4.12600,2.84900,6.97500,1.36500,5.61000,5.61000,5.60200,26.34270,26.34270,0.20000,0.20000,0.01720,21.00210,16.86790,0.00800,1.37640,1.37640,0.13570,1.37640,15.42110,0.6654,0.5818
2021-09-30,41.82800,5.51200,36.31600,23.77800,24.20500,12.11100,-0.00700,12.10400,0.93100,11.17300,11.17300,11.12500,26.34850,26.34850,0.42000,0.42000,0.07390,32.90110,30.24000,0.00890,2.75290,2.75290,0.27030,2.75290,15.33840,1.3884,1.2732
2021-06-30,40.33200,5.89100,34.44100,25.09300,25.09300,9.34800,-3.03000,6.31800,0.88600,5.43200,5.43200,5.40700,26.34410,26.34410,0.21000,0.21000,0.07520,18.54040,15.86700,0.00830,1.36100,1.36100,0.13180,1.36100,15.07950,0.8759,0.8145
2021-03-31,41.90900,6.42800,35.48100,24.71000,25.13700,10.34400,-0.04300,10.30100,0.92600,9.37500,9.37500,9.32900,26.27690,26.27690,0.36000,0.36000,0.07730,30.38110,27.51430,0.00820,2.41690,2.41690,0.22630,2.41690,14.65500,0.01370,-0.04810
2020-12-31,38.95400,7.34900,31.60500,29.53000,30.34600,1.25900,1.82100,3.08000,0.13800,2.94200,2.94200,2.94200,26.37980,26.37980,0.11000,0.11000,0.07950,11.49940,10.98420,0.00640,0.66840,0.66840,0.07040,0.66840,16.68270,0.7159,0.6505
2020-09-30,41.96100,8.55000,33.41100,26.44500,88.63700,-55.22600,-1.57700,-56.80300,0.87500,-57.67800,-57.67800,-57.67800,26.38520,26.38520,-2.19000,-2.19000,,-186.25770,-189.12680,,,,,,,-0.7644,-0.8213
2020-06-30,41.81800,9.35500,32.46300,28.16500,28.43700,4.02600,-0.05900,3.96700,-0.48800,4.45500,4.45500,4.45500,26.29640,26.29640,0.17000,0.17000,,14.69800,16.50610,,,,,,,0.5293,0.4395
2020-03-31,44.78800,10.57200,34.21600,29.26200,29.26200,4.95400,-0.28400,4.67000,0.24700,4.42300,4.42300,4.42300,26.36270,26.46050,0.17000,0.17000,,15.87460,15.03500,,,,,,,-0.18880,-0.36030
2019-03-31,42.94300,11.24300,31.70000,23.00400,23.56700,8.13300,-0.17000,7.96300,0.42200,7.54100,7.54100,7.54100,26.00350,26.00350,0.29000,0.29000,,26.47890,25.07570,0.00740,1.67660,1.92840,0.18470,1.67660,17.09630,0.69870,0.60820
2018-12-31,,,,,,,,,,,,,,,,0.00000,,,,,,,,,,-0.5686,-0.4332
2018-03-31,40.31900,8.15100,32.16800,23.05900,24.07400,8.09400,,8.09400,-0.73500,8.82900,8.82900,8.82900,25.96770,25.96770,0.34000,0.34000,,26.40520,28.80310,,,,,,,0.56860,0.43320
2017-12-31,,,,,,,,,,,,,,,,0.00000,,,,,,,,,,0,0
2016-12-31,,,,,,,,,,,,,,,,0.00000,,,,,,,,,,0,0
