Date,revenue,cost-goods-sold,gross-profit,research-development-expenses,selling-general-administrative-expenses,other-operating-income-expenses,operating-expenses,operating-income,total-non-operating-income-expense,pre-tax-income,income-after-taxes,income-from-continuous-operations,net-income,ebitda,ebit,basic-shares-outstanding,shares-outstanding,eps-basic-net-earnings-per-share,eps-earnings-per-share-diluted,current-ratio,long-term-debt-capital,debt-equity-ratio,gross-margin,operating-margin,ebit-margin,pre-tax-profit-margin,net-profit-margin,asset-turnover,inventory-turnover,receiveable-turnover,days-sales-in-receivables,roe,return-on-tangible-equity,roa,roi,book-value-per-share,operating-cash-flow-per-share,free-cash-flow-per-share
2023-09-30,8.83800,3.64800,5.19000,2.39900,8.03900,0.15300,10.28500,-5.09500,0.64400,-4.45100,-4.45100,-4.46600,-4.63500,,-5.09500,13.37820,13.37820,-0.35000,-0.35000,,,,,,,,,,,,,,,,,,,
2022-12-31,15.25900,4.27200,10.98700,4.24800,11.84000,,23.62900,-12.64200,-3.87300,-16.51500,-18.49500,-19.34100,-19.53700,-11.75200,-12.64200,13.64700,13.64700,-1.47000,-1.47000,4.31770,,,72.00340,-82.84950,-82.84950,-108.23120,-128.03590,0.15860,0.69600,1.17620,76.51680,-43.39080,-44.45080,-20.09790,-43.39080,3.31210,-0.0573,-0.2978
2022-09-30,10.21300,4.24700,5.96600,3.90500,8.41500,,12.32000,-6.35400,1.33100,-5.02300,-5.02300,-5.02300,-5.20100,-5.58900,-6.35400,13.60600,13.60600,-0.38000,-0.38000,1.86940,,,58.41580,-62.21480,-62.21480,-49.18240,-50.92530,0.07980,0.73570,0.81310,110.68250,-8.13960,-9.72280,-3.92710,-8.13960,4.53560,-0.4794,-0.5138
2022-06-30,8.57300,3.55000,5.02300,3.85100,8.91800,,12.76900,-7.74600,0.25300,-7.49300,-7.49300,-7.49300,-7.68000,-7.41200,-7.74600,13.60600,13.60600,-0.56000,-0.56000,3.20940,,0.01500,58.59090,-90.35340,-90.35340,-87.40230,-89.58360,0.07210,0.61300,0.83560,107.71030,-11.19310,-13.38250,-6.30420,-11.19310,4.92010,-0.7013,-0.6618
2022-03-31,9.06200,3.75800,5.30400,3.99200,8.60200,,12.59400,-7.29000,-1.11000,-8.40000,-8.40000,-8.40000,-8.59600,-6.85700,-7.29000,13.79560,13.79560,-0.60000,-0.60000,3.79870,,,58.53010,-80.44580,-80.44580,-92.69480,-94.85760,0.06990,1.00990,0.89850,100.16990,-11.20160,-13.31450,-6.48330,-11.20160,5.51140,-0.30720,-0.47300
2021-12-31,9.15800,3.80000,5.35800,4.01400,12.64900,,16.40700,-11.04900,5.65400,-5.39500,-5.39500,-5.39500,-5.60100,-10.63600,-11.04900,13.61000,13.61000,-0.36000,-0.36000,4.69970,,,58.50620,-120.64870,-120.64870,-58.91020,-61.15970,0.06620,1.99270,0.93420,96.33870,-6.38450,-7.46210,-3.90100,-6.38450,6.04450,-0.5987,-0.9884
2021-09-30,8.11200,3.41700,4.69500,2.89500,8.69200,,11.58700,-6.89200,-3.12700,-10.01900,-10.01900,-10.01900,-10.22400,-6.47100,-6.89200,13.98000,13.98000,-0.73000,-0.73000,7.22680,,0.01250,57.87720,-84.96050,-84.96050,-123.50840,-126.03550,0.05950,1.97860,1.49720,60.11100,-11.56840,-13.49380,-7.35210,-11.56840,6.19520,-0.2761,-0.4565
2021-06-30,7.16200,2.98200,4.18000,2.25500,8.84800,,12.15800,-7.97800,1.23400,-6.74400,-6.74400,-6.74400,-6.94600,-7.51300,-7.97800,13.98000,13.98000,-0.50000,-0.50000,8.33300,,0.02120,58.36360,-111.39340,-111.39340,-94.16360,-96.98410,0.04960,0.85810,1.24190,72.47000,-7.11390,-8.21350,-4.66630,-7.11390,6.78130,-0.4564,-0.4642
2021-03-31,5.73600,2.35800,3.37800,5.25800,8.21700,,18.97500,-15.59700,1.91300,-13.68400,-13.68400,-13.68400,-13.88300,-15.08100,-15.59700,12.48250,12.48250,-1.10000,-1.10000,8.92820,,0.01990,58.89120,-271.91420,-271.91420,-238.56350,-242.03280,0.03870,0.78760,0.98250,91.60040,-13.67960,-15.69300,-9.24010,-13.67960,7.15550,-0.64100,-0.71960
2020-12-31,4.82200,1.95200,2.87000,3.78800,9.10700,-0.55300,19.33300,-16.46300,2.43900,-14.02400,-14.02400,-14.02400,-14.19900,-15.98800,-16.46300,11.04500,11.04500,-1.17000,-1.17000,9.28100,,0.01580,59.51890,-341.41430,-341.41420,-290.83370,-294.46280,0.03780,1.43950,1.03810,86.69640,-17.19890,-20.52390,-10.97910,-17.19890,6.57880,-0.8299,-0.9345
2020-09-30,4.24200,1.82800,2.41400,2.80300,7.40900,,21.07400,-18.66000,1.90400,-16.75600,-16.75600,-16.75600,-16.95300,-18.21500,-18.66000,11.79400,11.79400,-1.40000,-1.40000,14.99150,,,56.90710,-439.88680,-439.88680,-395.00240,-399.64640,0.03160,2.53890,1.04020,86.52050,-18.30720,-21.34200,-12.48230,-18.30720,7.38450,-0.4215,-0.4424
2020-06-30,2.67100,2.51700,0.15400,1.86200,5.64200,,9.04100,-8.88700,0.38900,-8.49800,-8.49800,-8.49800,-8.69400,-8.37100,-8.88700,10.09210,10.09210,-0.90000,-0.90000,13.34770,,,5.76560,-332.72190,-332.72190,-318.15800,-325.49610,0.02920,5.85350,0.38870,231.52010,-13.41670,-16.92960,-9.28040,-13.41670,6.27560,-0.6231,-0.6332
2020-03-31,3.40600,3.21100,0.19500,3.01700,5.31800,0.45000,8.96600,-8.77100,0.53800,-8.23300,-8.23300,-8.23300,-8.44100,-8.24800,-8.77100,9.87730,9.87730,-0.90000,-0.90000,7.92950,,,5.72520,-257.51610,-257.51610,-241.72050,-247.82740,0.03420,1.59830,1.81940,49.46570,-11.70090,-15.22570,-8.27560,-11.70090,6.97240,-0.46920,-0.46930
2019-12-31,1.34400,1.28700,0.05700,1.96500,8.79500,-0.36000,12.23800,-12.18100,-0.10100,-12.28200,-12.28200,-12.28200,-12.49300,-11.77100,-12.18100,9.59480,9.59480,-1.30000,-1.30000,8.14420,,,4.24110,-906.32430,-906.32420,-913.83940,-929.53870,0.01310,0.28340,1.03940,86.58480,-16.82580,-20.70430,-11.96720,-16.82580,7.46580,-0.501,-0.5049
2019-09-30,2.78700,2.64800,0.13900,1.82900,8.95200,,10.78100,-10.64200,0.97300,-9.66900,-9.66900,-9.66900,-9.89100,-10.29800,-10.64200,9.58910,9.58910,-1.00000,-1.00000,10.55870,,,4.98740,-381.84430,-381.84430,-346.93220,-354.89770,0.02560,1.03240,1.05450,85.34980,-12.03050,-15.32260,-8.86490,-12.03050,8.34250,-0.4926,-0.4986
2019-06-30,,,,2.97900,6.98200,,,-15.81000,0.55900,-15.25100,-15.25100,-15.25100,-15.47100,-14.93700,-15.81000,9.57170,9.57170,-1.60000,-1.60000,13.03820,,0.01680,,,,,,,,,,-17.12870,-21.52700,-13.02500,-17.12870,9.30220,-0.8835,-0.8917
2019-03-31,,,,2.56700,5.71000,-0.04800,,-8.32500,0.16500,-8.16000,-8.16000,-8.16000,-8.17700,-7.79900,-8.32500,9.56500,9.56500,-0.90000,-0.90000,21.52000,,0.01440,,,,,,,,,,-7.83140,-9.50530,-6.22610,-7.83140,10.88590,-0.54540,-0.57180
2018-12-31,,,,3.27430,5.74650,,,-9.02080,-0.24350,-9.26430,-9.26430,-9.26430,-9.26430,-8.54480,-9.02080,8.47520,8.47520,-1.00000,-1.00000,23.90010,,0.01370,,,,,,,,,,-8.46330,-10.21660,-8.16880,-8.46330,11.48780,-1.8209,-1.8547
2018-09-30,,,,1.80600,6.90500,,,-8.71100,-0.04500,-8.75600,-8.75600,-8.75600,-8.75600,-8.25510,-8.71100,8.65940,8.65940,-1.00000,-1.00000,14.64780,,0.01320,,,,,,,,,,-7.72670,-9.10080,-7.27790,-7.72670,12.13280,-0.4655,-0.4806
2018-06-30,,,,1.72950,4.04230,,,-5.77180,-0.08800,-5.85980,-5.85980,-5.85980,-5.85980,-5.34870,-5.77180,8.60300,8.60300,-0.70000,-0.70000,25.96880,0.01760,0.01790,,,,,,,,,,-7.01580,-8.86980,-6.68080,-6.89210,9.65470,-0.2484,-0.311
2018-03-31,,,,1.69720,1.30310,,,-3.68740,0.09640,-3.59090,-3.59090,-3.59090,-3.59090,-3.37140,-3.68740,7.12150,7.12150,-0.50000,-0.50000,25.48140,0.02170,0.02220,,,,,,,,,,-5.31050,-7.20860,-5.04610,-5.19530,8.49040,-0.83790,-0.85970
2017-12-31,,,,3.84750,1.19470,,,-5.04220,-0.00550,-5.04790,-5.04790,-5.04790,-5.04790,-4.99380,-5.04220,6.15140,6.15140,-0.80000,-0.80000,8.65500,0.03740,0.03890,,,,,,,,,,-13.09780,-13.09780,-11.19250,-12.60750,5.51980,-0.2024,-0.2869
2017-09-30,,,,0.97100,0.62590,,,-1.59690,-0.01670,-1.61350,-1.61350,-1.61350,-1.61350,-1.56540,-1.59690,6.01970,6.01970,-0.30000,-0.30000,7.35210,,0.09610,,,,,,,,,,-10.35790,-10.35790,-7.10300,-10.35790,2.58780,-0.261,-0.2858
2017-06-30,,,,1.72740,0.69140,,,-2.41880,0.01020,-2.40860,-2.40860,-2.40860,-2.40860,-2.39940,-2.41880,6.01970,6.01970,-0.40000,-0.40000,7.90180,,0.08780,,,,,,,,,,-14.14690,-14.14690,-9.98070,-14.14690,2.82830,-0.3232,-0.3602
2017-03-31,,,,1.04930,0.64420,,,-1.69350,-0.00700,-1.70020,-1.70020,-1.70020,-1.70020,-1.67490,-1.69350,6.01970,6.01970,-0.30000,-0.30000,9.19520,,0.07760,,,,,,,,,,-8.83680,-8.83680,-6.49370,-8.83680,3.19610,-0.25420,-0.25980
2016-12-31,,,,1.25020,1.41820,,,-2.66840,-0.00300,-2.67380,-2.67380,-2.67380,-2.67380,-2.65000,-2.66840,5.58690,5.58690,-0.20000,-0.20000,20.86450,0.06690,0.07180,,,,,,,,,,-12.86470,-12.86470,-9.64810,-12.00340,3.45260,-0.1743,-0.1857
2016-09-30,,,,1.01390,0.67690,,,-1.69090,-0.00260,-1.69350,-1.69350,-1.69350,-1.69350,-1.67540,-1.69090,4.92280,4.92280,-0.30000,-0.30000,9.55970,,0.09270,,,,,,,,,,-10.56910,-10.56910,-6.84050,-10.56910,3.23970,-0.2503,-0.2577
2016-06-30,,,,1.36270,1.91480,,,-3.27750,-0.00310,-3.29190,-3.29190,-3.29190,-3.29190,-3.26400,-3.27750,4.29070,4.29070,-0.80000,-0.80000,7.25730,,0.14750,,,,,,,,,,-32.84000,-32.84000,-17.35500,-32.84000,2.11080,-0.2952,-0.2955
2016-03-31,,,,1.01880,0.76510,,,-1.78380,-0.01050,-1.79440,-1.79440,-1.79440,-1.79440,-1.76480,-1.78380,4.02070,4.02070,-0.40000,-0.40000,5.91020,,0.31750,,,,,,,,,,-38.70010,-38.70010,-12.35390,-38.70010,1.08880,-0.35830,-0.35080
2015-12-31,0.00000,-0.00270,0.00270,1.04490,0.66200,,1.70690,-1.70420,-0.01210,-1.70270,-1.70270,-1.70270,-1.70270,-1.68660,-1.70420,3.24460,3.24460,-0.50000,-0.50000,5.28620,-0.31690,-0.24070,,,,,,0.00000,,,,27.97070,27.97070,-29.22430,36.83530,-1.87620,-0.398,-0.3985
2015-09-30,,,,0.94230,0.67390,,,-1.61620,0.01130,-1.60490,-1.60490,-1.60490,-1.60490,-1.59870,-1.61620,3.24460,3.24460,-0.50000,-0.50000,7.03300,-0.44520,-0.30810,,,,,,,,,,33.91230,33.91230,-22.59850,49.01140,-1.45860,-0.4693,-0.4715
2015-06-30,0.02400,0.00270,0.02130,1.22330,0.85760,,2.08090,-2.05960,-0.03580,-2.09550,-2.09550,-2.09550,-2.09550,-2.04290,-2.05960,3.24460,3.24460,-0.60000,-0.60000,3.20420,,-0.41620,88.63880,-8583.93400,-8583.93400,-8733.29600,-8733.29600,0.00280,,1.00000,90.00000,60.75730,60.75750,-24.42770,60.75750,-1.06300,-0.4592,-0.4639
2015-03-31,0.02370,0.00630,0.01750,0.86500,0.92480,,1.78980,-1.77240,-0.01740,-1.80340,-1.80340,-1.80340,-1.80340,-1.75580,-1.77240,3.24460,3.24460,-0.60000,-0.60000,3.83830,,-0.77360,73.61080,-7472.62900,-7472.62900,-7603.31000,-7603.31000,0.00230,,1.00000,90.00000,98.75030,98.74950,-17.70380,98.74950,-0.56280,-0.37280,-0.37320
2014-12-31,,,,0.78400,0.82310,,,-1.61460,-0.01820,-1.59670,-1.59670,-1.59670,-1.59670,-1.59910,-1.59090,2.85950,2.85950,-0.40000,-0.40000,11.99260,1.43630,-3.29220,,,,,,,,,,378.16860,378.17200,-14.11790,-164.97940,-0.13010,-0.3561,-0.3706
2014-09-30,,,,0.69700,1.15020,,,-21.52890,0.00370,-21.53840,-21.53840,-21.53840,-21.53840,-21.51530,-21.52890,2.78040,2.78040,-7.70000,-7.70000,15.90460,0.62010,1.63230,,,,,,,,,,-2571.21300,-2571.21000,-173.55270,-976.77970,0.25820,-0.3493,-0.3489
2014-06-30,,,,0.72450,0.89190,,,-1.61640,0.00010,-1.61630,-1.61630,-1.61630,-1.61630,-1.60380,-1.61640,2.70400,2.70400,-0.60000,-0.60000,17.77950,,,,,,,,,,,,-12.68720,-12.68730,-11.98780,-12.68730,4.69740,-0.3626,-0.4141
2014-03-31,,,,0.56000,0.89140,,,-1.45130,-0.00040,-1.45100,-1.45100,-1.45100,-1.45100,-1.44480,-1.45130,2.70400,2.70400,-0.50000,-0.50000,19.15550,,,,,,,,,,,,-10.46580,-10.46580,-9.92470,-10.46580,5.12720,-0.32920,-0.34470
2013-12-31,,,,0.55410,0.75480,,,-1.30890,-0.00210,-1.30850,-1.30850,-1.30850,-1.30850,-1.30440,-1.30890,2.61260,2.61260,-0.50000,-0.50000,27.26890,,,,,,,,,,,,-8.75680,-8.75680,-8.43760,-8.75680,5.52600,-0.3061,-0.3164
2013-09-30,,,,0.78000,0.66260,,,-1.44260,-0.00040,-1.44220,-1.44220,-1.44220,-1.44220,-1.43870,-1.44260,2.70320,2.70320,-0.50000,-0.50000,32.28500,,,,,,,,,,,,-9.15030,-9.15030,-8.86820,-9.15030,5.82870,-0.5088,-0.5087
2013-06-30,,,,0.83660,1.01570,,,-1.85230,0.00040,-1.85180,-1.85180,-1.85180,-1.85180,-1.84790,-1.85230,2.70230,2.70230,-0.70000,-0.70000,23.28410,,,,,,,,,,,,-11.03020,-11.03020,-10.55870,-11.03020,6.19450,-0.379,-0.3797
2013-03-31,,,,0.50640,0.62990,,,-1.13630,0.00040,-1.13590,-1.13590,-1.13590,-1.13590,-1.13160,-1.13630,2.33580,2.33580,-0.50000,-0.50000,23.16820,,,,,,,,,,,,-6.42010,-6.42010,-6.14410,-6.42010,6.54730,-0.05990,-0.06550
2012-12-31,,,,0.49470,0.53510,,,-1.02980,0.00010,-0.36040,-0.36040,-0.36040,-0.36040,-1.02450,-0.36050,1.90550,1.90550,0.60000,0.60000,11.99320,,,,,,,,,,,,-4.37670,-4.37670,-4.01460,-4.37670,3.65960,-0.5006,-0.5208
2012-09-30,,,,0.62310,0.56460,,,-1.18770,,-1.18770,-1.18770,-1.18770,-1.18770,-1.18200,-1.18770,2.25030,2.25030,-0.50000,-0.50000,12.46430,,,,,,,,,,,,-14.20120,-14.20120,-13.06670,-14.20120,3.71660,-0.5194,-0.5246
2012-06-30,,,,0.69630,0.60150,,,-1.29780,-9.16540,-10.46320,-10.46320,-10.46320,-10.54700,-1.29260,-1.29780,1.89800,1.89800,-5.60000,-5.60000,10.79810,,,,,,,,,,,,-112.62840,-112.62820,-102.23110,-112.62820,4.11370,-0.9197,-0.9197
2012-03-31,,,,0.56120,1.09670,,,-1.65800,-0.87590,-2.53390,-2.53390,-2.53390,-2.78510,-1.65380,-1.65800,1.21580,1.21580,-2.30000,-2.30000,1.24990,,3.48690,,,,,,,,,,272.34300,-104.72080,-21.11220,-104.72080,1.97700,0.77880,0.77880
2011-12-31,1.93200,,1.93200,0.40590,0.52190,,,1.00420,0.00030,1.00450,1.00450,1.00450,0.75330,1.00870,1.00420,1.17810,1.17810,0.80000,0.80000,4.55490,,,100.00000,51.97580,51.97580,51.99290,38.98840,0.59710,,0.99960,90.03290,-122.76590,39.67700,31.04360,39.67700,2.06890,-0.8217,-0.8209
2011-09-30,,,,0.70350,0.55660,,,-1.26010,-0.04830,-1.30840,-1.30840,-1.30840,-1.55960,-1.25020,-1.26010,1.20040,1.20040,-1.30000,-1.30000,2.90720,,,,,,,,,,,,70.09490,-88.19850,-58.31230,-88.19850,1.28790,-1.4329,-1.4362
2011-06-30,0.00890,,0.00890,0.94970,0.71990,,,-1.66080,0.00250,-1.65830,-1.65830,-1.65830,-1.90950,-1.64910,-1.66080,1.15070,1.15070,-1.70000,-1.70000,3.10330,,,100.00000,-18761.32000,-18761.32000,-18733.16000,-21571.50000,0.00220,,,,293.11440,-59.55790,-40.78960,-59.55790,2.39260,-1.7761,-1.7751
2011-03-31,,,,1.39830,1.25310,,,-2.65140,0.05500,-2.59640,-2.59640,-2.59640,-2.84760,-2.63930,-2.65140,1.14450,1.14450,-2.50000,-2.50000,2.92100,,,,,,,,,,,,-6484.00500,-76.58790,-50.88930,-76.58790,2.92780,0.40430,0.44870
2010-12-31,3.68430,,3.68430,1.68310,0.88430,,,1.11680,-0.06080,1.05610,1.05610,1.05610,0.81370,1.13180,1.11680,0.96790,0.96790,1.50000,1.50000,2.93210,,0.14200,100.00000,30.31320,30.31320,28.66400,22.08490,0.45840,,1.33950,67.18760,53.24570,19.80110,13.13980,19.80110,4.63050,-1.3707,-1.3687
2010-09-30,,,,1.29170,0.69160,,,-1.98330,-0.11200,-2.09530,-2.09530,-2.09530,-2.34660,-1.96650,-1.98330,0.98380,0.98380,-2.40000,-2.40000,1.89670,,0.69890,,,,,,,,,,-230.01460,-49.17470,-23.61540,-49.17470,3.69940,-2.0714,-2.0732
2010-06-30,0.00890,,0.00890,1.01110,0.77070,,,-4.77300,-0.16280,-4.93570,-4.93570,-4.93570,-5.19580,-4.75390,-4.77300,0.91210,0.91210,-5.70000,-5.70000,1.21890,,3.17860,100.00000,-53919.51000,-53919.51000,-55758.40000,-58696.75000,0.00110,,,,284.68760,-305.38030,-59.15590,-305.38030,1.67840,-2.5407,-2.5425
2010-03-31,,,,0.84400,1.05120,,,-1.89520,-0.23100,-2.12610,-2.12610,-2.12610,-2.37740,-1.87560,-1.89520,0.85410,0.85410,-2.80000,-2.80000,1.07070,,8.85570,,,,,,,,,,83.94610,-260.15610,-21.21870,-260.15610,0.93950,0.85860,0.85860
2009-12-31,1.61570,,1.61570,1.96160,1.02200,,,-1.36790,-0.36540,-1.73330,-1.73330,-1.73330,-1.98460,-1.34850,-1.36790,0.79780,0.79780,-2.39960,-2.39960,0.87620,-0.60210,-4.81790,100.00000,-84.66240,-84.66240,-107.27960,-122.82990,0.16050,,0.49160,183.08640,32.85350,89.99810,-17.21800,144.18510,-2.38930,-2.0781,-2.0817
2009-09-30,3.66830,,3.66830,2.32700,0.91180,,,0.42950,-0.34460,0.08490,0.08490,0.08490,-0.16630,0.44990,0.42950,0.79800,0.79800,-0.20000,-0.20000,1.21460,1.11560,-37.10820,100.00000,11.70960,11.70960,2.31480,-4.53440,0.26490,,1.11160,80.96490,-2.32410,-27.97110,0.61320,3.23320,-0.37670,-3.1982,-3.1982
2009-06-30,,,,1.65950,1.01070,,,-2.67020,-0.38100,-3.05120,-3.05120,-3.05120,-3.30240,-2.64480,-2.67020,0.71810,0.71810,-4.60000,-4.60000,1.40180,1.08920,-31.73600,,,,,,,,,,81.02340,733.79740,-19.48250,-65.48460,-0.51690,-5.4994,-5.4994
2009-03-31,,,,1.95350,1.15970,,,-3.11320,-0.40360,-3.51680,-3.51680,-3.51680,-3.76800,-3.10450,-3.11320,0.79750,0.79750,-4.40040,-4.40040,1.80520,0.73840,5.94070,,,,,,,,,,432.77100,-138.59830,-16.43740,-36.25820,3.15210,-2.02530,-2.02530
