Date,revenue,cost-goods-sold,gross-profit,research-development-expenses,selling-general-administrative-expenses,other-operating-income-expenses,operating-expenses,operating-income,total-non-operating-income-expense,pre-tax-income,total-provision-income-taxes,income-after-taxes,income-from-continuous-operations,net-income,ebitda,ebit,basic-shares-outstanding,shares-outstanding,eps-basic-net-earnings-per-share,eps-earnings-per-share-diluted,current-ratio,long-term-debt-capital,debt-equity-ratio,gross-margin,operating-margin,ebit-margin,pre-tax-profit-margin,net-profit-margin,asset-turnover,inventory-turnover,receiveable-turnover,days-sales-in-receivables,roe,return-on-tangible-equity,roa,roi,book-value-per-share,operating-cash-flow-per-share,free-cash-flow-per-share
2023-09-30,2.18500,1.44700,0.73800,5.72100,5.55100,,11.27200,-10.53400,0.19000,-10.35600,,-10.35600,-10.35600,-10.35600,-10.28600,-10.53400,280.55800,280.55800,-0.04000,-0.04000,2.67260,0.01680,0.01760,33.77580,-482.10530,-482.10530,-473.95880,-473.95880,0.01980,1.42840,1.26230,71.29980,-10.48500,-48.27750,-9.37040,-10.30870,0.35200,-0.0359,-0.0367
2023-06-30,2.08800,1.84000,0.24800,5.65300,5.98400,0.01500,11.62200,-11.37400,0.26800,-11.10600,,-11.10600,-11.10600,-11.10600,-11.10100,-11.37400,279.98800,279.98800,-0.04000,-0.04000,3.72030,0.01540,0.01630,11.87740,-544.73180,-544.73180,-531.89650,-531.89650,0.01740,1.68190,1.87600,47.97410,-10.22150,-35.44390,-9.24380,-10.06400,0.38740,-0.0211,-0.0229
2023-03-31,2.06300,1.57600,0.48700,3.85700,7.83500,-0.02200,11.71400,-11.22700,0.35600,-10.87100,-10.50000,-0.37100,-0.37100,-0.37100,-11.03800,-11.22700,228.59100,228.59100,0.00000,0.00000,5.59720,0.01430,0.01520,23.60640,-544.20750,-544.20750,-526.95100,-17.98350,0.01620,1.11930,1.51250,59.50560,-0.31430,-0.91130,-0.29070,-0.30980,0.42360,-0.04250,-0.04340
2022-12-31,,,,,,,,,,,,,,,,,,,,0.00000,,,,,,,,,,,,,,,,,,0.0428,0.0443
2022-09-30,1.71700,1.30300,0.41400,0.70800,3.91400,,4.62200,-4.20800,0.14000,-4.06800,,-4.06800,-4.06800,-4.06800,-4.15100,-4.20800,142.07200,142.07200,-0.03000,-0.03000,14.38140,,,24.11180,-245.07860,-245.07860,-236.92490,-236.92490,0.02750,0.83900,1.41550,63.58180,-7.05000,-7.05000,-6.50480,-7.05000,0.40600,-0.0124,-0.013
2022-06-30,2.50500,1.57900,0.92600,0.79600,2.23600,,3.03200,-2.10600,0.02800,-2.07800,,-2.07800,-2.07800,-2.07800,-2.01300,-2.10600,142.04000,142.04000,-0.01000,-0.01000,19.88600,,,36.96610,-84.07190,-84.07190,-82.95410,-82.95410,0.04310,1.12070,0.33530,268.45510,-3.80290,-3.80290,-3.57710,-3.80290,0.38450,-0.0204,-0.0211
2022-03-31,2.91000,1.46900,1.44100,0.54900,2.26800,,2.81700,-1.37600,0.02900,-1.34700,,-1.34700,-1.34700,-1.34700,-1.30400,-1.37600,142.04000,142.04000,-0.01000,-0.01000,32.08490,,,49.51890,-47.28520,-47.28520,-46.28870,-46.28870,0.04400,1.26310,1.35980,66.18560,-2.13130,-2.13130,-2.03740,-2.13130,0.44500,-0.01000,-0.01020
2021-12-31,2.81600,1.59600,1.22000,0.53500,,,,2.81600,,,,,,-1.60400,2.28800,,141.95500,141.95500,-0.01000,-0.01000,34.47370,,,43.32390,100.00000,,,-56.96020,0.04190,1.49440,1.70980,52.63850,,,,,0.45330,-0.0092,-0.0098
2021-09-30,2.56400,1.53500,1.02900,0.70200,2.60100,,3.30300,-2.27400,0.03100,-2.24300,,-2.24300,-2.24300,-2.24300,-2.27400,-2.27400,141.91500,141.91500,-0.02000,-0.02000,36.10780,,,40.13260,-88.68960,-88.68960,-87.48050,-87.48050,0.03730,1.44810,1.34810,66.76290,-3.41090,-3.41090,-3.26440,-3.41090,0.46340,-0.0147,-0.0151
2021-06-30,,,,,,,,,,,,,,,,,,,,0.00000,,,,,,,,,,,,,,,,,,0.014,0.0162
2021-03-31,2.60000,1.23800,1.36200,0.36200,1.76400,0.00200,2.12400,-0.76200,0.02100,-0.74100,,-0.74100,-0.74100,-0.74500,-0.63200,-0.76200,122.56600,122.56600,-0.01000,-0.01000,35.52920,,,52.38460,-29.30770,-29.30770,-28.50000,-28.65390,0.03650,1.69360,1.28780,69.88850,-1.08810,-1.08810,-1.03960,-1.08810,0.48140,-0.01400,-0.01620
2020-12-31,2.35900,1.19200,1.16700,0.28500,,-0.00700,,2.35900,,,,,,-0.86800,2.39400,,83.04700,83.04700,-0.01000,-0.01000,9.20520,,,49.47010,100.00000,,,-36.79530,0.15210,1.79250,1.35730,66.30780,,,,,0.14640,-0.0083,-0.0088
2020-09-30,2.38400,1.13800,1.24600,0.31200,1.64800,,1.96000,-0.71400,0.00100,-0.71300,,-0.71300,-0.71300,-0.71600,-0.71400,-0.71400,68.89800,68.89800,-0.01000,-0.01000,3.11830,,,52.26510,-29.94970,-29.94970,-29.90770,-30.03360,0.29710,1.77540,1.35610,66.36750,-13.99410,-13.99410,-8.88470,-13.99410,0.07390,-0.0049,-0.0065
2020-06-30,,,,,,,,,,,,,,,,,,,,0.00000,,,,,,,,,,,,,,,,,,0.0413,0.045
2020-03-31,2.88000,1.17400,1.70600,0.29400,1.96000,,2.25400,-0.54800,0.00300,-0.54500,,-0.54500,-0.54500,-0.54800,-0.41300,-0.54800,67.55800,67.55800,-0.01000,-0.01000,3.27920,,,59.23610,-19.02780,-19.02780,-18.92360,-19.02780,0.32140,2.02410,1.34140,67.09380,-9.36750,-9.36750,-6.08120,-9.36750,0.08600,-0.04130,-0.04500
2019-12-31,2.20600,1.09500,1.11100,0.27700,,,,2.20600,,,,,,-0.89900,2.27300,,67.38800,67.38800,-0.01000,-0.01000,4.20220,,,50.36260,100.00000,,,-40.75250,0.24690,2.00920,1.56560,57.48410,,,,,0.09110,-0.019,-0.0206
2019-09-30,2.31500,1.07900,1.23600,0.23300,1.91200,0.07300,2.07200,-0.83600,0.02000,-0.81600,,-0.81600,-0.81600,-0.81900,-0.83600,-0.83600,67.38800,67.38800,-0.01000,-0.01000,4.08520,,,53.39090,-36.11230,-36.11230,-35.24840,-35.37800,0.22870,2.15370,1.52200,59.13180,-11.73260,-11.73260,-8.06010,-11.73260,0.10320,-0.0097,-0.0111
2019-06-30,,,,,,,,,,,,,,,,,,,,0.00000,,,,,,,,,,,,,,,,,,0.0604,0.0652
2019-03-31,1.92400,1.04500,0.87900,0.29900,1.74400,-0.00100,2.04400,-1.16500,0.03600,-1.12900,,-1.12900,-1.12900,-1.13000,-1.04200,-1.16500,67.33300,67.33300,-0.02000,-0.02000,6.22210,,,45.68610,-60.55090,-60.55090,-58.67980,-58.73180,0.18190,1.96060,1.72400,52.20370,-13.11110,-13.11110,-10.67210,-13.11110,0.12790,-0.06040,-0.06520
2018-12-31,1.90400,1.13900,0.76500,0.41400,,0.02300,,1.90400,,,,,,-1.41600,1.97000,,67.33100,67.33100,-0.02000,-0.02000,5.98780,,,40.17860,100.00000,,,-74.36970,0.15990,2.30570,1.72000,52.32670,,,,,0.14350,-0.0161,-0.0174
2018-09-30,1.56200,1.03800,0.52400,0.42000,1.62200,,2.04200,-1.51800,0.01000,-1.50800,,-1.50800,-1.50800,-1.51100,-1.51800,-1.51800,66.14700,66.14700,-0.02000,-0.02000,6.88330,,,33.54670,-97.18310,-97.18310,-96.54290,-96.73500,0.11710,2.13140,1.45850,61.70940,-13.57460,-13.57460,-11.30100,-13.57460,0.16500,-0.0244,-0.0261
2018-06-30,,,,,,,,,,,,,,,,,,,,0.00000,,,,,,,,,,,,,,,,,,0.0774,0.0816
2018-03-31,1.57300,0.96400,0.60900,0.47300,1.47500,,1.94800,-1.33900,0.00700,-1.33200,,-1.33200,-1.33200,-1.33500,-1.22400,-1.33900,55.10000,55.10000,-0.02000,-0.02000,5.63220,,,38.71580,-85.12400,-85.12400,-84.67900,-84.86970,0.18900,2.10480,1.62160,55.49910,-20.13300,-20.13300,-16.00580,-20.13300,0.12010,-0.07740,-0.08160
2017-12-31,1.53600,1.00500,0.53100,0.34000,,,,1.53600,,-1.46300,,,,-1.46600,1.58800,,55.05600,55.05600,-0.03000,-0.03000,7.96670,,,34.57030,100.00000,,-95.24740,-95.44270,0.16380,2.18950,1.55620,57.83200,,,,,0.14280,-0.0276,-0.0294
2017-09-30,1.21100,0.94600,0.26500,0.36200,1.45500,,1.81700,-1.55200,0.00600,-1.54600,,-1.54600,-1.54600,-1.54900,-1.55200,-1.55200,55.01700,55.01700,-0.03000,-0.03000,8.30930,,,21.88270,-128.15860,-128.15860,-127.66310,-127.91080,0.11230,2.08830,1.62990,55.21880,-16.90360,-16.90360,-14.34000,-16.90360,0.16620,-0.0302,-0.0312
2017-06-30,,,,,,,,,,,,,,,,,,,,0.00000,,,,,,,,,,,,,,,,,,0.0818,0.0871
2017-03-31,1.28200,0.98900,0.29300,0.32700,1.35500,,1.68200,-1.38900,0.02900,-1.36000,,-1.36000,-1.36000,-1.36300,-1.28200,-1.38900,55.01700,55.01700,-0.02000,-0.02000,10.45880,,,22.85490,-108.34630,-108.34630,-106.08430,-106.31830,0.09200,3.14970,1.50120,59.95320,-11.10480,-11.10480,-9.75540,-11.10480,0.22260,-0.08180,-0.08710
2016-12-31,1.02800,1.02900,-0.00100,0.15000,,0.04800,,1.02800,,-1.45000,,,,-1.45200,1.07500,,55.01700,55.01700,-0.03000,-0.03000,15.13090,,,-0.09730,100.00000,,-141.05060,-141.24510,0.06860,2.70080,1.63960,54.89300,,,,,0.24660,-0.0302,-0.0318
2016-09-30,1.08100,1.03300,0.04800,0.17200,1.45100,,1.62300,-1.57500,0.07700,-1.49800,,-1.49800,-1.49800,-1.50100,-1.57500,-1.57500,55.01100,55.01100,-0.03000,-0.03000,13.27850,,,4.44030,-145.69850,-145.69850,-138.57540,-138.85290,0.06480,2.71840,1.88330,47.78910,-10.00470,-10.00470,-8.97810,-10.00470,0.27220,-0.0246,-0.0273
2016-06-30,,,,,,,,,,,,,,,,,,,,0.00000,,,,,,,,,,,,,,,,,,0.0486,0.0534
2016-03-31,1.19900,1.13200,0.06700,0.18300,1.21100,,1.39400,-1.32700,0.13200,-1.19500,,-1.19500,-1.19500,-1.19800,-0.82400,-1.32700,55.02300,55.02300,-0.02000,-0.02000,10.92170,,,5.58800,-110.67560,-110.67560,-99.66640,-99.91660,0.06060,2.47540,1.34900,66.71560,-6.81890,-6.81880,-6.03660,-6.81880,0.31860,-0.04860,-0.05340
2015-12-31,1.18900,1.16200,0.02700,0.05800,,,,1.18900,,-1.31100,,,,-1.31400,1.37600,,55.01400,55.01400,-0.02000,-0.02000,13.24090,,,2.27080,100.00000,,-110.26070,-110.51300,0.05730,2.43730,1.20830,74.48710,,,,,0.33720,-0.0147,-0.0153
2015-09-30,1.26100,1.17800,0.08300,0.14400,1.03000,,1.17400,-1.09100,0.07100,-1.02000,,-1.02000,-1.02000,-1.02300,-1.09100,-1.09100,55.01300,55.01300,-0.02000,-0.02000,16.47050,,,6.58210,-86.51860,-86.51860,-80.88820,-81.12610,0.05760,2.55780,1.10520,81.43150,-5.14060,-5.14060,-4.65560,-5.14060,0.36070,-0.0202,-0.0202
2015-06-30,,,,,,,,,,,,,,,,,,,,0.00000,,,,,,,,,,,,,,,,,,0.0527,0.0541
2015-03-31,1.15810,1.10290,0.05520,0.14140,0.96480,,1.10620,-1.05100,0.09750,-0.95360,,-0.95360,-0.95360,-0.95620,-0.51660,-1.05100,54.88400,54.88400,-0.02000,-0.02000,13.49460,,,4.76610,-90.75240,-90.75240,-82.33710,-82.56660,0.04910,2.37410,1.10460,81.47430,-4.41530,-4.41530,-4.04320,-4.41530,0.39350,-0.05270,-0.05410
2014-12-31,1.06560,1.10350,-0.03800,0.14060,,,,1.06560,,,,,,-0.90960,1.22860,,54.88300,54.88300,-0.02000,-0.02000,13.61630,,,-3.56270,100.00000,,,-85.36270,0.04330,2.68230,1.31820,68.27450,,,,,0.41050,-0.0112,-0.0119
2014-09-30,1.04210,1.09690,-0.05480,0.17660,0.92970,,1.10630,-1.16110,0.37520,-0.78590,,-0.78590,-0.78590,-0.78850,-1.16110,-1.16110,54.86800,54.86800,-0.01000,-0.01000,14.02130,,,-5.25880,-111.41970,-111.41970,-75.41130,-75.66640,0.04080,2.69190,1.07710,83.55860,-3.35490,-3.35490,-3.07710,-3.35490,0.42680,-0.0208,-0.021
2014-06-30,,,,,,,,,,,,,,,,,,,,0.00000,,,,,,,,,,,,,,,,,,0.0527,0.0531
2014-03-31,1.13430,1.08340,0.05090,0.15360,0.88630,,1.03990,-0.98900,-1.09440,-2.08340,,-2.08340,-2.08340,-2.08610,-0.39330,-0.98900,42.50600,42.50600,-0.05000,-0.05000,24.59690,,,4.48780,-87.18850,-87.18850,-183.67320,-183.90750,0.04170,2.79940,1.40850,63.89680,-8.45080,-8.45080,-7.65970,-8.45080,0.45510,-0.05270,-0.05310
2013-12-31,1.08540,1.11930,-0.03390,0.17000,,,,1.08540,,-0.92700,,,,-0.92960,1.30230,,38.42000,38.42000,-0.02000,-0.02000,6.99240,,,-3.12380,100.00000,,-85.40310,-85.64800,0.13260,2.62540,1.17050,76.88880,,,,,0.16890,-0.0204,-0.0207
2013-09-30,1.04990,1.12720,-0.07730,0.14700,1.01020,,1.15720,-1.23450,-0.03640,-1.27090,,-1.27090,-1.27090,-1.99990,-1.23450,-1.23450,35.92200,35.92200,-0.06000,-0.06000,7.11650,,,-7.36330,-117.58280,-117.58280,-121.04850,-190.48610,0.11250,2.58390,1.08070,83.28240,-17.14080,-17.14060,-13.61490,-17.14060,0.19300,-0.0248,-0.0249
2013-06-30,,,,,,,,,,,,,,,,,,,,0.00000,,,,,,,,,,,,,,,,,,0.0656,0.0656
2013-03-31,1.25150,1.06560,0.18590,0.15510,0.85490,,1.01000,-0.82410,0.10910,-0.71500,,-0.71500,-0.71500,-0.71770,-0.18890,-0.82410,34.61200,34.61200,-0.02000,-0.02000,7.84340,,,14.85480,-65.85180,-65.85180,-57.13540,-57.34780,0.15860,2.98500,1.49380,60.24720,-11.28720,-11.28710,-9.06260,-11.28710,0.18300,-0.06560,-0.06560
2012-12-31,0.97550,1.13410,-0.15860,0.14920,,,,0.97550,,,,,,-1.15700,1.18100,,34.60500,34.60500,-0.03000,-0.03000,8.23200,,,-16.26170,100.00000,,,-118.60950,0.11190,2.81470,1.46870,61.28010,,,,,0.20290,-0.016,-0.016
2012-09-30,1.05620,1.07670,-0.02040,0.14150,0.96090,,1.10230,-1.12280,0.12920,-0.99370,,-0.99370,-0.99370,-0.99630,-1.12280,-1.12280,33.86700,33.86700,-0.03000,-0.03000,11.23190,,,-1.93380,-106.30300,-106.30300,-94.07560,-94.32830,0.10940,2.62300,1.23360,72.95880,-12.18470,-12.18460,-10.28730,-12.18460,0.23570,-0.0277,-0.0277
2012-06-30,,,,,,,,,,,,,,,,,,,,0.00000,,,,,,,,,,,,,,,,,,0.0622,0.0631
2012-03-31,1.31740,1.11320,0.20420,0.13220,0.83480,,0.96700,-0.76290,0.21000,-0.55290,,-0.55290,-0.55290,-0.55550,-0.04700,-0.76290,29.31600,29.31600,-0.02000,-0.02000,6.39930,,,15.50210,-57.90770,-57.90770,-41.96890,-42.17070,0.17360,2.52300,1.50980,59.61230,-8.98850,-8.98840,-7.28410,-8.98840,0.20980,-0.06220,-0.06310
2011-12-31,1.22870,1.02980,0.19890,0.18970,,,,1.22870,,,,,,-0.63140,1.47230,,28.59400,28.59400,-0.02000,-0.02000,6.77590,,,16.18830,100.00000,,,-51.38980,0.14540,1.27730,1.44640,62.22500,,,,,0.22770,-0.015,-0.0154
2011-09-30,1.21340,1.14710,0.06630,0.20130,0.96730,,1.16860,-1.10230,0.00010,-1.10220,,-1.10220,-1.10220,-1.10490,-1.10230,-1.10230,26.48700,26.48700,-0.04000,-0.04000,3.87630,,,5.46740,-90.84400,-90.84400,-90.83640,-91.05540,0.17290,1.50550,1.22350,73.56200,-20.32250,-20.32230,-15.70270,-20.32230,0.20470,-0.0205,-0.0207
2011-06-30,,,,,,,,,,,,,,,,,,,,0.00000,,,,,,,,,,,,,,,,,,0.0695,0.0736
2011-03-31,1.41070,1.05330,0.35740,0.18810,0.86280,,1.05080,-0.69340,-0.33680,-1.03030,,-1.03030,-1.03030,-1.03290,0.22290,-0.69340,26.00900,26.00900,-0.04000,-0.04000,6.66530,0.01280,0.02090,25.33690,-49.15580,-49.15580,-73.03250,-73.22090,0.16730,1.44520,1.54800,58.14030,-15.19040,-15.19020,-12.21750,-14.99580,0.25720,-0.06950,-0.07360
2010-12-31,1.24490,1.11700,0.12790,-0.13430,,,,1.24490,,,,,,-0.23070,1.50060,,25.07100,25.07100,-0.01000,-0.01000,5.52900,0.01650,0.02560,10.27510,100.00000,,,-18.53350,0.13900,1.44100,1.23410,72.92840,,,,,0.23430,-0.0236,-0.0248
2010-09-30,1.32710,1.11150,0.21560,0.11450,0.96960,,1.08410,-0.86850,-0.00340,-0.87190,,-0.87190,-0.87190,-0.87450,-0.86850,-0.86850,23.04900,23.04900,-0.04000,-0.04000,2.96900,0.02150,0.03140,16.24560,-65.44060,-65.44060,-65.69700,-65.89720,0.18840,1.63800,1.59250,56.51370,-16.30130,-16.30120,-12.38040,-15.95070,0.23210,-0.0278,-0.0279
2010-06-30,,,,,,,,,,,,,,,,,,,,0.00000,,,,,,,,,,,,,,,,,,0.089,0.0899
2010-03-31,1.20320,1.15070,0.05250,0.09900,1.04390,,1.14290,-1.09040,-0.00490,-1.09530,,-1.09530,-1.09530,-1.09530,-0.29650,-1.09040,22.94200,22.94200,-0.05000,-0.05000,4.23370,0.01980,0.02700,4.36210,-90.62340,-90.62340,-91.03050,-91.03050,0.13660,1.65560,1.37890,65.26720,-15.44430,-15.44420,-12.43480,-15.13830,0.30910,-0.08900,-0.08990
2009-12-31,1.36830,1.10020,0.26820,0.05910,,,,1.36830,,,,,,-0.98650,1.63370,,22.94200,22.94200,-0.04000,-0.04000,5.24730,0.01880,0.02490,19.59690,100.00000,,,-72.09760,0.13930,1.45940,1.48500,60.60540,,,,,0.35530,-0.0374,-0.0379
2009-09-30,1.37910,1.16010,0.21900,0.06890,1.04530,,1.11420,-0.89520,-0.01150,-0.90670,,-0.90670,-0.90670,-0.90940,-0.89520,-0.89520,22.94200,22.94200,-0.04000,-0.04000,5.23450,0.01770,0.03510,15.87990,-64.91350,-64.91350,-65.74700,-65.93970,0.12590,1.60900,1.72510,52.17170,-9.94830,-9.95790,-8.27480,-9.77200,0.39730,-0.0225,-0.0228
2009-06-30,,,,,,,,,,,,,,,,,,,,0.00000,,,,,,,,,,,,,,,,,,0.1322,0.134
2009-03-31,1.36630,1.35100,0.01520,0.30190,1.19600,,1.49790,-1.48260,0.00240,-1.48020,,-1.48020,-1.48020,-1.48020,-0.48130,-1.48260,22.94200,22.94200,-0.06000,-0.06000,5.66830,0.01690,0.03260,1.11580,-108.51640,-108.51640,-108.33750,-108.33750,0.10370,1.64400,1.58120,56.91960,-13.31280,-13.31660,-11.23480,-13.08710,0.48460,-0.13220,-0.13400
