Date,revenue,gross-profit,research-development-expenses,selling-general-administrative-expenses,operating-income,total-non-operating-income-expense,pre-tax-income,income-after-taxes,income-from-continuous-operations,net-income,ebitda,ebit,basic-shares-outstanding,shares-outstanding,eps-basic-net-earnings-per-share,eps-earnings-per-share-diluted,current-ratio,long-term-debt-capital,debt-equity-ratio,gross-margin,operating-margin,ebit-margin,pre-tax-profit-margin,net-profit-margin,asset-turnover,receiveable-turnover,days-sales-in-receivables,roe,return-on-tangible-equity,roa,roi,book-value-per-share,operating-cash-flow-per-share,free-cash-flow-per-share
2023-09-30,,,19.96200,12.24500,-32.20700,-1.67500,-33.88200,-33.88200,-33.88200,-33.88200,-34.08600,-32.20700,105.71800,105.71800,-0.32000,-0.32000,22.76310,0.24190,0.31910,,,,,,,,,-10.38720,-10.38720,-7.51180,-7.87440,2.88030,-0.241,-0.2409
2023-06-30,31.01600,31.01600,19.53700,11.57800,-0.09900,-0.70900,-0.80800,-0.80800,-0.80800,-0.80800,-1.87800,-0.09900,102.15040,102.15040,-0.01000,-0.01000,12.52210,0.47790,0.91550,100.00000,-0.31920,-0.31920,-2.60510,-2.60510,0.13680,,,-0.74530,-0.74530,-0.35650,-0.38910,1.10840,-0.2517,-0.2524
2023-03-31,,,18.55100,8.32400,-26.87500,-1.90300,-28.77800,-28.77800,-28.77800,-28.77800,-27.99400,-26.87500,97.97110,97.97110,-0.29000,-0.29000,5.21980,,,,,,,,,,,-27.62100,-27.62100,-11.73090,-27.62100,1.07050,0.06560,0.06370
2022-12-31,,,16.23000,7.24700,-23.47700,-3.15600,-26.63300,-26.63300,-26.63300,-26.63300,-23.88300,-23.47700,87.80410,87.80410,-0.30000,-0.30000,8.94200,0.71390,2.49560,,,,,,,,,-73.66550,-73.66540,-18.77520,-21.07360,0.42690,-0.2136,-0.2138
2022-09-30,,,15.45900,5.90400,-21.36300,-3.14200,-24.50500,-24.50500,-24.50500,-24.50500,-21.49600,-21.36300,87.80430,87.80430,-0.28000,-0.28000,12.20390,0.58880,1.43160,,,,,,,,,-40.72090,-40.72090,-15.38800,-16.74640,0.71060,-0.1996,-0.1997
2022-06-30,,,17.89100,5.87800,-23.76900,-3.32500,-27.09400,-27.09400,-27.09400,-27.09400,-23.69400,-23.76900,87.80290,87.80290,-0.31000,-0.31000,13.26520,0.49960,0.99850,,,,,,,,,-32.85830,-32.85830,-15.24500,-16.44150,0.97380,-0.2555,-0.2569
2022-03-31,,,18.41500,6.08700,-24.50200,-3.26700,-27.76900,-27.76900,-27.76900,-27.76900,-24.20200,-24.50200,87.80290,87.80290,-0.32000,-0.32000,13.67950,0.42290,0.73280,,,,,,,,,-25.86030,-25.86030,-13.84010,-14.92430,1.26810,-0.28890,-0.28890
2021-12-31,,,18.40500,6.10400,-24.50900,-2.03400,-26.54300,-26.54300,-26.54300,-26.54300,-23.69900,-24.50900,71.05530,71.05530,-0.35000,-0.35000,10.40500,,,,,,,,,,,-19.96660,-19.96660,-13.11950,-19.96660,1.56990,-0.1775,-0.1776
2021-09-30,,,17.01000,5.17900,-22.18900,-0.49300,-22.68200,-22.68200,-22.68200,-22.68200,-22.43900,-22.18900,69.02290,69.02290,-0.33000,-0.33000,10.18450,0.21080,0.26720,,,,,,,,,-26.05390,-26.05390,-18.45540,-20.56080,1.26090,-0.223,-0.223
2021-06-30,,,16.74500,6.52100,-23.26600,0.04400,-23.22200,-23.22200,-23.22200,-23.22200,-22.86100,-23.26600,68.98550,68.98550,-0.34000,-0.34000,12.70380,,,,,,,,,,,-21.68380,-21.68380,-19.84090,-21.68380,1.55210,-0.2784,-0.2782
2021-03-31,,,12.38200,5.23600,-17.61800,0.06700,-17.55100,-17.55100,-17.55100,-17.55100,-17.25800,-17.61800,68.94610,68.94610,-0.25000,-0.25000,16.85080,,,,,,,,,,,-13.74970,-13.74980,-12.84080,-13.74980,1.85140,-0.29820,-0.29960
2020-12-31,,,10.68800,5.18500,-15.87300,0.12200,-15.75100,-15.75100,-15.75100,-15.75100,-15.81300,-15.87300,68.89310,68.89310,-0.22000,-0.22000,15.37840,,,,,,,,,,,-11.03740,-11.03740,-10.23960,-11.03740,2.06980,-0.215,-0.215
2020-09-30,,,7.74300,3.90700,-11.65000,0.22900,-11.42100,-11.42100,-11.42100,-11.42100,-11.18500,-11.65000,68.88710,68.88710,-0.17000,-0.17000,15.87930,,,,,,,,,,,-7.29150,-7.29150,-6.77860,-7.29150,2.27380,-0.1082,-0.1085
2020-06-30,,,7.94200,3.21000,-11.15200,0.42600,-10.72600,-10.72600,-10.72600,-10.72600,-11.09700,-11.15200,68.88510,68.88510,-0.16000,-0.16000,18.36910,,,,,,,,,,,-6.47670,-6.47670,-6.07370,-6.47670,2.40410,-0.1125,-0.1125
2020-03-31,,,9.50900,4.41800,-13.92700,0.83900,-13.08800,-13.08800,-13.08800,-13.08800,-13.97900,-13.92700,68.88250,68.88250,-0.19000,-0.19000,15.59710,,,,,,,,,,,-7.47680,-7.47680,-6.93960,-7.47680,2.54130,-0.21350,-0.21350
2019-12-31,,,20.93700,4.53200,-30.54400,1.13100,-29.41300,-29.41300,-29.41300,-29.41300,-30.72200,-30.54400,67.03300,67.03300,-0.43000,-0.43000,11.50620,,,,,,,,,,,-15.78390,-15.78390,-14.29710,-15.78390,2.70530,-0.445,-0.4455
2019-09-30,,,23.19300,4.51400,-27.70700,1.42500,-26.28200,-26.28200,-26.28200,-26.28200,-28.14800,-27.70700,68.70100,68.70100,-0.38000,-0.38000,13.12200,,,,,,,,,,,-12.36270,-12.36270,-11.33820,-12.36270,3.09440,-0.3366,-0.3369
2019-06-30,,,21.11900,4.52900,-25.64800,1.61000,-24.03800,-24.03800,-24.03800,-24.03800,-26.28800,-25.64800,68.69770,68.69770,-0.35000,-0.35000,16.19850,,,,,,,,,,,-10.18310,-10.18310,-9.48490,-10.18310,3.43600,-0.3172,-0.3182
2019-03-31,,,18.58800,5.66300,-24.25100,1.17600,-23.07500,-23.07500,-23.07500,-23.07500,-24.65700,-24.25100,61.89060,61.89060,-0.37000,-0.37000,18.65990,0.00790,0.00800,,,,,,,,,-8.95660,-8.95660,-8.41670,-8.88580,3.75040,-0.36180,-0.36470
2018-12-31,,,16.39700,4.15800,-20.55500,1.10600,-19.44900,-19.44900,-19.44900,-19.44900,-21.07600,-20.55500,57.80830,57.83830,-0.32000,-0.30000,12.59540,,,,,,,,,,,-11.41250,-11.41250,-10.41460,-11.41250,2.86630,-0.3547,-0.3629
2018-09-30,,,17.85300,3.27600,-21.12900,2.56600,-18.56300,-18.56300,-18.56300,-18.56300,-21.69600,-21.12900,59.12160,59.38780,-0.31000,-0.34000,14.82810,,,,,,,,,,,-9.86710,-9.86710,-9.11260,-9.86710,3.16510,-0.2681,-0.2683
2018-06-30,,,14.39700,3.57400,-17.97100,0.44000,-17.53100,-17.53100,-17.53100,-17.53100,-18.45700,-17.97100,58.83370,58.90590,-0.30000,-0.30000,12.81120,,,,,,,,,,,-8.80010,-8.80010,-8.03560,-8.80010,3.37880,-0.2072,-0.2071
2018-03-31,,,9.47700,3.37300,-12.85000,-4.15500,-17.00500,-17.00500,-17.00500,-17.00500,-13.11600,-12.85000,53.75280,53.75280,-0.32000,-0.32000,12.90190,0.01000,0.02530,,,,,,,,,-8.01370,-8.01370,-7.32160,-7.93360,3.61410,-0.11980,-0.12070
2017-12-31,5.20700,5.20700,6.66900,2.89400,-4.35600,-0.68700,-5.04300,-5.04300,-5.04300,-5.04300,-4.49900,-4.35600,34.90400,34.90400,-0.07000,-0.07000,6.34850,0.03400,0.07180,100.00000,-83.65660,-83.65660,-96.85040,-96.85040,0.04990,1.04140,86.42210,-5.93660,-5.93660,-4.83760,-5.73480,1.91280,-0.2238,-0.2245
2017-09-30,,,4.18400,2.21000,-6.39400,-1.84000,-8.23400,-8.23400,-8.23400,-8.23400,-6.43700,-6.39400,40.03570,40.03570,-0.21000,-0.21000,7.38940,0.04220,0.07870,,,,,,,,,-9.51860,-9.51860,-7.89120,-9.11720,1.97290,-0.0572,-0.0572
2017-06-30,,,4.04400,3.58200,-7.62600,-1.30300,-8.92900,-8.92900,-8.92900,-8.92900,-7.61200,-7.62600,28.75200,28.75200,-0.31000,-0.31000,1.49060,0.68250,3.50440,,,,,,,,,-417.44120,-417.43810,-47.66710,-132.51710,0.07440,-0.1987,-0.1987
2017-03-31,4.79300,4.79300,4.04100,3.70100,-2.94900,-2.40200,-5.35100,-5.35100,-5.35100,-5.35100,-2.94100,-2.94900,26.61000,26.61000,-0.20000,-0.20000,2.27800,0.36750,0.88430,100.00000,-61.52720,-61.52720,-111.64200,-111.64200,0.18890,,,-57.99280,-57.99290,-21.08440,-36.67830,0.32090,-0.08280,-0.08280
2016-12-31,,,3.84800,2.83900,-6.68700,-0.26500,-6.95200,-6.95200,-6.95200,-6.95200,-6.68200,-6.68700,23.44700,23.44700,-0.30000,-0.30000,1.98990,0.60770,2.23470,,,,,,,,,-176.58170,-176.58120,-35.91100,-69.27760,0.16790,-0.2304,-0.2304
2016-09-30,,,3.53400,2.13000,-5.66400,-0.21500,-5.87900,-5.87900,-5.87900,-5.87900,-5.65900,-5.66400,23.44700,23.44700,-0.25000,-0.25000,3.15830,0.40000,0.92210,,,,,,,,,-57.56940,-57.56950,-23.71900,-34.53970,0.43550,-0.2449,-0.2451
2016-06-30,,,4.13100,2.21500,-6.34600,-0.64600,-6.99200,-6.99200,-6.99200,-6.99200,-6.31300,-6.34600,23.44700,23.44700,-0.30000,-0.30000,3.99950,0.32710,0.61840,,,,,,,,,-45.34070,-45.34080,-22.94340,-30.51010,0.65770,-0.2588,-0.2604
2016-03-31,,,4.42800,2.46100,-6.88900,0.04100,-6.84800,-6.84800,-6.84800,-6.84800,-6.77800,-6.88900,23.44700,23.44700,-0.29000,-0.29000,5.40830,0.27190,0.43120,,,,,,,,,-31.34670,-31.34670,-18.62390,-22.82290,0.93170,-0.26190,-0.26190
2015-12-31,,,4.05100,1.79600,-5.84700,-0.13200,-5.97900,-5.97900,-5.97900,-5.97900,-5.67800,-5.84700,18.90000,18.91700,-0.31000,-0.03000,6.87830,0.23840,0.33110,,,,,,,,,-21.26620,-21.26620,-13.87920,-16.19710,1.19910,-0.3966,-0.3966
2015-09-30,,,4.52800,2.20100,-6.72900,0.86400,-5.86500,-5.86500,-5.86500,-5.86500,-6.60400,-6.72900,21.67500,21.67500,-0.27000,-0.27000,7.89420,0.21550,0.27460,,,,,,,,,-17.51060,-17.51060,-12.00300,-13.73790,1.42850,-0.0848,-0.0848
2015-06-30,,,4.26000,2.28500,-6.54500,5.18800,-1.35700,-1.35700,-1.35700,-1.35700,-6.47900,-6.54500,15.25840,15.25840,-0.09000,-0.09000,3.31220,0.12080,0.21940,,,,,,,,,-7.67530,-7.67530,-4.73320,-6.74820,1.15870,-0.3604,-0.3604
2015-03-31,,,4.18700,2.58900,-6.77600,4.44800,-2.32800,-2.32800,-2.32800,-2.32800,-6.60300,-6.77600,15.10000,15.74300,-0.15000,-0.44000,2.52430,0.13220,0.22920,,,,,,,,,-12.74360,-12.74360,-6.70310,-11.05830,1.19800,-0.39120,-0.39120
2014-12-31,,,5.27700,2.33200,-7.60900,-5.11300,-12.72200,-12.72200,-12.72200,-12.72200,-7.44000,-7.60900,12.04900,12.04900,-0.87000,-0.63000,1.81970,0.18540,0.32540,,,,,,,,,-91.85550,-91.85560,-33.94890,-74.82650,0.94240,-0.7394,-0.7403
2014-09-30,,,3.84800,1.68700,-5.53500,-0.42600,-5.96100,-5.96100,-5.96100,-5.96100,-5.41900,-5.53500,13.46800,13.46800,-0.44000,-0.44000,2.95360,0.11740,0.17870,,,,,,,,,-22.81200,-22.81200,-13.35080,-20.13380,1.77940,-0.0832,-0.082
2014-06-30,,,4.08300,1.66600,-5.74900,2.57700,-3.17200,-3.17200,-3.17200,-3.17200,-5.63700,-5.74900,10.06500,10.48700,-0.32000,-0.56000,1.84870,0.30910,0.54120,,,,,,,,,-37.41880,-37.41890,-12.18450,-25.85170,0.84220,-0.4222,-0.4279
2014-03-31,,,2.61500,2.50000,-5.11500,-4.94700,-10.06200,-10.06200,-10.06200,-10.06200,-5.04100,-5.11500,9.87400,9.87400,-1.02000,-1.02000,1.99300,0.26490,0.39640,,,,,,,,,-88.44920,-88.44940,-32.25410,-65.02100,1.13040,-0.50750,-0.51070
2013-12-31,,,1.36300,2.09100,-3.45400,-0.46100,-3.91500,-3.91500,-3.91500,212.22800,-3.40100,-3.45400,2.35700,2.84600,1583.22000,1900.90000,3.39790,0.19160,0.23900,,,,,,,,,-21.05290,-21.05290,-12.04620,-17.01950,1.96680,3.7511,3.3675
2013-09-30,,,0.70300,0.68300,-1.38600,0.07900,-1.30700,-1.30700,-1.30700,42.87000,-1.37800,-1.38600,0.10140,0.73200,422.95000,-1.79000,14.31700,0.32510,0.48160,,,,,,,,,-6.50060,-6.50050,-4.06350,-4.38740,2.28710,713.277,688.8918
2013-06-30,,,0.96900,1.17200,-2.14100,-0.08200,-2.22300,-2.22300,-2.22300,-5.36700,-2.11500,-2.14100,0.00600,0.00600,-917.59000,-917.59000,,,,,,,,,,,,,,,,,-349.2926,-324.2926
2013-03-31,,,1.49000,0.92500,-2.41500,-0.21300,-2.62800,-2.62800,-2.62800,-5.73700,-2.38900,-2.41500,0.00580,0.00580,-985.06000,-985.06000,,,,,,,,,,,,,,,,,-370.70740,-370.70740
2012-12-31,,,,,,,,,,,,,,,,0.00000,,,,,,,,,,,,,,,,,1884.151,1884.151
2012-09-30,2.91300,2.91300,2.28200,0.92500,-0.29400,-0.21700,-0.51100,-0.51100,-0.51100,-3.69000,-0.29400,-0.29400,0.00580,0.00580,-637.05000,-637.50000,,,,100.00000,-10.09270,-10.09270,-17.54210,-126.67350,,,,,,,,,-1884.151,-1884.151
