Date,revenue,cost-goods-sold,gross-profit,selling-general-administrative-expenses,operating-expenses,operating-income,pre-tax-income,total-provision-income-taxes,income-after-taxes,income-from-continuous-operations,net-income,basic-shares-outstanding,shares-outstanding,eps-basic-net-earnings-per-share,eps-earnings-per-share-diluted,long-term-debt-capital,debt-equity-ratio,pre-tax-profit-margin,net-profit-margin,asset-turnover,roe,return-on-tangible-equity,roa,roi,book-value-per-share,operating-cash-flow-per-share,free-cash-flow-per-share
2023-09-30,122.91000,26.10200,96.80800,83.75400,83.75400,13.05400,13.05400,2.78400,10.27000,10.27000,10.27000,13.28600,13.67580,0.77000,0.75000,0.14360,0.16770,18.76790,14.76530,0.01890,3.61050,3.61050,0.27920,3.09200,21.38400,4.7277,4.5641
2023-06-30,142.28100,21.33600,120.94500,104.16300,104.16300,16.78200,16.78200,3.87600,12.90600,12.90600,12.90600,13.27560,13.59780,0.97000,0.95000,0.14880,0.17480,24.43080,18.78820,0.01940,4.73330,4.73330,0.36510,4.02910,20.49940,2.5388,2.437
2023-03-31,119.41800,15.62000,103.79800,88.36000,88.36000,15.43800,15.43800,3.04700,12.39100,12.39100,12.39100,13.19700,13.60900,0.94000,0.91000,0.15540,0.18400,25.68680,20.61700,0.01740,4.78860,4.78860,0.35910,4.04430,19.48220,3.42650,3.40560
2022-12-31,107.84500,11.59800,96.24700,80.70300,80.70300,15.54400,15.54400,2.42600,13.11800,13.11800,13.11800,12.94900,13.51500,1.01000,0.97000,0.16350,0.19540,24.81210,20.93960,0.01990,5.38740,5.38740,0.41720,4.50660,18.50120,1.8603,1.8439
2022-09-30,89.57000,5.99000,83.58000,69.51500,69.51500,14.06500,14.06500,2.96400,11.10100,11.10100,11.10100,12.93820,13.53680,0.86000,0.82000,0.10880,0.12210,21.58800,17.03860,0.02080,4.85330,4.85330,0.35420,4.32510,17.65600,1.5561,1.5359
2022-06-30,67.31100,1.93300,65.37800,52.26300,52.26300,13.11500,13.11500,2.93900,10.17600,10.17600,10.17600,12.92810,13.44200,0.79000,0.76000,0.11370,0.12820,25.57330,19.84250,0.01730,4.67520,4.67520,0.34270,4.14380,16.80910,0.9559,0.879
2022-03-31,52.12800,0.87400,51.25400,43.35700,43.35700,7.89700,7.89700,1.66700,6.23000,6.23000,6.23000,12.89900,13.47500,0.48000,0.46000,0.11830,0.13420,20.61230,16.26120,0.01350,2.99630,2.99630,0.21990,2.64190,16.08170,0.59240,0.49590
2021-12-31,39.76600,0.84300,38.92300,29.99200,29.99200,8.93100,8.93100,1.64100,7.29000,7.29000,7.29000,12.02300,12.52100,0.60000,0.57000,0.12170,0.26280,29.78890,24.31540,0.01140,3.62290,3.62290,0.27660,3.18210,15.62890,0.5147,0.4833
2021-09-30,25.74000,0.80100,24.93900,16.38500,16.38500,8.55400,8.55400,1.87000,6.68400,6.68400,6.68400,11.99900,12.45700,0.56000,0.54000,0.14740,0.32810,34.65400,27.07830,0.01010,4.14930,4.14930,0.27260,3.53760,13.41040,1.0007,0.9692
2021-06-30,24.35300,0.95900,23.39400,14.09200,14.09200,9.30200,9.30200,2.28900,7.01300,7.01300,7.01300,11.98500,12.45900,0.59000,0.56000,0.08100,0.25040,40.38550,30.44760,0.01150,4.55090,4.55090,0.34940,4.18220,12.83310,0.1873,0.0836
2021-03-31,21.34200,1.04300,20.29900,12.70900,12.70900,7.59000,7.59000,1.57200,6.01800,6.01800,6.01800,11.96100,12.39300,0.50000,0.49000,0.08470,0.26290,38.06040,30.17750,0.00980,4.10120,4.10120,0.29650,3.75370,12.23950,0.68110,0.64060
2020-12-31,20.14700,1.16500,18.98200,13.08900,13.08900,5.89300,5.89300,1.23200,4.66100,4.66100,4.66100,11.92100,12.20900,0.39000,0.38000,0.08830,0.27510,35.97240,28.45200,0.00930,3.32410,3.32410,0.26390,3.03070,11.72970,0.5244,0.4747
2020-09-30,18.33600,1.29800,17.03800,11.86600,11.86600,5.17200,5.17200,1.08200,4.09000,4.09000,4.09000,11.92000,12.18100,0.34000,0.34000,0.09120,0.28520,34.85650,27.56440,0.00850,3.02440,3.02440,0.23380,2.74860,11.33550,0.4025,0.3564
2020-06-30,16.94600,1.43300,15.51300,10.87500,10.87500,4.63800,4.63800,0.96700,3.67100,3.67100,3.67100,11.91700,12.19000,0.31000,0.30000,0.09390,0.29450,34.14560,27.02640,0.00810,2.80280,2.80280,0.21860,2.53970,10.98250,0.2453,0.016
2020-03-31,15.79100,1.75600,14.03500,10.59700,10.59700,3.43800,3.43800,0.71400,2.72400,2.72400,2.72400,11.90900,12.20800,0.23000,0.22000,0.09640,0.30330,27.59890,21.86720,0.01050,2.14210,2.14210,0.23010,1.93560,10.66020,0.41110,0.29650
2019-12-31,15.08800,1.70300,13.38500,8.83000,8.83000,4.55500,4.55500,0.94700,3.60800,3.60800,3.60800,11.89600,12.19600,0.29000,0.29000,0.09850,0.18980,36.25150,28.71470,0.01110,2.90560,2.90560,0.31970,2.61950,10.42240,0.355,0.3304
2019-09-30,14.44300,1.62800,12.81500,8.38500,8.38500,4.43000,4.43000,0.91900,3.51100,3.51100,3.51100,11.90200,12.18900,0.30000,0.29000,0.10120,0.27870,36.37710,28.83070,0.01120,2.91560,2.91560,0.32210,2.62060,10.10930,0.3832,0.3393
2019-06-30,13.93600,1.61800,12.31800,8.19000,8.19000,4.12800,4.12800,0.85400,3.27400,3.27400,3.27400,11.89500,12.20200,0.28000,0.27000,0.10410,0.28780,35.06920,27.81410,0.01140,2.80810,2.80810,0.31750,2.51570,9.79100,0.2083,0.19
2019-03-31,13.37800,1.62700,11.75100,8.20200,8.20200,3.54900,3.54900,0.74100,2.80800,2.80800,2.80800,11.88400,12.18300,0.24000,0.23000,0.10760,0.12060,31.65640,25.04680,0.01000,2.49900,2.49900,0.25160,2.23010,9.44010,0.17440,0.16180
2018-12-31,12.61200,1.12300,11.48900,7.61000,7.61000,3.87900,3.87900,0.82400,3.05500,3.05500,3.05500,10.44100,10.60900,0.26000,0.25000,0.11040,0.30730,35.05960,27.61210,0.01160,2.79870,2.79870,0.32090,2.48980,9.17820,0.5946,0.5303
2018-09-30,11.44000,1.04600,10.39400,7.11800,7.11800,3.27600,3.27600,0.67400,2.60200,2.60200,2.60200,11.33800,11.61000,0.23000,0.22000,0.11400,0.31860,33.13780,26.32010,0.01080,2.47160,2.47160,0.28370,2.18990,8.59610,0.2593,0.2544
2018-06-30,10.44400,0.92800,9.51600,6.74600,6.74600,2.77000,2.77000,0.56900,2.20100,2.20100,2.20100,9.26500,9.28500,0.24000,0.24000,0.16300,0.48260,30.35950,24.12320,0.01070,3.16740,3.16740,0.25870,2.65090,7.47370,0.2112,0.1865
2018-03-31,9.71400,0.82900,8.88500,6.56800,6.56800,2.31700,2.31700,0.47400,1.84300,1.84300,1.84300,9.24200,9.24700,0.20000,0.20000,0.16820,0.50110,27.63600,21.98240,0.01010,2.75370,2.75370,0.22180,2.29060,7.52670,0.29240,0.27800
2017-12-31,9.51700,0.81500,8.70200,7.31300,7.31300,1.38900,2.55900,2.23300,0.32600,0.35600,0.35600,9.23400,9.23800,0.04000,0.04000,0.17070,0.51020,28.75280,4.00000,0.01100,0.54180,0.54180,0.04420,0.44930,7.10540,0.2192,0.1624
2017-09-30,9.46700,0.73200,8.73500,5.87400,5.87400,2.86100,2.86100,0.95700,1.90400,1.90400,1.90400,9.23500,9.23900,0.21000,0.21000,,,32.99890,21.96080,,,,,,,0.2657,0.2268
2017-06-30,8.92100,0.67700,8.24400,5.46300,5.46300,2.78100,2.78100,0.90500,1.87600,1.87600,1.87600,9.23400,9.23700,0.20000,0.20000,,,33.73360,22.75600,,,,,,,0.1535,0.1448
2017-03-31,8.37400,0.66800,7.70600,5.81500,5.81500,1.89100,1.89100,0.57800,1.31300,1.31300,1.31300,9.23200,9.23500,0.14000,0.14000,,,26.02170,18.06800,,,,,,,0.18540,0.17610
2016-12-31,,,,,,,,,,,,,,,0.00000,,,,,,,,,,,0,0
