Date,revenue,cost-goods-sold,gross-profit,research-development-expenses,selling-general-administrative-expenses,other-operating-income-expenses,operating-expenses,operating-income,total-non-operating-income-expense,pre-tax-income,total-provision-income-taxes,income-after-taxes,income-from-continuous-operations,income-from-discontinued-operations,net-income,ebitda,ebit,basic-shares-outstanding,shares-outstanding,eps-basic-net-earnings-per-share,eps-earnings-per-share-diluted,current-ratio,long-term-debt-capital,debt-equity-ratio,gross-margin,operating-margin,ebit-margin,pre-tax-profit-margin,net-profit-margin,asset-turnover,inventory-turnover,receiveable-turnover,days-sales-in-receivables,roe,return-on-tangible-equity,roa,roi,book-value-per-share,operating-cash-flow-per-share,free-cash-flow-per-share
2024-03-31,213.06000,145.99700,67.06300,10.49100,14.40400,-18.22800,70.42000,-3.35700,-9.73600,-13.09300,16.02400,-29.11700,-29.11700,,-29.11700,28.01600,-3.35700,384.96800,384.96800,-0.08000,-0.08000,0.99450,0.35580,0.57510,31.47610,-1.57560,-1.57560,-6.14520,-13.66610,0.10050,0.90300,5.83820,15.41570,-2.85990,-2.85990,-1.37340,-1.84230,2.55440,-0.04120,-0.15050
2023-12-31,262.09000,192.30000,69.79000,10.95500,10.22100,-25.01800,80.82900,-11.03900,-5.98100,-17.02000,8.48500,-25.50500,-25.50500,,-25.50500,27.75800,-11.03900,343.05900,343.05900,-0.06000,-0.06000,0.92280,0.33800,0.53260,26.62830,-4.21190,-4.21190,-6.49400,-9.73140,0.12600,1.23220,8.44500,10.65720,-2.49100,-2.49100,-1.22570,-1.64910,2.65070,0.1905,-0.1086
2023-09-30,194.58300,147.90300,46.68000,12.43700,9.51200,-8.68000,53.51300,-6.83300,-8.17900,-15.01200,6.09700,-21.10900,-21.10900,,-21.10900,20.20400,-6.83300,356.67600,356.67600,-0.06000,-0.06000,1.04830,0.31860,0.48860,23.98980,-3.51160,-3.51160,-7.71500,-10.84830,0.09400,0.81710,6.45640,13.93970,-2.01350,-2.01350,-1.01990,-1.37210,2.73950,-0.0076,-0.2918
2023-06-30,177.23500,139.63700,37.59800,2.92000,9.78900,-10.04800,42.35200,-4.75400,-17.79200,-22.54600,9.86600,-32.41200,-32.41200,,-32.41200,18.91400,-4.75400,333.08200,333.08200,-0.10000,-0.10000,1.03120,0.31190,0.47470,21.21370,-2.68230,-2.68230,-12.72100,-18.28760,0.08990,0.80580,5.98460,15.03850,-3.27800,-3.27800,-1.64350,-2.25550,2.82370,0.1295,-0.079
2023-03-31,187.29800,153.05600,34.24200,4.65000,12.08300,-10.89000,50.33100,-16.08900,2.21100,-13.87800,10.70800,-24.58600,-24.58600,,-24.58600,10.61200,-16.08900,300.95000,300.95000,-0.08000,-0.08000,1.27410,0.32800,0.52200,18.28210,-8.59010,-8.59010,-7.40960,-13.12670,0.09910,0.98490,5.25810,17.11650,-2.59750,-2.59750,-1.30130,-1.74540,2.85930,-0.11630,-0.36240
2022-12-31,210.11600,159.40400,50.71200,7.52100,10.17900,-10.80800,56.58500,-5.87300,54.54100,48.66800,-0.42100,49.08900,49.08900,,49.08900,26.46600,-5.87300,275.17800,275.17800,0.18000,0.18000,1.36960,0.35600,0.58030,24.13520,-2.79510,-2.79510,23.16240,23.36280,0.11380,1.10090,5.78310,15.56270,5.52170,5.52170,2.65900,3.55620,3.00650,0.1035,0.2285
2022-09-30,182.99300,163.18000,19.81300,8.40600,9.72200,-9.24900,56.52800,-36.71500,-18.84600,-55.56100,1.88300,-57.44400,-57.44400,,-57.44400,-3.96800,-36.71500,278.10500,278.10500,-0.21000,-0.21000,1.73070,0.42580,0.77370,10.82720,-20.06360,-20.06360,-30.36240,-31.39140,0.09560,1.14070,5.23630,17.18770,-6.99180,-6.99180,-3.00090,-4.01470,2.92550,-0.0687,-0.416
2022-06-30,204.12300,150.67900,53.44400,5.27900,9.28700,-9.17800,51.70900,1.73500,-67.66700,-65.93200,11.50200,-77.43400,-77.43400,,-77.43400,33.22900,1.73500,278.04000,278.04000,-0.28000,-0.28000,1.57460,0.37710,0.63870,26.18230,0.85000,0.85000,-32.30010,-37.93500,0.10970,0.99500,6.28980,14.30890,-9.03360,-9.03360,-4.16240,-5.62740,3.05260,0.0827,-0.1674
2022-03-31,188.40400,133.26700,55.13700,5.41800,10.27200,-11.41200,53.53500,1.60200,7.77400,9.37600,1.69400,7.68200,7.68200,,7.68200,31.49800,1.60200,261.45800,263.56300,0.03000,0.03000,1.18820,0.33620,0.53940,29.26530,0.85030,0.85030,4.97650,4.07740,0.10370,0.93620,6.44760,13.95880,0.85360,0.85360,0.42270,0.56660,3.20460,-0.02440,-0.22980
2021-12-31,207.88400,105.49500,102.38900,13.66600,9.63500,-7.61100,97.31700,5.07200,-15.40000,-10.32800,0.43200,-10.76000,-10.76000,,-10.76000,44.51400,5.07200,250.04400,250.04400,-0.06000,-0.06000,1.22770,0.36380,0.60920,49.25300,2.43980,2.43980,-4.96820,-5.17600,0.11990,0.79670,6.41280,14.03440,-1.34460,-1.34460,-0.62040,-0.85540,3.11480,0.1453,-0.2683
2021-09-30,207.96900,165.30200,42.66700,15.39100,8.74300,-10.50600,34.64000,8.02700,-56.39500,-48.36800,6.40000,-54.76800,-54.76800,,-54.76800,42.01700,8.02700,254.74400,254.74400,-0.21000,-0.21000,1.26760,0.33560,0.54370,20.51600,3.85970,3.85970,-23.25730,-26.33470,0.12420,1.30020,9.05950,9.93440,-6.73040,-6.73040,-3.27160,-4.47170,3.16720,0.0836,-0.1906
2021-06-30,214.85800,132.59500,82.26300,12.44600,10.46700,-12.73800,67.62400,14.63900,32.84700,47.48600,15.34000,32.14600,32.14600,,32.14600,49.57700,14.63900,249.06600,252.13200,0.13000,0.13000,1.33480,0.30740,0.47700,38.28720,6.81330,6.81330,22.10110,14.96150,0.12580,0.97320,9.39600,9.57860,3.70170,3.70170,1.88210,2.56390,3.37840,0.2308,-0.0688
2021-03-31,202.11700,108.14700,93.97000,9.66600,11.55400,-13.71200,64.86900,29.10100,-14.25500,14.84600,12.78600,2.06000,2.06000,,2.06000,61.94300,29.10100,241.39700,244.52000,0.01000,0.01000,1.83630,0.35160,0.57200,46.49290,14.39810,14.39810,7.34530,1.01920,0.13340,0.81760,8.94090,10.06620,0.28590,0.28590,0.13590,0.18540,2.95930,-0.01780,-0.24210
2020-12-31,228.31700,118.63100,109.68600,11.58400,8.42900,-15.39300,70.53900,39.14700,-2.24000,36.90700,25.02700,11.88000,11.88000,,11.88000,77.54000,39.14700,240.80300,242.54900,0.06000,0.06000,1.15160,0.26760,0.39730,48.04110,17.14590,17.14590,16.16480,5.20330,0.16260,0.94090,9.72220,9.25710,1.71310,1.71310,0.84620,1.25460,2.84500,0.2792,0.125
2020-09-30,229.72800,112.77200,116.95600,12.81800,7.75700,-15.03100,67.82200,49.13400,-9.16500,39.96900,13.11300,26.85600,26.85600,,26.85600,84.31900,49.13400,240.98300,243.84900,0.11000,0.11000,1.16240,0.29500,0.45340,50.91060,21.38790,21.38790,17.39840,11.69040,0.16750,0.94520,10.21470,8.81090,4.04320,4.04320,1.95870,2.85070,2.72510,0.3258,0.2549
2020-06-30,154.24900,90.01500,64.23400,11.85500,8.61600,-18.67500,67.02200,-2.78800,4.42300,1.63500,2.84400,-1.20900,-1.20900,,-1.20900,27.99600,-2.78800,240.94500,240.94500,-0.01000,-0.01000,1.52580,0.32960,0.53320,41.64310,-1.80750,-1.80750,1.06000,-0.78380,0.11330,0.70400,7.01580,12.82820,-0.18490,-0.18490,-0.08880,-0.12400,2.68270,0.0414,-0.0464
2020-03-31,173.16700,118.91700,54.25000,6.38600,8.92000,-6.55500,58.02300,-3.77300,-12.06600,-15.83900,-3.93900,-11.90000,-11.90000,,-11.90000,35.23600,-3.77300,240.25500,240.25500,-0.05000,-0.05000,1.60460,0.32600,0.51940,31.32810,-2.17880,-2.17880,-9.14670,-6.87200,0.12840,0.88160,8.78040,10.25010,-1.80130,-1.80130,-0.88210,-1.21410,2.71220,-0.03330,-0.10690
2019-12-31,195.04000,146.63100,48.40900,7.20100,7.63400,-255.61600,318.56900,-270.16000,2.05600,-268.10400,2.85700,-270.96100,-270.96100,,-270.96100,-218.91800,-270.16000,218.81200,218.81200,-1.23000,-1.23000,1.10380,0.29020,0.44300,24.82000,-138.51510,-138.51510,-137.46100,-138.92580,0.14150,1.20110,10.44900,8.61330,-40.62360,-40.62360,-19.65430,-28.83320,2.76160,0.1871,0.0803
2019-09-30,199.46900,140.95200,58.51700,5.89300,9.63500,-4.85100,66.05700,-7.54000,-6.51900,-14.05900,0.21800,-14.27700,-14.27700,,-14.27700,41.21100,-7.54000,225.86000,225.86000,-0.06000,-0.06000,1.15220,0.22920,0.32090,29.33640,-3.78000,-3.78000,-7.04820,-7.15750,0.11810,1.05910,5.34840,16.82740,-1.53380,-1.53380,-0.84500,-1.18230,3.87020,0.1818,0.0602
2019-06-30,162.12300,131.94800,30.17500,5.71900,7.75000,-4.33400,61.00700,-30.83200,-11.47800,-42.31000,-5.54600,-36.76400,-36.76400,,-36.76400,15.37900,-30.83200,207.80900,207.80900,-0.18000,-0.18000,1.04590,0.29150,0.43710,18.61240,-19.01770,-19.01770,-26.09750,-22.67660,0.09670,1.00450,4.21150,21.36990,-4.34330,-4.34330,-2.19190,-3.07740,3.81520,0.1293,0.033
2019-03-31,154.87000,131.65000,23.22000,3.71400,9.47400,-4.43400,59.49800,-36.27800,2.72600,-33.55200,-8.65800,-24.89400,-24.89400,5.69300,-19.20100,8.54100,-36.27800,202.42200,202.42200,-0.09000,-0.09000,1.35910,0.34180,0.54880,14.99320,-23.42480,-23.42480,-21.66460,-12.39810,0.08940,0.97400,4.61880,19.48540,-2.99090,-2.99090,-1.43780,-1.96850,4.05800,-0.07830,-0.20960
2018-12-31,143.85500,116.50700,27.34800,4.12800,7.16200,-4.07700,52.42000,-25.07200,-10.69100,-35.76300,-36.23100,0.46800,0.46800,,0.46800,15.59300,-25.07200,188.60600,188.60600,0.00000,0.00000,1.84490,0.33730,0.53820,19.01080,-17.42870,-17.42870,-24.86050,0.32530,0.08400,0.82390,4.83640,18.60870,0.05490,0.05490,0.02730,0.03640,4.19320,-0.0012,-0.0838
2018-09-30,148.79500,116.85700,31.93800,8.15700,7.72900,-8.12100,55.19100,-23.25300,-26.00600,-49.25900,3.78500,-53.04400,-53.04400,0.00000,-53.04400,11.04800,-23.25300,185.24600,185.24600,-0.29000,-0.29000,1.95560,0.34620,0.55900,21.46440,-15.62760,-15.62760,-33.10530,-35.64910,0.09310,0.83420,4.88170,18.43610,-6.90870,-6.90870,-3.31860,-4.51720,4.10520,0.032,-0.1844
2018-06-30,169.98700,108.24600,61.74100,6.42900,7.65000,-3.62000,47.15800,14.58300,-7.93600,6.64700,3.71700,2.93000,2.93000,0.00000,2.93000,47.92800,14.58300,185.18300,187.48800,0.02000,0.02000,2.23050,0.32710,0.51260,36.32100,8.57890,8.57890,3.91030,1.72370,0.10390,0.78770,4.17050,21.57990,0.35790,0.35790,0.17910,0.24080,4.37670,-0.0069,-0.226
2018-03-31,163.26700,99.34000,63.92700,6.68300,8.80400,-4.22500,50.48900,13.43800,-0.79800,12.64000,11.94900,0.69100,0.69100,0.55000,1.24100,47.53300,13.43800,184.36700,187.62100,0.01000,0.01000,2.05480,0.32770,0.50840,39.15490,8.23070,8.23070,7.74190,0.76010,0.09820,0.72350,4.55240,19.76980,0.08490,0.08490,0.04160,0.05700,4.37390,0.06850,-0.15690
2017-12-31,214.58410,121.98200,92.60200,7.45500,9.12100,-5.98400,67.28200,25.32010,-6.01300,19.30700,4.95800,14.34900,14.34900,-6.72400,7.62500,73.06800,25.32000,180.09600,184.14400,0.04000,0.04000,1.96550,0.31830,0.50470,43.15420,11.79960,11.79960,8.99740,3.55340,0.12610,0.92420,11.25300,7.99780,1.76070,1.76070,0.84350,1.20020,4.39010,0.4962,0.3446
2017-09-30,159.92000,101.55900,58.36100,9.79100,7.34500,-5.03000,54.56600,3.79500,-1.23400,2.56100,14.28900,-11.72800,-11.72800,-4.92400,-16.65200,38.59700,3.79500,179.27800,179.27800,-0.09000,-0.09000,3.68220,0.26420,0.37790,36.49390,2.37310,2.37310,1.60140,-10.41270,0.11410,0.67200,2.40790,37.37710,-1.53400,-1.53400,-0.83650,-1.12870,4.21400,0.1641,0.0025
2017-06-30,149.54000,102.22900,47.31100,7.81300,7.02500,-4.08500,49.65700,-2.34600,-8.77600,-11.12200,-1.12700,-9.99500,-9.99500,-0.96000,-10.95500,30.70000,-2.34600,179.24100,179.24100,-0.06000,-0.06000,4.13030,0.25900,0.36630,31.63770,-1.56880,-1.56880,-7.43750,-7.32580,0.10720,0.71190,2.14680,41.92220,-1.28550,-1.28550,-0.71670,-0.95260,4.28520,0.1698,-0.122
2017-03-31,185.55400,114.49000,71.06400,5.25200,10.12500,-3.83700,57.90700,13.15700,16.02000,29.17700,10.87800,18.29900,18.29900,0.36400,18.66300,54.09000,13.15700,178.89800,183.06800,0.10000,0.10000,4.09640,0.21070,0.29030,38.29830,7.09070,7.09070,15.72430,10.05800,0.13870,0.81580,2.76680,32.52830,2.32630,2.32630,1.36790,1.83620,4.33420,0.30190,0.25510
2016-12-31,65.25600,27.94700,37.30900,5.26000,6.48600,-1.35200,36.39410,0.91490,-22.26800,-21.35300,19.87000,-41.22300,-41.22300,,-8.30600,25.15190,0.91490,159.85300,163.45900,-0.03000,-0.03000,3.52200,0.20890,0.28620,57.17330,1.40200,1.40210,-32.72190,-12.72830,0.04950,0.17730,1.22170,73.66910,-5.36420,-5.36420,-3.12550,-4.24340,4.24740,0.1644,-0.0814
2016-09-30,176.24700,105.40800,70.83900,3.70600,7.11300,-4.49100,43.07300,27.76600,-12.66400,15.10200,-54.45500,69.55700,69.55700,,69.55700,57.71200,27.76600,161.03900,165.82800,0.43000,0.42000,4.12970,0.38500,0.65480,40.19300,15.75400,15.75400,8.56870,39.46560,0.12860,0.65790,2.60480,34.55140,11.00010,11.00010,5.07370,6.76550,3.77360,0.2725,0.1572
2016-06-30,182.00700,100.46500,81.54200,2.23300,7.40000,-4.36400,51.50200,30.04000,-16.31100,13.72900,-0.76800,14.49700,14.49700,,14.49700,70.39400,30.04000,153.97200,157.90000,0.09000,0.09000,2.28600,0.45210,1.07030,44.80160,16.50490,16.50490,7.54310,7.96510,0.12890,0.62630,2.27700,39.52530,2.92180,2.92180,1.02680,1.60100,3.05570,0.2888,0.22
2016-03-31,148.38700,101.55500,46.83200,1.73100,8.27600,-8.65000,46.62100,0.21100,-18.50100,-18.29000,2.10600,-20.39600,-20.39600,,-20.39600,31.34400,0.21100,150.24900,150.24900,-0.14000,-0.14000,3.22560,0.55270,1.32950,31.56070,0.14220,0.14220,-12.32590,-13.74510,0.11200,0.67120,1.78930,50.29830,-5.03430,-5.03430,-1.53920,-2.25170,2.64380,0.04400,-0.10350
2015-12-31,79.63600,49.43100,30.20500,1.56400,8.65700,-248.86100,277.47400,-247.26900,3.01800,-244.25100,-20.62300,-223.62800,-223.62800,,-303.00000,-225.84900,-247.26900,129.63900,129.63900,-2.28000,-2.28000,3.18880,0.53500,1.23420,37.92880,-310.49910,-310.49910,-306.70930,-380.48130,0.05980,0.33170,0.92610,97.18320,-53.05830,-53.05830,-16.78270,-24.67430,2.78500,0.3558,0.1523
2015-09-30,162.55200,120.23700,42.31500,2.11200,6.69400,-4.93800,49.24100,-6.92600,-15.55300,-22.47900,-8.26000,-14.21900,-14.21900,,-14.21900,32.19900,-6.92600,135.24700,135.24700,-0.11000,-0.11000,3.40020,0.43090,0.82060,26.03170,-4.26080,-4.26080,-13.82880,-8.74740,0.09240,0.72080,1.73670,51.82290,-1.99040,-1.99040,-0.80850,-1.13260,5.21590,0.2715,0.098
2015-06-30,166.26300,119.09700,47.16600,3.57900,8.45100,-2.26700,53.27100,-6.10500,-10.83200,-16.93700,-0.26000,-16.67700,-16.67700,,-16.67700,36.39500,-6.10500,135.03600,135.03600,-0.12000,-0.12000,3.39260,0.43100,0.82780,28.36830,-3.67190,-3.67190,-10.18690,-10.03050,0.09310,0.67410,1.48240,60.71290,-2.29190,-2.29190,-0.93340,-1.30400,5.30660,0.2821,0.1493
2015-03-31,152.95600,115.06200,37.89400,4.26600,8.83400,-6.76300,52.95300,-15.05900,-18.16000,-33.21900,0.06800,-33.28700,-33.28700,,-33.28700,21.18100,-15.05900,102.58000,102.58000,-0.32000,-0.32000,2.43130,0.45860,1.04620,24.77440,-9.84530,-9.84530,-21.71800,-21.76250,0.10360,0.63210,1.29200,69.66120,-6.01320,-6.01320,-2.25550,-3.25530,5.35890,-0.03360,-0.20540
2014-12-31,140.60900,126.45200,14.15700,5.78300,9.03600,-1478.77000,1532.15900,-1518.00200,-1.62900,-1519.63100,-409.60300,-1110.02800,-1110.02800,,-1110.02800,-1476.11500,-1518.00200,102.44100,102.44100,-10.84000,-10.84000,3.36600,0.46340,0.97390,10.06840,-1079.59100,-1079.59100,-1080.74900,-789.44300,0.09790,0.77510,1.30290,69.07860,-200.24750,-200.24750,-77.26940,-107.45390,5.36180,0.0114,-0.1827
2014-09-30,170.93800,125.91000,45.02800,6.58700,8.51500,-4.24400,61.33100,-16.30300,3.18600,-13.11700,-16.58300,3.46600,3.46600,,3.46600,29.55000,-16.30300,102.47000,102.56100,0.03000,0.03000,4.06190,0.23090,0.33460,26.34170,-9.53740,-9.53740,-7.67350,2.02760,0.05860,0.70610,2.52870,35.59130,0.20850,0.20850,0.11890,0.16040,16.06980,0.3076,0.1442
2014-06-30,164.56200,118.68700,45.87500,5.15300,9.39800,-8.76000,64.73300,-18.85800,-21.64200,-40.50000,2.62100,-43.12100,-43.12100,,-43.12100,27.06500,-18.85800,102.44400,102.44400,-0.42000,-0.42000,4.02940,0.24140,0.35600,27.87700,-11.45950,-11.45950,-24.61080,-26.20350,0.05550,0.65000,2.39560,37.56860,-2.60290,-2.60290,-1.45310,-1.97470,16.00830,0.2977,0.1479
2014-03-31,159.63300,106.89600,52.73700,4.21700,13.89600,-6.98400,65.55600,-12.81900,-29.06100,-41.88000,-4.68900,-37.19100,-37.19100,,-37.19100,32.20000,-12.81900,102.36500,102.36500,-0.36000,-0.36000,4.64310,0.23400,0.33980,33.03640,-8.03030,-8.03030,-26.23520,-23.29780,0.05340,0.55250,2.10580,42.73890,-2.19070,-2.19070,-1.24510,-1.67810,16.38940,-0.09400,-0.21060
2013-12-31,168.84700,101.41300,67.43400,5.44000,13.85000,-776.31210,858.45110,-791.01710,18.51300,-772.50400,-190.97600,-581.52800,-581.52800,,-581.52800,-722.34410,-791.01710,97.86400,97.86400,-5.98000,-5.98000,3.67480,0.17660,0.24370,39.93790,-468.48150,-468.48150,-457.51720,-344.41120,0.05850,0.55560,2.08260,43.21460,-33.60330,-33.60330,-20.15010,-27.66760,16.82730,0.1417,-0.1665
2013-09-30,200.82500,131.80500,69.02000,3.30500,16.24000,-4.73200,84.37400,-15.35400,-32.96900,-48.32300,-2.05800,-46.26500,-46.26500,,-46.26500,48.91800,-15.35400,100.77800,100.77800,-0.46000,-0.46000,3.03230,0.14770,0.19640,34.36820,-7.64550,-7.64550,-24.06220,-23.03750,0.05520,0.80660,2.69860,33.35010,-2.01860,-2.01860,-1.27210,-1.72040,22.79430,0.2588,-0.0621
2013-06-30,204.52500,142.38600,62.13900,6.77400,15.02600,-33.86300,112.55700,-50.41800,39.05100,-11.36700,23.67300,-35.04000,-35.04000,,-35.04000,12.38300,-50.41800,99.83300,99.83300,-0.35000,-0.35000,3.37250,0.14320,0.18840,30.38210,-24.65130,-24.65130,-5.55780,-17.13240,0.05580,0.80370,3.16570,28.42990,-1.49010,-1.49010,-0.95560,-1.27680,23.15210,0.6203,0.3618
2013-03-31,171.79700,88.05900,83.73800,6.84100,10.22700,-5.31600,72.10800,11.63000,11.88500,23.51500,11.24500,12.27000,12.27000,,12.27000,66.25800,11.63000,89.94800,90.03600,0.14000,0.14000,4.10240,0.16300,0.22550,48.74240,6.76960,6.76960,13.68770,7.14220,0.05020,0.41650,2.51970,35.71880,0.55880,0.55880,0.35840,0.46770,24.46800,0.14370,0.00120
2012-12-31,205.92900,-61.24200,267.17100,6.44100,6.52100,-2.18700,231.18110,35.98990,15.59400,51.58400,14.03400,37.55000,37.55000,,37.55000,110.11190,35.99000,89.43700,89.60300,0.42000,0.42000,1.70480,0.06200,0.12120,129.73940,17.47690,17.47690,25.04940,18.23440,0.06390,-0.31620,3.29810,27.28820,1.70820,1.70820,1.16560,1.60220,24.33290,0.6839,0.4428
2012-09-30,230.59300,177.81100,52.78200,6.95700,10.26600,-1.57000,18.79300,33.98900,-32.33500,1.65400,17.47500,-15.82100,-15.82100,,-15.82100,86.83300,33.98900,89.42900,89.42900,-0.18000,-0.18000,1.66750,0.07320,0.13790,22.88970,14.73980,14.73980,0.71730,-6.86100,0.07250,0.95330,3.24950,27.69670,-0.73820,-0.73820,-0.49740,-0.68410,23.96190,0.8966,0.559
2012-06-30,254.40600,192.84700,61.55900,6.30500,8.59400,-5.08600,19.98500,41.57400,5.26100,46.83500,23.86200,22.97300,22.97300,,22.97300,102.59800,41.57400,89.63100,89.73300,0.26000,0.26000,1.74750,0.08650,0.16220,24.19720,16.34160,16.34160,18.40960,9.03010,0.07870,1.09760,3.61150,24.92030,1.06320,1.06320,0.71050,0.97130,24.03410,1.2617,0.9021
2012-03-31,204.56400,145.14600,59.41800,6.56700,7.59600,-1.06800,15.23100,44.18700,-24.77600,19.41100,15.43600,3.97500,3.97500,,3.97500,96.77900,44.18700,89.59100,89.82100,0.04000,0.04000,1.77240,0.10080,0.18010,29.04620,21.60060,21.60060,9.48900,1.94320,0.06340,0.80270,2.41280,37.30070,0.18560,0.18560,0.12320,0.16690,23.82600,0.18930,-0.16300
2011-12-31,246.91100,166.88400,80.02700,7.51700,9.08500,-1.49200,18.09400,61.93300,2.23000,64.16300,52.79900,11.36400,11.36400,,11.36400,120.09900,61.93300,89.38300,89.72500,0.13000,0.12000,1.84440,0.11790,0.17780,32.41130,25.08310,25.08310,25.98630,4.60250,0.07560,1.04280,2.95710,30.43500,0.53180,0.53180,0.34810,0.46910,23.83270,0.9748,0.5265
2011-09-30,343.57500,199.90500,143.67000,4.77200,8.23600,-3.27100,16.27900,127.39100,-68.72500,58.66600,27.60600,31.06000,31.06000,,31.06000,186.04300,127.39100,89.44900,89.73900,0.35000,0.35000,1.64300,0.12890,0.20220,41.81620,37.07810,37.07810,17.07520,9.04020,0.10500,1.44490,4.08270,22.04400,1.46170,1.46170,0.94950,1.27320,23.70220,2.0266,1.6022
2011-06-30,231.09000,134.74300,96.34700,4.07700,1.82700,-11.10400,17.00800,79.33900,-19.32600,60.01300,21.40200,38.61100,38.61100,,38.61100,136.98000,79.33900,89.31000,89.71200,0.43000,0.43000,1.49720,0.13220,0.20640,41.69240,34.33250,34.33250,25.96950,16.70820,0.07250,0.83090,3.09670,29.06300,1.84250,1.84250,1.21080,1.59890,23.40640,1.2377,0.9507
2011-03-31,199.62400,142.51500,57.10900,2.76200,12.23100,-3.57400,18.56700,38.54200,-13.13900,25.40300,12.93900,12.46400,12.46400,,12.46400,88.58300,38.54200,89.28800,89.65300,0.14000,0.14000,1.33200,0.13920,0.21610,28.60830,19.30730,19.30730,12.72540,6.24370,0.06360,1.03220,2.89840,31.05210,0.60580,0.60580,0.39720,0.52150,22.98160,0.39920,0.22160
2010-12-31,207.58600,132.95700,74.62900,4.72800,4.64500,-1.83600,11.20900,63.42000,-64.84300,-1.42300,3.65500,-5.07800,-5.07800,0.00000,-5.07800,109.53600,63.42000,87.18500,87.18500,-0.07000,-0.07000,0.98340,0.13570,0.21350,35.95090,30.55120,30.55120,-0.68550,-2.44620,0.06570,1.05270,3.52560,25.52770,-0.24880,-0.24880,-0.16080,-0.21510,22.84880,1.4937,1.155
2010-09-30,118.56400,98.20300,20.36100,3.84000,5.96300,-0.08200,9.88500,10.47600,-30.50200,-20.02600,3.23300,-23.25900,-23.25900,0.63100,-22.62800,48.38900,10.47600,89.23600,89.23600,-0.25000,-0.25000,0.93160,0.13050,0.20590,17.17300,8.83570,8.83570,-16.89050,-19.08510,0.03790,0.94770,1.53570,58.60660,-1.13690,-1.13690,-0.74430,-0.98850,22.90670,0.1429,-0.2607
2010-06-30,101.01800,88.57300,12.44500,3.16100,6.85900,-0.56500,10.58500,1.86000,-56.03300,-54.17300,-9.37200,-44.80100,-44.80100,-5.94300,-50.74400,32.87100,1.86000,88.50100,88.50100,-0.57000,-0.57000,1.01240,0.12940,0.19900,12.31960,1.84120,1.84120,-53.62710,-50.23260,0.03210,1.11080,1.40120,64.23070,-2.16640,-2.16640,-1.42300,-1.88600,23.15950,0.3753,-0.0944
2010-03-31,88.28900,79.52200,8.76700,2.52000,6.70900,-0.39400,9.62300,-0.85600,-16.18700,-17.04300,-6.99700,-10.04600,-10.04600,-2.81200,-12.85800,27.91700,-0.85600,81.75300,81.75300,-0.16000,-0.16000,1.20610,0.13330,0.19570,9.92990,-0.96950,-0.96950,-19.30370,-14.56350,0.02820,1.00130,1.18250,76.10890,-0.48470,-0.48470,-0.32060,-0.42010,24.08100,-0.11290,-0.69010
2009-12-31,97.11500,82.86400,14.25100,3.68500,4.33300,0.05800,7.96000,6.29100,-42.55100,-36.25800,-15.66500,-20.59300,-20.59300,-6.85700,-27.45000,34.34500,6.29100,71.56500,71.56500,-0.42000,-0.42000,0.98640,0.13560,0.18200,14.67440,6.47790,6.47790,-37.33510,-28.26550,0.03180,1.07120,1.64650,54.65980,-1.03070,-1.03070,-0.67430,-0.89090,24.87920,0.2229,-0.53
2009-09-30,90.30500,87.28400,3.02100,2.36200,4.78000,,7.14200,-4.12100,-45.99800,-50.11900,-13.42800,-36.69100,-36.69100,19.40800,-17.28300,24.53000,-4.12100,76.13300,76.13300,-0.23000,-0.23000,1.01390,0.13810,0.18180,3.34530,-4.56340,-4.56340,-55.49970,-19.13850,0.02950,1.23970,1.68330,53.46580,-1.85550,-1.85550,-1.19910,-1.59920,25.30600,0.3601,-0.221
2009-06-30,67.85700,68.07700,-0.22000,3.18200,5.40900,,8.59100,-8.81100,14.81500,6.00400,-3.89300,9.89700,9.89700,1.71200,11.60900,12.84900,-8.81100,70.04500,70.22700,0.17000,0.17000,0.93630,0.14560,0.18990,-0.32420,-12.98460,-12.98460,8.84800,17.10800,0.02220,1.15980,1.21770,73.90780,0.50730,0.50730,0.32420,0.43350,25.87150,0.2077,-0.2303
2009-03-31,45.08400,34.46200,10.62200,3.82700,7.54800,-1.52600,12.90100,-2.27900,6.58100,4.30000,-0.08500,4.38500,4.38500,1.67300,6.05800,7.00000,-2.27900,61.14500,61.16000,0.10000,0.10000,1.09810,0.18590,0.24240,23.56050,-5.05500,-5.05500,9.53780,13.43710,0.01490,0.69690,0.95290,94.44970,0.23560,0.23560,0.14460,0.19180,27.16830,0.04980,-1.22770
