Date,revenue,cost-goods-sold,gross-profit,research-development-expenses,selling-general-administrative-expenses,other-operating-income-expenses,operating-expenses,operating-income,total-non-operating-income-expense,pre-tax-income,total-provision-income-taxes,income-after-taxes,income-from-continuous-operations,net-income,ebitda,ebit,basic-shares-outstanding,shares-outstanding,eps-basic-net-earnings-per-share,eps-earnings-per-share-diluted,current-ratio,long-term-debt-capital,debt-equity-ratio,gross-margin,operating-margin,ebit-margin,pre-tax-profit-margin,net-profit-margin,asset-turnover,receiveable-turnover,days-sales-in-receivables,roe,return-on-tangible-equity,roa,roi,book-value-per-share,operating-cash-flow-per-share,free-cash-flow-per-share
2023-09-30,79.00500,43.15600,35.84900,12.43000,29.72200,-8.35900,56.50100,-20.65200,-3.31400,-23.96600,,-23.96600,-23.96600,-23.96600,-13.64500,-20.65200,37.98200,37.98200,-0.63000,-0.63000,1.14550,0.50200,1.14110,45.37560,-26.14010,-26.14010,-30.33480,-30.33480,0.12440,0.73020,123.24550,-10.63570,14.05610,-3.77470,-5.29670,5.84860,0.0416,-0.0283
2023-06-30,76.70100,46.18500,30.51600,14.84700,31.48100,-1.31100,54.83900,-24.32300,0.81500,-23.50800,,-23.50800,-23.50800,-23.50800,-15.74100,-24.32300,34.88000,34.88000,-0.67000,-0.67000,1.20120,0.48990,1.08750,39.78570,-31.71150,-31.71150,-30.64890,-30.64890,0.12110,0.75390,119.38630,-9.95630,14.40690,-3.71180,-5.07860,6.36630,0.1503,0.0676
2023-03-31,64.33100,39.80800,24.52300,11.56400,27.01800,32.86100,12.29600,12.22700,1.38100,13.60800,,13.60800,13.60800,13.60800,20.44400,12.22700,33.59500,36.72700,0.41000,0.40000,1.29100,0.52460,1.10370,38.12000,19.00640,19.00640,21.15310,21.15310,0.09400,0.65080,138.29260,5.85740,-7.98560,1.98770,2.78440,6.89970,-0.27400,-0.35030
2022-12-31,82.50300,49.09400,33.40900,14.80100,36.89000,12.63500,416.04410,-382.63510,4.35600,-378.27900,,-378.27900,-378.27900,-378.27900,-3.27810,-382.63510,33.41900,33.41900,-11.34000,-11.27000,1.00440,0.51650,1.06830,40.49430,-463.78330,-463.78320,-458.50340,-458.50340,0.11940,0.68710,130.99050,-178.76650,194.39690,-54.72500,-86.43370,6.32090,-0.3865,-0.4764
2022-09-30,72.70600,46.68800,26.01800,13.76200,38.26100,47.99300,14.49800,11.52000,-5.25300,6.26700,,6.26700,6.26700,6.26700,23.68100,11.52000,32.95000,33.26900,0.19000,0.19000,0.97730,0.27990,0.38880,35.78520,15.84460,15.84460,8.61960,8.61960,0.06820,0.71390,126.06760,1.07960,-3.14640,0.58770,0.77740,17.56830,-0.4425,-0.5436
2022-06-30,75.40500,48.44200,26.96300,13.58100,42.96700,0.77100,149.28200,-122.31900,-5.41700,-127.73600,-1.44600,-126.29000,-126.29000,-126.29000,-27.00300,-122.31900,33.63500,33.63500,-3.75000,-3.75000,0.89920,0.28540,0.39940,35.75760,-162.21600,-162.21600,-169.39990,-167.48230,0.06920,0.77610,115.96700,-22.38560,56.70780,-11.59150,-15.99680,17.15650,-0.2545,-0.3889
2022-03-31,67.92800,41.68600,26.24200,12.29100,38.07300,69.64900,-9.41400,35.65600,-2.61800,33.03800,,33.03800,33.03800,33.03800,47.44500,35.65600,33.74100,37.18500,0.98000,0.91000,1.29440,0.24020,0.31610,38.63210,52.49090,52.49090,48.63680,48.63680,0.05520,0.66440,135.46900,4.64230,-20.12570,2.68340,3.52740,21.06160,-0.52950,-0.60240
2021-12-31,90.04900,53.88600,36.16300,11.81100,36.08400,4.92100,52.57200,-16.40900,-3.29000,-19.69900,,-11.83500,-11.83500,-11.83500,-0.65400,-16.40900,32.20200,32.20200,-0.36000,-0.36000,1.09580,0.21070,0.26700,40.15920,-18.22230,-18.22230,-21.87590,-13.14290,0.07130,0.76850,117.11820,-1.71350,6.67260,-0.93650,-1.35240,20.59700,-0.0493,-0.1609
2021-09-30,64.98400,40.48000,24.50400,11.14100,36.80600,-7.97500,64.29700,-39.79300,-4.73600,-44.52900,,-44.52900,-44.52900,-44.52900,-25.00800,-39.79300,33.10100,33.10100,-1.35000,-1.35000,1.22250,0.20890,0.26400,37.70770,-61.23510,-61.23510,-68.52300,-68.52300,0.05310,0.71970,125.04910,-6.46640,27.65360,-3.63630,-5.11580,20.77030,-0.3128,-0.3985
2021-06-30,58.85300,35.70100,23.15200,8.93400,33.95100,-15.66200,67.38000,-44.22800,-3.07800,-47.30600,,-47.30600,-47.30600,-47.30600,-32.40800,-44.22800,32.97700,32.97700,-1.43000,-1.43000,1.28700,0.25660,0.57610,39.33870,-75.15000,-75.15000,-80.37990,-80.37990,0.04770,0.73930,121.74230,-6.62190,33.48310,-3.83710,-4.92260,21.63320,-0.4067,-0.4828
2021-03-31,53.23000,33.70900,19.52100,6.21800,25.37700,-7.03000,41.69000,-22.16900,-2.72600,-24.89500,,-24.89500,-24.89500,-24.89500,-14.60900,-22.16900,29.31300,29.31300,-0.85000,-0.85000,7.63360,0.19160,0.23700,36.67290,-41.64760,-41.64760,-46.76870,-46.76870,0.05200,0.65520,137.36710,-3.34210,-5.38000,-2.43340,-2.70180,23.44640,-0.42750,-0.54010
2020-12-31,67.08200,42.29500,24.78700,5.08800,23.79900,,30.90400,-6.11700,-0.66000,-6.77700,,-6.77700,-6.77700,-6.77700,0.49300,-6.11700,27.21300,27.21300,-0.24000,-0.24000,4.74430,0.52540,1.10700,36.95030,-9.11870,-9.11870,-10.10260,-10.10260,0.15880,0.77500,116.12580,-4.31130,-4.32360,-1.60390,-2.04620,5.64200,0.2041,0.0622
2020-09-30,46.07900,31.46900,14.61000,4.62700,24.18900,,30.74900,-16.13900,0.78300,-15.35600,,-15.35600,-15.35600,-15.35600,-11.41500,-16.13900,27.34300,27.34300,-0.56000,-0.56000,6.07580,0.53290,1.14090,31.70640,-35.02460,-35.02460,-33.32540,-33.32540,0.11830,0.78010,115.37360,-10.21300,-10.24180,-3.94330,-4.77060,5.48230,-0.2009,-0.304
2020-06-30,28.22200,20.31000,7.91200,3.96600,22.13900,,27.65000,-19.73800,-0.02000,-19.75800,,-19.75800,-19.75800,-19.75800,-16.34400,-19.73800,27.07200,27.07200,-0.73000,-0.73000,3.44800,,0.00020,28.03490,-69.93840,-69.93840,-70.00920,-70.00920,0.15420,0.67890,132.57640,-15.14430,-15.19170,-10.79440,-15.14430,4.78330,-0.155,-0.226
2020-03-31,45.50900,29.54400,15.96500,3.85100,21.71200,,27.89400,-11.92900,-1.60200,-13.53100,,-13.53100,-13.53100,-13.53100,-7.66900,-11.92900,26.72500,26.72500,-0.51000,-0.51000,2.91130,0.00010,0.00020,35.08100,-26.21240,-26.21240,-29.73260,-29.73260,0.22080,0.73720,122.08710,-9.77970,-9.80830,-6.56600,-9.77920,5.21180,-0.12740,-0.18040
2019-12-31,69.29300,42.19300,27.10000,2.95800,21.53200,,25.84400,1.25600,2.17100,3.42700,,3.42700,3.42700,3.42700,3.32900,1.25600,23.74600,23.74600,0.18000,0.18000,2.49650,0.00010,0.00030,39.10930,1.81260,1.81260,4.94570,4.94570,0.30890,0.81180,110.86840,2.39200,2.39860,1.52780,2.39180,5.39670,0.1702,-0.021
2019-09-30,56.41900,35.54000,20.87900,3.01800,23.29200,,27.47700,-6.59800,-1.14900,-7.74700,,-7.74700,-7.74700,-7.74700,-4.62000,-6.59800,23.56100,23.56100,-0.33000,-0.33000,2.63050,0.00010,0.00030,37.00700,-11.69470,-11.69470,-13.73120,-13.73120,0.29200,0.86370,104.20690,-6.08460,-6.10260,-4.00890,-6.08370,4.96110,0.4429,0.3982
2019-06-30,48.73000,30.99000,17.74000,2.78200,19.38700,,23.22200,-5.48200,-1.02800,-6.51000,,-6.51000,-6.51000,-6.51000,-3.67500,-5.48200,22.73100,22.73100,-0.29000,-0.29000,2.00790,0.44080,0.78870,36.40470,-11.24980,-11.24980,-13.35930,-13.35930,0.33940,0.72790,123.63780,-13.98860,-14.10040,-4.53480,-7.82270,2.03860,-0.0647,-0.2036
2019-03-31,35.98800,22.25000,13.73800,2.94100,16.33700,,20.23900,-6.50100,0.18700,-6.31400,,-6.31400,-6.31400,-6.31400,-4.86000,-6.50100,22.50300,22.50300,-0.28000,-0.28000,2.36700,0.49740,0.99020,38.17380,-18.06440,-18.06440,-17.54470,-17.54470,0.24570,0.64760,138.97880,-13.38360,-13.48860,-4.31090,-6.72650,2.09030,-0.06590,-0.15390
2018-12-31,47.81900,29.34500,18.47400,3.76600,24.70500,,29.28200,-10.80800,-0.75800,-11.56600,,-11.56600,-11.56600,-11.56600,-9.48800,-10.80800,19.06000,19.06000,-0.21000,-0.21000,2.39530,0.47320,0.89840,38.63320,-22.60190,-22.60190,-24.18700,-24.18700,0.31100,0.78980,113.94590,-22.25300,-22.41260,-7.52200,-11.72210,2.31350,-0.3147,-0.4998
2018-09-30,34.58200,20.98900,13.59300,4.09700,17.37700,,22.25100,-8.65800,0.29000,-8.36800,,-8.36800,-8.36800,-8.36800,-7.47700,-8.65800,20.97000,20.97000,-0.40000,-0.40000,3.04380,0.47740,0.91390,39.30660,-25.03610,-25.03610,-24.19760,-24.19760,0.25050,0.85700,105.01650,-16.33510,-16.45240,-6.06060,-8.53690,2.39260,-0.0521,-0.1451
2018-06-30,35.57000,22.30600,13.26400,4.88800,19.22600,,24.89800,-11.63400,-1.41900,-13.05300,,-13.05300,-13.05300,-13.05300,-9.58900,-11.63400,20.30000,20.30000,-0.64000,-0.64000,2.23530,0.56370,1.29240,37.28990,-32.70730,-32.70730,-36.69670,-36.69670,0.25360,0.81660,110.21900,-35.50290,-35.85990,-9.30720,-15.49100,1.80970,-0.6229,-0.6683
2018-03-31,32.71300,23.36300,9.35000,3.45900,14.79800,,19.16700,-9.81700,-10.23800,-20.05500,,-20.05500,-20.05500,-20.21200,-6.85500,-9.81700,13.09300,13.09300,-1.54000,-1.54000,1.68440,0.44780,1.44360,28.58190,-30.00950,-30.00950,-61.30590,-61.78580,0.20730,0.76690,117.35240,-49.44770,-49.88930,-12.70860,-27.30360,2.00520,-0.00690,-0.06740
2017-12-31,39.26600,24.28400,14.98200,2.63000,13.83900,,17.20600,-2.22400,-1.85700,-4.06700,0.00000,-4.06700,-4.05600,-4.05600,-1.02200,-2.22400,3.49800,3.49800,-1.26000,-1.26000,1.77100,-0.37550,-0.27320,38.17550,-5.66390,-5.66390,-10.35760,-10.32960,0.38970,0.76620,117.45890,1.94360,1.93870,-4.02550,2.67340,-60.68220,-1.6395,-1.6898
2017-09-30,31.40600,16.17500,15.23100,3.42100,13.57800,,17.77000,-2.53900,0.06500,-2.47400,,-2.47400,-2.47400,-2.82400,0.15900,-2.53900,3.54200,3.54200,-0.80000,-0.80000,,,,48.49710,-8.08440,-8.08440,-7.87750,-8.99190,,,,,,,,,-3.0998,-3.2695
2017-06-30,32.81200,21.57600,11.23600,3.09300,12.69300,,16.55300,-5.31700,4.66900,-0.64800,,-0.64800,-0.64800,-5.43700,-1.96700,-5.31700,3.22100,3.87500,-1.69000,-3.48000,,,,34.24360,-16.20440,-16.20440,-1.97490,-16.57020,,,,,,,,,0.6233,0.6433
2017-03-31,26.88100,18.23000,8.65100,3.01300,11.92100,,15.69900,-7.04800,-5.41500,-12.46300,,-12.46300,-12.46300,-12.70700,-3.82800,-7.04800,2.64500,2.64500,-4.80000,-4.80000,,,,32.18260,-26.21930,-26.21930,-46.36360,-47.27130,,,,,,,,,-2.20190,-2.34780
2016-12-31,,,,,,,,,,,,,,,,,,,,0.00000,,,,,,,,,,,,,,,,,0,0
2015-12-31,,,,,,,,,,,,,,,,,,,,0.00000,,,,,,,,,,,,,,,,,0,0
