Date,revenue,cost-goods-sold,gross-profit,selling-general-administrative-expenses,operating-expenses,operating-income,total-non-operating-income-expense,pre-tax-income,total-provision-income-taxes,income-after-taxes,income-from-continuous-operations,net-income,ebitda,ebit,basic-shares-outstanding,shares-outstanding,eps-basic-net-earnings-per-share,eps-earnings-per-share-diluted,current-ratio,long-term-debt-capital,debt-equity-ratio,gross-margin,operating-margin,ebit-margin,pre-tax-profit-margin,net-profit-margin,asset-turnover,inventory-turnover,receiveable-turnover,days-sales-in-receivables,roe,return-on-tangible-equity,roa,roi,book-value-per-share,operating-cash-flow-per-share,free-cash-flow-per-share
2023-09-30,0.36800,0.69200,-0.32400,5.12700,5.43500,-5.75900,-1.17300,-6.93200,0.00400,-6.93600,-6.93600,-8.20100,-5.35600,-5.75900,66.61100,66.61100,-0.12000,-0.12000,2.80370,0.55620,1.25740,-88.04350,-1564.94600,-1564.94600,-1883.69600,-2228.53300,0.00320,0.32520,0.89760,100.27170,-14.55520,-16.53750,-6.06000,-6.45920,0.71550,-0.083,-0.0921
2023-06-30,0.80900,0.76800,0.04100,5.32000,5.62500,-5.58400,-1.47800,-7.06200,0.00200,-7.06400,-7.06400,-8.35200,-5.17000,-5.58400,66.60600,66.60600,-0.13000,-0.13000,4.01920,0.52730,1.11790,5.06800,-690.23490,-690.23490,-872.92950,-1032.38600,0.00670,0.65920,0.91930,97.89860,-13.42150,-15.05540,-5.84490,-6.34410,0.79030,-0.0832,-0.0962
2023-03-31,0.13000,,0.13000,3.95300,,-4.15200,-6.53700,-10.68900,-0.00200,-10.68700,-10.68700,-11.95600,-3.60000,-4.15200,62.63800,62.63800,-0.19000,-0.19000,5.42590,0.48760,0.95360,100.00000,-3193.84600,-3193.84600,-8222.30900,-9196.92400,0.00100,,0.57780,155.76920,-17.57150,-19.39280,-8.37890,-9.00390,0.91410,-0.06500,-0.10020
2022-12-31,0.57500,0.90400,-0.32900,4.43100,4.61200,-4.94100,-2.12000,-7.06100,0.00600,-7.06700,-6.85600,-8.14000,-4.12300,-4.94100,49.87100,49.87100,-0.16000,-0.16000,2.20520,0.67070,2.04060,-57.21740,-859.30430,-859.30430,-1228.00000,-1415.65200,0.00520,2.86080,1.26650,71.06090,-20.03440,-24.04860,-6.18850,-6.59750,0.61310,-0.1096,-0.1294
2022-09-30,0.59900,1.16300,-0.56400,3.70000,3.88000,-4.44400,-2.09700,-6.54100,0.00200,-6.54300,-6.54500,-7.81000,-3.64100,-4.44400,50.79300,50.79300,-0.15000,-0.15000,3.56470,0.68240,2.15300,-94.15690,-741.90330,-741.90330,-1091.98700,-1303.84000,0.00580,3.47160,1.09710,82.03670,-20.49350,-23.27030,-6.28590,-6.50890,0.62880,-0.1146,-0.1281
2022-06-30,0.18500,,0.18500,3.40500,,-3.39200,-2.05500,-5.44700,0.00100,-5.44800,-5.48300,-6.77100,-2.62200,-3.39200,50.77000,50.77000,-0.13000,-0.13000,4.34770,0.63190,1.71790,100.00000,-1833.51300,-1833.51300,-2944.32400,-3660.00000,0.00160,,1.20130,74.91890,-13.96730,-15.46900,-4.80560,-5.14140,0.77330,-0.0762,-0.0987
2022-03-31,0.14200,,0.14200,3.80600,,-3.78500,-1.99100,-5.77600,-0.00200,-5.77400,-5.90800,-7.17700,-3.09000,-3.78500,44.43300,44.43300,-0.16000,-0.16000,5.24240,0.59260,1.45630,100.00000,-2665.49300,-2665.49300,-4067.60500,-5054.22500,0.00120,,1.14520,78.59160,-12.95500,-14.13630,-4.93410,-5.27790,0.89860,-0.07250,-0.08440
2021-12-31,0.14200,,0.14200,3.84300,,-3.81100,-1.98600,-5.79700,0.00500,-5.80200,-5.90400,-7.19200,-3.13700,-3.81100,40.56100,40.56100,-0.16000,-0.16000,5.25830,0.61670,1.61140,100.00000,-2683.80300,-2683.80300,-4082.39600,-5064.78900,0.00130,,0.52590,171.12680,-14.53900,-16.04520,-5.24830,-5.57290,0.93020,-0.1462,-0.2069
2021-09-30,0.14200,,0.14200,4.20200,,-4.16700,-3.39900,-7.56600,0.00200,-7.56800,-7.83900,-9.28800,-3.52100,-4.16700,41.85500,41.85500,-0.22000,-0.22000,4.46630,0.57730,1.36870,100.00000,-2934.50700,-2934.50700,-5328.16900,-6540.84500,0.00120,,1.71080,52.60560,-16.63700,-18.10140,-6.52670,-7.03200,1.10850,-0.077,-0.0649
2021-06-30,0.14100,,0.14100,6.37500,,-6.33700,-4.85800,-11.19500,0.00100,-11.19600,-11.56200,-11.56200,-4.31500,-6.33700,39.09900,39.09900,-0.30000,-0.30000,5.33400,1.05310,-19.84600,100.00000,-4494.32600,-4494.32600,-7939.71600,-8200.00000,0.00140,,2.13640,42.12770,228.22830,130.23200,-11.37510,-12.11800,-0.12470,-0.0788,-0.5813
2021-03-31,0.13900,,0.13900,3.23300,,-3.19700,-2.54200,-5.73900,0.00200,-5.74100,-5.94400,-5.94400,-2.62600,-3.19700,37.83400,37.83400,-0.16000,-0.16000,8.42270,1.15640,-7.39710,100.00000,-2300.00000,-2300.00000,-4128.77700,-4276.25900,0.00160,,7.72220,11.65470,45.53750,35.24460,-6.63770,-7.12300,-0.34040,-0.07460,-0.08820
2020-12-31,0.14000,,0.14000,2.31200,,-2.27200,-4.35000,-6.62200,0.00200,-6.62400,-8.01700,-8.01700,-1.93300,-2.27200,34.18800,34.18800,-0.18000,-0.18000,2.56330,1.35900,-3.78760,100.00000,-1622.85700,-1622.85700,-4729.99900,-5726.42900,0.00190,,2.54550,35.35710,31.68520,27.53660,-10.78090,-11.37520,-0.68560,-0.0989,-0.1208
2020-09-30,0.13900,,0.13900,2.52700,,-2.49400,-1.92000,-4.41400,0.00200,-4.41600,-4.49300,-4.49300,-2.15200,-2.49400,35.03600,35.03600,-0.13000,-0.13000,2.64900,1.32390,-4.08980,100.00000,-1794.24500,-1794.24500,-3175.54000,-3232.37400,0.00190,,1.44790,62.15830,19.95380,17.06480,-6.12340,-6.46330,-0.63600,-0.0922,-0.1024
2020-06-30,0.14800,,0.14800,3.09800,,-3.04600,-1.67300,-4.71900,0.00100,-4.72000,-4.79300,-4.79300,-2.71400,-3.04600,34.79800,34.79800,-0.14000,-0.14000,1.51190,1.36640,-3.72980,100.00000,-2058.10800,-2058.10800,-3188.51300,-3238.51400,0.00210,,1.07250,83.91890,19.82140,17.12210,-6.75720,-7.26320,-0.69490,-0.061,-0.0854
2020-03-31,0.11400,,0.11400,3.97700,,-3.94200,-15.94400,-19.88600,0.00200,-19.88800,-20.51400,-20.51400,-3.51200,-3.94200,31.11300,31.11300,-0.66000,-0.66000,2.46830,1.28630,-4.49420,100.00000,-3457.89500,-3457.89500,-17443.86000,-17994.74000,0.00150,,1.50000,60.00000,104.19520,87.29360,-27.69510,-29.82990,-0.56620,-0.14070,-0.25170
2019-12-31,0.11100,,0.11100,2.95800,,-2.91200,-4.12900,-7.04100,0.00200,-7.04300,-7.34800,-7.34800,-1.97200,-2.91200,26.54900,26.54900,-0.26000,-0.26000,3.35420,2.15410,-1.86690,100.00000,-2623.42300,-2623.42300,-6343.24200,-6619.81700,0.00140,,2.26530,39.72970,8.94810,8.55100,-9.57720,-10.32690,-2.88330,-0.1194,-0.1268
2019-09-30,0.11000,,0.11000,2.99800,,-2.95600,-4.30200,-7.25800,0.00100,-7.25900,-7.44400,-7.44400,-1.85700,-2.95600,26.97000,26.97000,-0.28000,-0.28000,6.10840,2.23530,-1.81000,100.00000,-2687.27300,-2687.27300,-6598.18200,-6767.27200,0.00150,,1.18280,76.09090,8.59160,8.22940,-10.12530,-10.61280,-3.20950,-0.1374,-0.1594
2019-06-30,0.11100,,0.11100,3.28500,,-3.24000,-4.23400,-7.47400,0.00200,-7.47600,-7.47600,-7.47600,-2.15200,-3.24000,26.47900,26.47900,-0.28000,-0.28000,5.80340,2.08880,-1.91910,100.00000,-2918.91900,-2918.91900,-6733.33300,-6735.13500,0.00140,,1.02780,87.56760,9.37220,8.94460,-9.64320,-10.20410,-2.96070,-0.1002,-0.1246
2019-03-31,0.10900,,0.10900,2.92400,,-2.88100,-4.37800,-7.25900,0.00100,-7.26000,-7.26000,-7.26000,-1.80600,-2.88100,25.32700,25.32700,-0.29000,-0.29000,5.43840,2.16290,-1.86070,100.00000,-2643.11900,-2643.11900,-6659.63300,-6660.55100,0.00150,,1.84750,48.71560,8.91690,8.51800,-9.82020,-10.36920,-3.13870,-0.15930,-0.16580
2018-12-31,0.11100,,0.11100,4.03800,,-3.99100,-4.03700,-8.02800,0.00200,-8.03000,-8.03000,-8.03000,-2.90600,-3.99100,23.99800,23.99800,-0.32000,-0.32000,3.13950,2.33880,-1.74760,100.00000,-3595.49600,-3595.49600,-7232.43300,-7234.23400,0.00160,,2.92110,30.81080,9.31120,8.91700,-11.58580,-12.46570,-3.49790,-0.1546,-0.175
2018-09-30,0.11200,,0.11200,2.53600,,-2.48800,-3.75200,-6.24000,0.00000,-6.24000,-6.24000,-6.24000,-1.40800,-2.48800,24.45100,24.45100,-0.26000,-0.26000,5.80840,2.18390,-1.84540,100.00000,-2221.42800,-2221.42800,-5571.42800,-5571.42800,0.00150,,1.05660,85.17860,7.80890,7.45320,-8.62780,-9.24460,-3.26790,-0.0847,-0.0974
2018-06-30,0.10900,,0.10900,2.30000,,-2.25500,-3.77400,-6.02900,0.00300,-6.03200,-6.03200,-6.03200,-1.19700,-2.25500,23.88300,23.88300,-0.25000,-0.25000,6.53370,2.05880,-1.94520,100.00000,-2068.80700,-2068.80700,-5531.19300,-5533.94500,0.00150,,1.02830,87.52290,8.15820,7.75810,-8.07400,-8.63810,-3.02710,-0.0982,-0.1152
2018-03-31,0.10800,,0.10800,2.52800,,-2.48600,-3.48400,-5.97000,0.00100,-5.97100,-5.97100,-5.97100,-1.42800,-2.48600,23.07500,23.07500,-0.26000,-0.26000,2.47530,2.44330,-1.69350,100.00000,-2301.85200,-2301.85200,-5527.77700,-5528.70400,0.00170,,2.84210,31.66670,7.20320,6.88640,-9.49750,-10.39660,-3.57040,-0.17060,-0.19240
2017-12-31,0.11000,,0.11000,4.05600,,-4.00800,-3.06600,-7.07400,0.00100,-7.07500,-7.07500,-7.07500,-2.93800,-4.00800,22.53500,22.53500,-0.31000,-0.31000,2.07750,2.34890,-1.75930,100.00000,-3643.63600,-3643.63700,-6430.90900,-6431.81700,0.00170,,3.05560,29.45460,8.99000,8.57450,-10.63830,-12.12620,-3.42360,-0.1264,-0.1417
2017-09-30,0.11100,,0.11100,2.45600,,-2.41400,-3.57700,-5.99100,0.00100,-5.99200,-5.99200,-5.99200,-1.35100,-2.41400,22.85700,22.85700,-0.26000,-0.26000,1.84130,2.32310,-1.77390,100.00000,-2174.77500,-2174.77500,-5397.29700,-5398.19800,0.00160,,1.98210,45.40540,7.85410,7.48030,-8.69810,-10.39180,-3.38620,-0.1212,-0.1434
2017-06-30,0.10800,,0.10800,2.14100,,-2.10500,-11.46400,-13.56900,0.00100,-13.57000,-13.57000,-13.57000,-0.94000,-2.10500,22.45100,22.45100,-0.60000,-0.60000,2.55130,2.17890,-1.86810,100.00000,-1949.07400,-1949.07400,-12563.89000,-12564.81000,0.00150,,2.16000,41.66670,19.20270,18.21970,-18.79060,-22.63740,-3.14310,-0.0976,-0.0995
2017-03-31,0.10800,,0.10800,4.15000,,-4.11300,-3.11300,-7.22600,0.00100,-7.22700,-7.22700,-7.22700,-3.30000,-4.11300,22.09700,22.09700,-0.33000,-0.33000,3.28080,2.01740,-2.00900,100.00000,-3808.33300,-3808.33300,-6690.74000,-6691.66700,0.00170,,1.28570,70.00000,12.53060,11.75350,-11.66040,-12.74810,-2.59730,-0.11920,-0.12450
2016-12-31,0.10900,,0.10900,2.35700,,-2.32100,-4.40200,-6.72300,0.00100,-6.72400,-6.72400,-6.72400,-1.54800,-2.32100,18.71900,18.71900,-0.33000,-0.33000,3.42000,1.90010,-2.11410,100.00000,-2129.35800,-2129.35800,-6167.89100,-6168.80900,0.00160,,2.79490,32.20180,12.37920,11.56720,-10.02100,-11.14280,-2.49520,-0.1675,-0.1675
2016-09-30,0.12000,,0.12000,1.97700,,-1.93000,-3.24400,-5.17400,0.00100,-5.17500,-5.17500,-5.17500,-1.15400,-1.93000,18.80900,18.80900,-0.28000,-0.28000,0.15730,8.25050,-1.74400,100.00000,-1608.33300,-1608.33300,-4311.66700,-4312.50000,0.00200,,1.81820,49.50000,7.36890,6.98940,-8.76930,-53.42760,-3.69330,-0.0722,-0.0722
2016-06-30,0.10800,,0.10800,2.64100,,-2.60600,-3.03800,-5.64400,0.00100,-5.64500,-5.64500,-5.64500,-1.90800,-2.60600,17.94900,17.94900,-0.31000,-0.31000,3.99940,2.22570,-1.81840,100.00000,-2412.96300,-2412.96300,-5225.92600,-5226.85200,0.00190,,1.86210,48.33330,8.46230,8.00470,-9.71230,-10.37190,-3.57170,-0.1859,-0.1859
2016-03-31,0.07500,,0.07500,2.35500,,-2.35300,-6.44100,-8.79400,0.00100,-8.79500,-8.79500,-8.79500,-0.33100,-2.35300,17.89700,17.89700,-0.49000,-0.49000,0.92190,2.36340,-1.73420,100.00000,-3137.33300,-3137.33300,-11725.33000,-11726.67000,0.00140,,1.97370,45.60000,13.53790,12.78730,-16.13610,-18.45750,-3.62250,-0.08270,-0.08270
2015-12-31,0.02100,0.04300,-0.02200,3.79500,3.86700,-3.88900,-3.32600,-7.21500,0.00100,-7.21600,-7.21600,-7.21600,-2.66300,-3.88900,17.78200,17.78200,-0.41000,-0.41000,1.57490,2.10580,-1.90520,-104.76190,-18519.05000,-18519.05000,-34357.15000,-34361.92000,0.00040,,0.11230,801.42880,12.77210,11.96470,-13.17030,-14.12300,-3.16060,-0.1775,-0.2087
2015-09-30,0.22700,0.29100,-0.06400,3.51500,3.58700,-3.65100,-2.31300,-5.96400,0.00100,-5.96500,-5.96500,-5.96500,-3.34900,-3.65100,17.82200,17.82200,-0.33000,-0.33000,0.18260,3.93880,-2.01660,-28.19380,-1608.37000,-1608.37000,-2627.31300,-2627.75300,0.00380,,0.80210,112.20260,10.92390,10.21090,-10.02080,-32.10270,-3.05700,-0.2276,-0.2337
2015-06-30,0.03800,,0.03800,3.72400,,-3.75100,-2.23800,-5.98900,0.00100,-5.99000,-5.99000,-5.99000,-3.45900,-3.75100,17.72500,17.72500,-0.34000,-0.34000,0.29470,3.17830,-2.18660,100.00000,-9871.05300,-9871.05300,-15760.53000,-15763.16000,0.00060,,0.40000,225.00000,12.04090,11.18370,-9.46530,-26.22820,-2.80410,-0.1528,-0.1654
2015-03-31,0.01800,,0.01800,2.67500,,-2.71800,-2.12300,-4.84100,0.00100,-4.84200,-4.84200,-4.84200,-2.43500,-2.71800,17.70700,17.70700,-0.27000,-0.27000,0.38620,2.63570,-2.41470,100.00000,-15100.00000,-15100.00000,-26894.45000,-26900.00000,0.00030,,0.26090,345.00000,10.97560,10.10240,-7.33280,-17.95330,-2.48980,-0.14890,-0.14990
2014-12-31,0.01600,0.07500,-0.05900,2.76000,2.82400,-2.88300,-2.22200,-5.10500,0.00100,-5.10600,-5.10600,-5.10600,-2.59700,-2.88300,16.37000,16.37000,-0.30000,-0.30000,8.87000,1.61470,-2.62710,-368.75030,-18018.76000,-18018.76000,-31906.28000,-31912.53000,0.00020,,0.06690,1344.37600,12.84920,11.72420,-7.48550,-7.89840,-2.24750,-0.0938,-0.0967
2014-09-30,0.30500,0.28200,0.02300,2.33500,2.39800,-2.37500,-2.19000,-4.56500,0.00100,-4.56600,-4.56600,-4.56600,-2.09200,-2.37500,16.18600,16.18600,-0.28000,-0.28000,2.98190,1.94170,-2.06220,7.54100,-778.68850,-778.68850,-1496.72100,-1497.04900,0.00540,4.14710,0.57550,156.39340,9.18200,8.52800,-8.15750,-8.64630,-3.06910,-0.119,-0.1197
2014-06-30,0.01100,,0.01100,2.40100,,-2.45300,-2.06100,-4.51400,0.00100,-4.51500,-4.51500,-4.51500,-2.18000,-2.45300,16.17200,16.17200,-0.28000,-0.28000,4.33640,1.83350,-2.20000,100.00000,-22300.00000,-22300.00000,-41036.36000,-41045.45000,0.00020,,0.04530,1988.18200,9.89130,9.12880,-7.80370,-8.24460,-2.82250,-0.1312,-0.132
2014-03-31,0.00400,,0.00400,2.58800,,-2.64800,-2.04500,-4.69300,0.00100,-4.69400,-4.69400,-4.69400,-2.37700,-2.64800,16.16600,16.16600,-0.29000,-0.29000,6.55150,1.71910,-2.39090,100.00000,-66199.99000,-66199.99000,-117325.00000,-117350.00000,0.00010,,0.01330,6772.50000,11.40370,10.43690,-7.79770,-8.20030,-2.54530,-0.27430,-0.27430
2013-12-31,0.11100,0.26300,-0.15200,3.83500,3.89800,-4.05000,-1.92900,-5.97900,0.00100,-5.98000,-5.98000,-5.98000,-3.83000,-4.05000,15.57000,15.57000,-0.38000,-0.38000,4.85210,1.60910,-2.64200,-136.93690,-3648.64800,-3648.64800,-5386.48600,-5387.38800,0.00170,,0.38140,235.94600,16.38450,14.83470,-9.31840,-9.98010,-2.25950,-0.1956,-0.1955
2013-09-30,0.18200,0.29200,-0.11000,2.93400,2.99700,-3.10700,-1.68900,-4.79600,0.00100,-4.79700,-4.79700,-4.79700,-2.98800,-3.10700,15.45300,15.45300,-0.31000,-0.31000,2.81390,1.60960,-2.64080,-60.43960,-1707.14300,-1707.14300,-2635.16500,-2635.71400,0.00310,1.34560,0.51120,176.04400,14.54390,13.03670,-8.27380,-8.86580,-2.13440,-0.1343,-0.1343
2013-06-30,0.00400,,0.00400,2.81100,,-2.87100,-1.58900,-4.46000,0.00100,-4.46100,-4.46100,-4.46100,-2.75600,-2.87100,15.45300,15.45300,-0.29000,-0.29000,6.57430,1.49290,-3.02920,100.00000,-71775.00000,-71775.00000,-111500.00000,-111525.00000,0.00010,,0.04490,2002.50000,15.81020,13.92800,-7.41670,-7.79300,-1.82590,-0.2477,-0.2477
2013-03-31,0.00400,,0.00400,3.88400,,-3.94400,-3.49200,-7.43600,0.00300,-7.43900,-7.43900,-7.43900,-2.56900,-3.94400,15.44800,15.44800,-0.48000,-0.48000,5.20630,1.39510,-3.53120,100.00000,-98599.99000,-98599.99000,-185900.00000,-185975.00000,0.00010,,0.09090,990.00000,31.29580,26.96950,-11.60240,-12.36640,-1.53820,-0.43510,-0.44590
2012-12-31,0.03800,0.22600,-0.18800,3.87600,3.94100,-4.12900,-1.99600,-6.12500,-0.31900,-5.80600,-5.80600,-5.80600,-3.02900,-4.12900,15.43800,15.43800,-0.37000,-0.37000,0.99410,1.36070,-3.77270,-494.73700,-10865.79000,-10865.79000,-16118.43000,-15278.95000,0.00080,,0.14620,615.78960,34.62550,28.21050,-11.49290,-12.49090,-1.08610,-0.2093,-0.3244
2012-09-30,0.28700,0.29300,-0.00600,2.96500,3.06200,-3.06800,-1.66500,-4.73300,0.00300,-4.73600,-4.73600,-4.73600,-2.20000,-3.06800,15.43900,15.43900,-0.31000,-0.31000,0.59770,1.25540,-4.91670,-2.09060,-1068.99000,-1068.99000,-1649.12900,-1650.17400,0.00560,0.92720,0.77150,116.65510,40.96530,30.80530,-9.19740,-10.46170,-0.74880,-0.1363,-0.1746
2012-06-30,0.00600,0.00200,0.00400,2.89500,2.99000,-2.98600,-1.59600,-4.58200,0.00200,-4.58400,-4.58400,-4.58400,-2.16700,-2.98600,15.43600,15.43600,-0.30000,-0.30000,1.29250,1.14280,-8.00260,66.66670,-49766.67000,-49766.67000,-76366.66000,-76400.00000,0.00010,,0.03610,2490.00000,66.52130,42.82510,-8.53390,-9.49950,-0.44630,-0.1324,-0.1713
2012-03-31,0.03100,,0.03100,2.82300,,-2.88500,-1.56000,-4.44500,0.00300,-4.44800,-4.44800,-4.44800,-2.09100,-2.88500,15.43600,15.43600,-0.29000,-0.29000,3.39970,1.04630,-22.58520,100.00000,-9306.45100,-9306.45100,-14338.71000,-14348.39000,0.00060,,0.22630,397.74190,187.52040,71.91590,-8.02410,-8.68750,-0.15360,-0.26040,-0.27710
2011-12-31,0.40100,0.72500,-0.32400,2.79700,2.88900,-3.21300,-1.53600,-4.74900,0.00200,-4.75100,-4.75100,-4.75100,-2.44200,-3.21300,14.08200,14.08200,-0.33000,-0.33000,4.95820,0.96420,26.96170,-80.79800,-801.24680,-801.24690,-1184.28900,-1184.78800,0.00690,,2.88490,31.19700,-246.16680,252.31020,-8.19170,-8.80430,0.12510,-0.1562,-0.2311
2011-09-30,0.12100,0.26600,-0.14500,2.46700,2.55900,-2.70400,-1.39900,-4.10300,0.00200,-4.10500,-4.10500,-4.10500,-2.00400,-2.70400,14.16100,14.16100,-0.29000,-0.29000,2.42260,1.10330,-10.68410,-119.83470,-2234.71100,-2234.71100,-3390.90900,-3392.56200,0.00250,,0.84030,107.10740,86.80480,48.05670,-8.32300,-8.96520,-0.33320,-0.1758,-0.2438
2011-06-30,0.04000,0.01800,0.02200,2.21800,2.31000,-2.28800,-1.43900,-3.72700,0.00100,-3.72800,-3.72800,-3.72800,-1.61300,-2.28800,13.95700,13.95700,-0.27000,-0.27000,1.93580,1.11110,-10.00450,55.00000,-5720.00000,-5720.00000,-9317.50000,-9320.00000,0.00080,,1.66670,54.00000,75.97290,42.75230,-7.78160,-8.43950,-0.35480,-0.0578,-0.1285
2011-03-31,0.45700,0.43200,0.02500,2.96500,3.05400,-3.02900,-1.22200,-4.25100,0.00200,-4.25300,-4.25300,-4.25300,-2.36600,-3.02900,13.80800,13.80800,-0.31000,-0.31000,2.38660,1.04770,-21.98030,5.47050,-662.80090,-662.80090,-930.19700,-930.63460,0.00980,,2.52490,35.64550,204.37350,72.15810,-9.09950,-9.74480,-0.15050,-0.14380,-0.22420
2010-12-31,0.74200,0.67100,0.07100,2.68600,2.76700,-2.69600,-1.67000,-4.36600,0.00300,-4.36900,-4.36900,-4.36900,-1.81800,-2.69600,13.67200,13.67200,-0.32000,-0.32000,3.42860,0.97910,46.95450,9.56870,-363.34230,-363.34220,-588.40980,-588.81410,0.01520,,2.67870,33.59840,-461.83220,152.38920,-8.92800,-9.63420,0.06920,-0.1197,-0.152
2010-09-30,0.27400,0.25600,0.01800,2.02300,2.10400,-2.08600,-1.09200,-3.17800,0.00100,-3.17900,-3.17900,-3.17900,-1.60100,-2.08600,13.67800,13.67800,-0.23000,-0.23000,3.36510,0.93310,13.95130,6.56930,-761.31400,-761.31400,-1159.85400,-1160.21900,0.00610,1.08940,0.96820,92.95620,-111.38740,331.49110,-7.06100,-7.45280,0.20870,-0.0947,-0.1189
2010-06-30,0.00400,,0.00400,2.01500,,-2.09400,-1.04900,-3.14300,0.00100,-3.14400,-3.14400,-3.14400,-1.63200,-2.09400,13.67800,13.67800,-0.23000,-0.23000,7.05500,0.87450,6.97350,100.00000,-52350.00000,-52350.00000,-78574.99000,-78600.00000,0.00010,,0.08890,1012.50000,-56.59770,-180.48260,-6.79530,-7.10080,0.40610,-0.1084,-0.1128
2010-03-31,0.00300,,0.00300,4.07700,,-4.17300,-1.03300,-5.20600,0.00100,-5.20700,-5.20700,-5.20700,-3.69400,-4.17300,13.65500,13.65500,-0.38000,-0.38000,8.62230,0.82240,4.63410,100.00000,-139100.00000,-139100.00000,-173533.30000,-173566.70000,0.00010,,0.03060,2940.00000,-63.99960,-120.44880,-10.87720,-11.36380,0.59480,-0.17170,-0.19740
2009-12-31,0.62200,0.75400,-0.13200,2.25100,2.33700,-2.46900,-1.01400,-3.48300,0.00100,-3.48400,-3.48400,-3.48400,-2.02400,-2.46900,12.72200,12.72200,-0.26000,-0.26000,6.98440,0.76550,3.26580,-21.22190,-396.94530,-396.94530,-559.96800,-560.12860,0.01240,,3.55430,25.32150,-31.01580,-46.95420,-6.92380,-7.27380,0.83200,-0.1022,-0.1058
2009-09-30,0.13800,0.24700,-0.10900,1.96300,2.04800,-2.15700,-0.97600,-3.13300,0.00100,-3.13400,-3.13400,-3.13400,-1.74500,-2.15700,12.64900,12.64900,-0.25000,-0.25000,2.05890,0.86760,6.55700,-78.98550,-1563.04400,-1563.04400,-2270.29000,-2271.01500,0.00330,0.92860,0.62440,144.13040,-57.58890,-192.38820,-7.42830,-7.62470,0.42990,-0.0961,-0.0966
2009-06-30,0.01900,,0.01900,3.17900,,-3.24500,-1.14000,-4.38500,0.00100,-4.38600,-4.38600,-4.38600,-2.53800,-3.24500,12.60000,12.60000,-0.35000,-0.35000,2.79170,0.81960,4.54730,100.00000,-17078.95000,-17078.95000,-23078.95000,-23084.21000,0.00040,,0.27140,331.57900,-57.44590,-114.75670,-10.06360,-10.36150,0.60600,-0.1394,-0.1401
2009-03-31,0.02900,0.10100,-0.07200,2.05200,2.13800,-2.21000,-1.18400,-3.39400,0.00100,-3.39500,-3.39500,-3.39500,-1.43900,-2.21000,12.51000,12.51000,-0.27000,-0.27000,6.11720,0.78890,3.74010,-248.27590,-7620.69000,-7620.69000,-11703.45000,-11706.90000,0.00060,,0.74360,121.03450,-36.06330,-60.61420,-7.47090,-7.61240,0.75250,-0.16360,-0.16820
