Date,revenue,cost-goods-sold,gross-profit,selling-general-administrative-expenses,other-operating-income-expenses,operating-expenses,operating-income,total-non-operating-income-expense,pre-tax-income,total-provision-income-taxes,income-after-taxes,income-from-continuous-operations,net-income,ebitda,ebit,basic-shares-outstanding,shares-outstanding,eps-basic-net-earnings-per-share,eps-earnings-per-share-diluted,current-ratio,long-term-debt-capital,debt-equity-ratio,gross-margin,operating-margin,ebit-margin,pre-tax-profit-margin,net-profit-margin,asset-turnover,inventory-turnover,receiveable-turnover,days-sales-in-receivables,roe,return-on-tangible-equity,roa,roi,book-value-per-share,operating-cash-flow-per-share,free-cash-flow-per-share
2024-03-31,6161.00000,3417.00000,2744.00000,1625.00000,,1931.00000,813.00000,235.00000,1048.00000,165.00000,883.00000,883.00000,883.00000,1507.00000,813.00000,317.00000,318.00000,2.79000,2.78000,1.42860,0.50000,1.14110,44.53820,13.19590,13.19590,17.01020,14.33210,0.11840,2.46710,2.64760,33.99290,7.63840,7.93000,1.69760,3.81920,36.69840,-2.27360,-4.57230
2023-12-31,5796.00000,4018.00000,1778.00000,1557.00000,1.00000,1845.00000,-67.00000,210.00000,143.00000,181.00000,-38.00000,-39.00000,-37.00000,607.00000,-67.00000,323.00000,324.00000,-0.11000,-0.10000,1.31330,0.48680,1.10490,30.67630,-1.15600,-1.15600,2.46720,-0.63840,0.11420,2.67870,2.03300,44.27020,-0.34560,-0.35910,-0.07680,-0.17730,35.60250,-9.8007,-11.9048
2023-09-30,6111.00000,3367.00000,2744.00000,1501.00000,,1767.00000,977.00000,-82.00000,895.00000,205.00000,690.00000,690.00000,731.00000,1598.00000,977.00000,322.00000,323.00000,2.27000,2.26000,1.88140,0.47180,0.94690,44.90260,15.98760,15.98760,14.64570,11.96200,0.12480,2.36780,2.69920,33.34320,5.75000,5.75000,1.40920,3.03700,37.61760,-3.0958,-4.3561
2023-06-30,5446.00000,2887.00000,2559.00000,1616.00000,,1890.00000,669.00000,502.00000,1171.00000,342.00000,829.00000,824.00000,833.00000,1283.00000,669.00000,324.00000,325.00000,2.57000,2.56000,1.44980,0.34650,0.62010,46.98860,12.28430,12.28430,21.50200,15.29560,0.11700,2.08150,2.79000,32.25850,7.09610,7.09610,1.76980,4.63760,36.06210,-0.617,-2.7149
2023-03-31,7565.00000,5729.00000,1836.00000,1564.00000,26.00000,1805.00000,31.00000,207.00000,238.00000,131.00000,107.00000,102.00000,96.00000,636.00000,31.00000,328.00000,328.00000,0.29000,0.29000,1.36340,0.34200,0.59800,24.26970,0.40980,0.40980,3.14610,1.26900,0.16390,4.26260,2.81330,31.99080,0.92010,0.92010,0.22100,0.60540,34.21610,-2.84760,-4.78660
2022-12-31,7333.00000,5709.00000,1624.00000,1511.00000,-12.00000,1795.00000,-171.00000,318.00000,147.00000,116.00000,31.00000,28.00000,33.00000,446.00000,-171.00000,328.00000,329.00000,0.10000,0.10000,1.19400,0.39730,0.77370,22.14650,-2.33190,-2.33190,2.00460,0.45000,0.15630,3.79340,2.21140,40.69820,0.24620,0.24720,0.05970,0.14840,34.77680,-7.3624,-9.1399
2022-09-30,6051.00000,4695.00000,1356.00000,1134.00000,-1.00000,1397.00000,-41.00000,-271.00000,-312.00000,-123.00000,-189.00000,-193.00000,-188.00000,562.00000,-41.00000,327.00000,328.00000,-0.57000,-0.57000,1.24930,0.28630,0.47940,22.40950,-0.67760,-0.67760,-5.15620,-3.10690,0.12980,3.20700,2.52340,35.66680,-1.72800,-1.72800,-0.41400,-1.23330,34.15600,-3.6402,-4.5183
2022-06-30,5465.00000,3508.00000,1957.00000,1406.00000,-2.00000,1685.00000,272.00000,-710.00000,-438.00000,-328.00000,-110.00000,-113.00000,-111.00000,877.00000,272.00000,327.00000,328.00000,-0.34000,-0.34000,1.37630,0.28350,0.42940,35.80970,4.97710,4.97710,-8.01460,-2.03110,0.12060,2.53650,2.57900,34.89660,-0.99220,-0.99220,-0.24930,-0.71090,34.82880,-0.2317,-1.3872
2022-03-31,5591.00000,3550.00000,2041.00000,1342.00000,16.00000,1606.00000,435.00000,-374.00000,61.00000,-53.00000,114.00000,111.00000,106.00000,1037.00000,435.00000,327.00000,328.00000,0.32000,0.32000,1.36260,0.28330,0.50580,36.50510,7.78040,7.78040,1.09100,1.89590,0.11930,2.93150,2.46300,36.54090,0.96480,0.96480,0.23690,0.69150,35.18350,4.08230,2.91770
2021-12-31,5531.00000,4060.00000,1471.00000,1327.00000,57.00000,1473.00000,-2.00000,163.00000,161.00000,117.00000,44.00000,40.00000,42.00000,587.00000,-2.00000,,,,0.00000,0.99810,0.29650,0.70570,26.59560,-0.03620,-0.03620,2.91090,0.75940,0.11500,3.15220,2.28460,39.39430,0.34440,0.34440,0.08320,0.24230,,0,0
2021-09-30,4406.00000,1546.00000,2860.00000,1053.00000,65.00000,1854.00000,1006.00000,-192.00000,814.00000,177.00000,637.00000,633.00000,607.00000,2271.00000,1006.00000,,,,0.00000,,,,64.91150,22.83250,22.83250,18.47480,13.77670,,,,,,,,,,0,0
2021-06-30,4153.00000,1947.00000,2206.00000,1592.00000,8.00000,2514.00000,-308.00000,432.00000,124.00000,110.00000,14.00000,13.00000,-61.00000,1032.00000,-308.00000,,,,0.00000,,,,53.11820,-7.41630,-7.41630,2.98580,-1.46880,,,,,,,,,,0,0
2021-03-31,5559.00000,4610.00000,949.00000,1122.00000,71.00000,1991.00000,-1042.00000,95.00000,-947.00000,-179.00000,-768.00000,-769.00000,-793.00000,304.00000,-1042.00000,,,,0.00000,,,,17.07140,-18.74440,-18.74440,-17.03540,-14.26520,,,,,,,,,,0.00000,
2020-12-31,,,,,,,,,,,,,,,,,,,0.00000,,,,,,,,,,,,,,,,,,0,0
2019-12-31,,,,,,,,,,,,,,,,,,,0.00000,,,,,,,,,,,,,,,,,,0,0
