Date,revenue,cost-goods-sold,gross-profit,research-development-expenses,selling-general-administrative-expenses,operating-expenses,operating-income,total-non-operating-income-expense,pre-tax-income,total-provision-income-taxes,income-after-taxes,income-from-continuous-operations,net-income,ebitda,ebit,basic-shares-outstanding,shares-outstanding,eps-basic-net-earnings-per-share,eps-earnings-per-share-diluted,current-ratio,long-term-debt-capital,debt-equity-ratio,gross-margin,operating-margin,ebit-margin,pre-tax-profit-margin,net-profit-margin,asset-turnover,receiveable-turnover,days-sales-in-receivables,roe,return-on-tangible-equity,roa,roi,book-value-per-share,operating-cash-flow-per-share,free-cash-flow-per-share
2023-09-30,85.57600,35.87600,49.70000,8.98000,34.99800,102.48400,-52.78400,-0.82500,-53.60900,-4.64400,-48.96500,-48.96500,-48.96500,8.76100,-52.78400,159.16500,159.16500,-0.31000,-0.31000,3.50740,0.21540,0.27730,58.07700,-61.68090,-61.68090,-62.64490,-57.21820,0.05600,1.11790,80.51050,-4.65560,57.93300,-3.20700,-3.65300,6.57970,0.1982,0.1726
2023-06-30,90.45000,36.22400,54.22600,7.88800,22.35600,41.18700,13.03900,-4.65800,8.38100,3.67500,4.70600,4.70600,4.70600,26.95500,13.03900,158.95600,159.90700,0.03000,0.03000,3.43110,0.20850,0.26630,59.95140,14.41570,14.41570,9.26590,5.20290,0.05750,1.07740,83.53430,0.42890,-4.77840,0.29930,0.33950,6.86690,0.1129,0.0867
2023-03-31,90.30100,34.85600,55.44500,9.28700,27.77400,48.00700,7.43800,-4.96900,2.46900,1.11100,1.35800,1.35800,1.35800,21.34500,7.43800,158.17700,159.72700,0.01000,0.01000,3.71210,0.21060,0.26960,61.40020,8.23690,8.23690,2.73420,1.50390,0.05760,1.09580,82.12930,0.12520,-1.23070,0.08670,0.09880,6.78840,0.06230,0.04560
2022-12-31,86.63300,31.78200,54.85100,6.59800,26.12900,43.47100,11.38000,-7.65500,3.72500,-5.44900,9.17400,9.17400,9.17400,24.90600,11.38000,156.87700,159.35400,0.05000,0.06000,3.31770,0.21170,0.27140,63.31420,13.13590,13.13590,4.29970,10.58950,0.05510,1.04900,85.79360,0.84970,-7.34720,0.58320,0.66980,6.76790,0.2232,0.2032
2022-09-30,84.70000,32.81200,51.88800,6.31800,23.70300,41.02900,10.85900,-2.36600,8.49300,4.55700,3.93600,3.93600,3.93600,24.50700,10.85900,157.14000,159.58800,0.03000,0.02000,3.98660,0.21600,0.27830,61.26090,12.82050,12.82050,10.02720,4.64700,0.05610,1.13230,79.48690,0.37330,-3.17270,0.26090,0.29270,6.59900,0.1462,0.1262
2022-06-30,82.76000,35.19400,47.56600,7.74100,24.89900,43.41700,4.14900,-1.35800,2.79100,3.38000,-0.58900,-0.58900,-0.58900,17.66700,4.14900,156.47900,156.47900,0.00000,0.00000,3.50750,0.21720,0.28030,57.47460,5.01330,5.01330,3.37240,-0.71170,0.05510,1.12030,80.33550,-0.05620,0.40490,-0.03920,-0.04400,6.55720,0.1497,0.128
2022-03-31,81.55100,32.78900,48.76200,7.54800,24.45000,42.62900,6.13300,-2.38700,3.74600,1.53600,2.21000,2.21000,2.21000,19.45100,6.13300,155.93700,159.16000,0.01000,0.01000,3.37170,0.21740,0.28070,59.79330,7.52050,7.52050,4.59340,2.71000,0.05410,1.12150,80.25300,0.21080,-1.37530,0.14660,0.16500,6.56660,0.06160,0.04470
2021-12-31,75.34600,29.28900,46.05700,6.51700,25.46200,42.61500,3.44200,-3.59900,-0.15700,9.54200,-9.69900,-9.69900,-9.69900,16.82200,3.44200,149.84300,149.84300,-0.07000,-0.07000,2.97890,0.21880,0.28290,61.12730,4.56820,4.56830,-0.20840,-12.87260,0.04980,1.08330,83.08270,-0.93090,5.59520,-0.64160,-0.72730,6.52550,0.1375,0.1217
2021-09-30,73.94400,28.76900,45.17500,4.53000,31.28100,45.93600,-0.76100,-2.63200,-3.39300,-1.63100,-1.76200,-1.76200,-1.76200,10.37700,-0.76100,149.01700,149.01700,-0.01000,-0.01000,7.25000,0.23130,0.30430,61.09350,-1.02910,-1.02910,-4.58860,-2.38290,0.05230,1.17630,76.50800,-0.18140,-2.53450,-0.12450,-0.13940,6.17290,0.1329,0.1156
2021-06-30,70.09600,27.54200,42.55400,4.62600,22.62300,37.28000,5.27400,-6.67800,-1.40400,1.45300,-2.85700,-2.85700,-2.85700,16.32000,5.27400,147.48600,147.48600,-0.02000,-0.02000,5.81960,0.25970,0.35480,60.70820,7.52400,7.52400,-2.00300,-4.07580,0.05540,1.23880,72.65380,-0.34240,3.67710,-0.22580,-0.25340,5.45910,0.1002,0.0832
2021-03-31,66.71800,26.01600,40.70200,4.70600,20.31400,35.07800,5.62400,-4.04500,1.57900,0.52700,1.05200,1.05200,1.05200,16.70600,5.62400,147.16000,152.08500,0.01000,0.01000,5.48450,0.26220,0.36130,61.00600,8.42950,8.42950,2.36670,1.57680,0.05280,1.22640,73.38620,0.12720,-1.31200,0.08330,0.09380,5.40770,0.03240,0.02310
2020-12-31,64.64100,34.90500,29.73600,10.50500,62.78600,83.25600,-53.52000,-6.40700,-59.92700,-5.48000,-54.44700,-54.44700,-54.44700,-42.02900,-53.52000,133.24700,133.24700,-0.41000,-0.41000,4.60000,0.26350,0.36340,46.00180,-82.79580,-82.79580,-92.70740,-84.22980,0.05090,1.19500,75.31120,-6.62270,58.60510,-4.28920,-4.87770,5.37410,0.0936,0.0834
2020-09-30,60.31700,23.03000,37.28700,3.29500,16.50900,29.79200,7.49500,-5.91800,1.57700,0.35000,1.22700,1.22700,1.22700,18.44500,7.49500,132.40800,132.40800,0.01000,0.01000,1.53790,0.43070,0.76340,61.81840,12.42600,12.42600,2.61450,2.03430,0.05910,1.23520,72.86010,0.24660,-0.29050,0.12020,0.14040,3.75760,0.117,0.1021
2020-06-30,61.12300,20.64700,40.47600,2.96900,13.91000,26.87100,13.60500,-7.10300,6.50200,3.72500,2.77700,2.77700,2.77700,24.57200,13.60500,132.40800,132.40800,0.02000,0.02000,,,,66.22060,22.25840,22.25840,10.63760,4.54330,,,,,,,,,0.0591,0.0422
2020-03-31,57.44900,22.18300,35.26600,2.87500,14.47900,27.26600,8.00000,-6.33300,1.66700,0.62100,1.04600,1.04600,1.04600,18.86500,8.00000,132.40800,132.40800,0.01000,0.01000,,,,61.38660,13.92540,13.92540,2.90170,1.82070,,,,,,,,,0.06660,0.04900
2019-12-31,,,,,,,,,,,,,,,,,,,0.00000,,,,,,,,,,,,,,,,,0,0
2019-09-30,,,,0.00000,,,,,0.00000,0.00000,,0.00000,,,,,,,0.00000,,,,,,,,,,,,,,,,,0,0
2018-12-31,,,,,,,,,,,,,,,,,,,0.00000,,,,,,,,,,,,,,,,,0,0
