Date,revenue,cost-goods-sold,gross-profit,selling-general-administrative-expenses,other-operating-income-expenses,operating-expenses,operating-income,total-non-operating-income-expense,pre-tax-income,total-provision-income-taxes,income-after-taxes,income-from-continuous-operations,net-income,ebitda,ebit,basic-shares-outstanding,shares-outstanding,eps-basic-net-earnings-per-share,eps-earnings-per-share-diluted,current-ratio,long-term-debt-capital,debt-equity-ratio,gross-margin,operating-margin,ebit-margin,pre-tax-profit-margin,net-profit-margin,asset-turnover,inventory-turnover,receiveable-turnover,days-sales-in-receivables,roe,return-on-tangible-equity,roa,roi,book-value-per-share,operating-cash-flow-per-share,free-cash-flow-per-share
2023-12-31,943.55500,661.33710,282.21790,147.41500,,147.41500,134.80290,-20.87500,113.92800,35.77100,78.15700,78.15700,77.19800,194.57190,134.80290,196.08300,199.90600,0.39000,0.39000,1.82100,0.26350,0.36150,29.91010,14.28670,14.28670,12.07430,8.18160,0.29110,1.26800,1.76520,50.98600,4.70530,10.44300,2.41100,3.46550,8.69190,0.8422,0.6972
2023-09-30,939.78300,647.92300,291.86000,162.31700,,162.31700,129.54300,-19.74200,109.80100,29.00900,80.79200,80.79200,77.71100,192.39700,129.54300,195.88100,199.59200,0.40000,0.39000,1.87140,0.25860,0.35240,31.05610,13.78440,13.78440,11.68370,8.26900,0.28380,1.10040,1.80690,49.80890,4.73540,10.30980,2.44000,3.51110,8.74940,0.8228,0.5785
2023-06-30,926.60000,644.39400,282.20600,162.48400,0.00000,162.48400,119.72200,-11.44000,108.28200,11.65600,96.62600,96.62600,95.79700,179.41400,119.72200,197.03400,200.73500,0.49000,0.48000,1.82310,0.25790,0.35120,30.45610,12.92060,12.92060,11.68600,10.33860,0.27830,1.07570,1.77470,50.71180,5.64300,12.50570,2.90180,4.18750,8.72300,0.5813,0.4451
2023-03-31,948.34700,664.99200,283.35500,160.81600,-12.96500,173.78100,109.57400,-17.76100,91.81300,28.66900,63.14400,63.14400,63.53200,167.29800,109.57400,198.28600,202.44000,0.32000,0.31000,1.74610,0.26300,0.36060,29.87880,11.55420,11.55420,9.68140,6.69920,0.28500,1.12370,1.75820,51.18820,3.78070,8.81170,1.89770,2.78650,8.43520,0.45630,0.34260
2022-12-31,985.85490,703.23180,282.62310,146.83500,,188.43030,94.19280,-6.91600,87.27700,21.00800,66.26900,66.26900,67.85700,198.94380,94.19300,201.74000,207.25900,0.35000,0.33000,1.74460,0.27040,0.37440,28.66780,9.55440,9.55440,8.85290,6.88310,0.29100,1.29620,1.64020,54.87170,3.95110,9.56650,1.95630,2.88260,8.44940,0.9375,0.8109
2022-09-30,1021.56100,825.01800,196.54300,153.73600,6.40900,147.32700,49.21590,-11.74500,37.47100,14.24600,23.22500,23.22500,23.06800,110.71800,49.21590,201.42100,206.52200,0.11000,0.11000,1.85370,0.27540,0.38280,19.23950,4.81770,4.81770,3.66800,2.25810,0.30020,1.44530,1.67060,53.87350,1.37040,3.51840,0.68250,0.99310,8.50340,0.9078,0.8103
2022-06-30,932.57200,720.68400,211.88800,141.35100,-22.92400,164.27500,47.61300,-20.12200,27.49100,-1.40500,28.89600,28.89600,27.34200,108.08100,47.61300,203.32200,208.71400,0.13000,0.13000,1.95200,0.27920,0.38990,22.72080,5.10560,5.10560,2.94790,2.93190,0.26930,1.18740,1.51730,59.31410,1.61170,4.02970,0.83440,1.16170,8.83620,0.3556,0.2561
2022-03-31,865.96000,658.35000,207.61000,150.36000,,150.36000,57.25010,-12.68300,44.56700,6.39400,38.17300,38.17300,36.70200,115.77710,57.25010,203.07900,208.85000,0.18000,0.18000,1.84560,0.28000,0.40400,23.97460,6.61120,6.61120,5.14650,4.23830,0.24240,1.05250,1.31550,68.41690,2.14750,5.50840,1.06880,1.54620,8.74360,-0.20650,-0.29200
2021-12-31,822.14510,616.83010,205.31500,139.44900,,101.31770,103.99730,-54.04100,49.95600,6.19000,43.76600,43.76600,43.44900,163.33130,103.99710,201.57900,208.32500,0.21000,0.21000,1.82080,0.28450,0.41300,24.97310,12.64950,12.64950,6.07630,5.28480,0.23260,1.13620,1.40670,63.97850,2.49480,6.73350,1.23820,1.78490,8.64620,0.4256,0.3433
2021-09-30,818.78500,623.16200,195.62300,135.08900,,135.08900,60.53400,24.02700,84.56100,25.91000,58.65100,58.65100,56.82800,120.01300,60.53400,201.85200,208.54500,0.28000,0.27000,1.87360,0.30280,0.45010,23.89190,7.39310,7.39310,10.32760,6.94050,0.23370,1.25270,1.38590,64.93760,3.42640,9.82430,1.67430,2.38870,8.47820,0.4252,0.3343
2021-06-30,749.17200,569.16700,180.00500,152.34100,,152.34100,27.66400,-16.31500,11.34900,3.56300,7.78600,7.78600,7.25000,87.73000,27.66400,201.46700,208.54100,0.04000,0.03000,1.96630,0.33580,0.52180,24.02720,3.69260,3.69260,1.51490,0.96770,0.21490,1.21720,1.30040,69.20720,0.46930,1.46130,0.22330,0.31170,8.22490,0.2895,0.2014
2021-03-31,684.88800,522.55600,162.33200,143.47800,,143.47810,18.85390,-12.03500,6.81900,2.78200,4.03700,4.03700,5.77200,80.80300,18.85390,200.58000,207.27100,0.03000,0.03000,2.05750,0.35570,0.56860,23.70200,2.75290,2.75290,0.99560,0.84280,0.19700,1.20050,1.29680,69.40230,0.24780,0.83170,0.11610,0.15970,8.10500,0.43520,0.31620
2020-12-31,706.12190,539.97900,166.14290,132.81100,,132.81110,33.33190,-14.32500,19.00700,11.52600,7.48100,7.48100,7.35710,99.75180,33.33190,148.37000,148.37000,4.16000,4.16000,2.03330,0.35970,0.57830,23.52890,4.72040,4.72040,2.69170,1.04190,0.20320,1.25540,1.26200,71.31780,0.46390,1.65150,0.21520,0.29710,8.04680,1.1415,1.0171
2020-09-30,633.52600,505.06600,128.46000,122.15600,,122.15600,6.30400,-17.59800,-11.29400,-3.96200,-7.33200,-7.33200,-7.91400,71.63310,6.30400,199.80900,199.80900,-0.04000,-0.04000,2.14610,0.38420,0.64380,20.27700,0.99510,0.99510,-1.78270,-1.24920,0.18340,1.07160,1.22720,73.33880,-0.46230,-1.76290,-0.21230,-0.28470,7.93810,0.2704,0.3145
2020-06-30,298.91400,266.68400,32.23000,130.65700,,130.65700,-98.42700,-11.57400,-110.00100,-0.95400,-109.04700,-109.04700,-109.64500,614.69600,-98.42700,115.14900,115.14900,-0.95000,-0.95000,2.25410,0.40350,0.69630,10.78240,-32.92820,-32.92820,-36.80020,-36.68110,0.08490,0.50540,0.57800,155.69660,-6.88170,-24.00720,-3.09720,-4.10520,7.93090,0.3005,0.229
2020-03-31,261.43400,179.09500,82.33900,78.14300,,735.39400,-653.05490,-7.40600,-660.46100,-27.00600,-633.45500,-633.45500,-633.72800,-622.51500,-653.05490,77.47700,77.47700,-8.18000,-8.18000,2.53840,0.58790,1.43830,31.49510,-249.79720,-249.79720,-252.63010,-242.40460,0.20990,0.86540,1.19430,75.35850,-161.47450,759.99370,-50.87000,-66.55160,5.06190,0.37720,0.29010
2019-12-31,247.74800,175.11400,72.63400,75.04700,,75.04690,-2.41300,-8.20900,-10.62200,-9.04800,-1.57400,-1.57400,-1.82300,28.54200,-2.41290,77.42700,77.62400,-0.03000,-0.03000,2.47110,0.34890,0.53590,29.31770,-0.97400,-0.97390,-4.28740,-0.73580,0.12880,0.82860,1.12680,79.87420,-0.15190,1.38550,-0.08190,-0.09890,13.37050,0.4178,0.3337
2019-09-30,276.83900,184.14000,92.69900,68.40500,,68.40500,24.29400,-9.28100,15.01300,3.42500,11.58800,11.58800,11.39400,54.50900,24.29400,77.46000,77.57300,0.15000,0.15000,2.57270,0.36100,0.56500,33.48480,8.77550,8.77550,5.42300,4.11580,0.14040,0.83850,1.17120,76.84720,1.11230,-9.63270,0.58760,0.71080,13.44270,0.8267,0.718
2019-06-30,306.17000,197.41000,108.76000,66.68700,,66.68700,42.07300,-12.78500,29.28800,6.28000,23.00800,23.00800,22.93700,72.86800,42.07300,77.42500,77.63200,0.30000,0.30000,2.63320,0.37280,0.59440,35.52280,13.74170,13.74170,9.56590,7.49160,0.15500,0.84270,1.19420,75.36370,2.23000,-17.42110,1.16470,1.39860,13.31270,0.5075,0.3403
2019-03-31,300.49400,197.48300,103.01100,64.12900,,65.87500,37.13600,-11.62900,25.50700,5.56900,19.93800,19.93800,19.65600,69.44500,37.13600,77.36300,77.64000,0.25000,0.25000,2.53350,0.38810,0.63430,34.28060,12.35830,12.35830,8.48840,6.54120,0.15110,0.84780,1.16180,77.46740,1.98350,-11.67390,1.00260,1.21360,12.98710,0.25640,0.16320
2018-12-31,312.71200,206.73590,105.97610,69.34100,,70.33110,35.64500,-10.21600,25.42900,4.00300,21.42600,21.42600,21.26700,71.09000,35.64500,77.34200,77.69200,0.27000,0.27000,2.48520,0.40460,0.68400,33.88930,11.39870,11.39870,8.13180,6.80080,0.15850,0.94220,1.24370,72.36450,2.19530,-10.07380,1.08590,1.30710,12.60960,0.9103,0.7204
2018-09-30,316.46800,202.73400,113.73400,69.20600,,69.20600,44.52800,-11.30900,33.21900,7.72300,25.49600,25.49600,25.26400,74.74600,44.52800,77.34000,77.56900,0.33000,0.33000,2.46790,0.41610,0.71270,35.93860,14.07030,14.07030,10.49680,7.98310,0.15960,0.92520,1.13870,79.03910,2.64270,-10.64980,1.28550,1.54310,12.48070,0.4443,0.2753
2018-06-30,305.85000,202.17100,103.67900,65.67100,,65.67100,38.00800,-6.56100,31.44700,9.37200,22.07500,22.07500,22.15400,69.84200,38.00800,77.34000,77.77000,0.29000,0.28000,2.31350,0.42910,0.75610,33.89860,12.42700,12.42700,10.28180,7.24340,0.15440,0.93960,1.20250,74.84320,2.35960,-7.84160,1.11470,1.34710,12.10260,0.6579,0.4489
2018-03-31,283.12600,189.51100,93.61500,59.73900,,59.73900,33.87600,-2.61800,31.25800,7.06400,24.19400,24.19400,24.05200,63.50100,33.87600,77.34000,77.89000,0.31000,0.31000,2.96840,,,33.06480,11.96500,11.96500,11.04030,8.49520,0.14670,0.89840,1.24470,72.30900,1.45620,5.66660,1.25350,1.45620,,0.09710,-0.06520
2017-12-31,265.37300,190.06900,75.30400,59.04800,,59.04800,16.25600,-2.17800,14.07800,-45.13700,59.21500,59.21500,59.14500,46.69500,16.25600,77.34000,77.89000,0.94000,0.93000,2.93360,0.00350,0.00350,28.37670,6.12570,6.12570,5.30500,22.28750,0.13920,0.94370,1.31730,68.32050,3.60980,15.11410,3.10580,3.59710,,0.4474,0.3667
2017-09-30,258.65400,173.88000,84.77400,54.82800,,54.82800,29.94600,-3.02000,26.92600,8.24100,18.68500,18.68500,18.42100,58.63800,29.94600,77.34000,77.89000,0.24000,0.24000,,,,32.77510,11.57760,11.57760,10.41010,7.12190,,,,,,,,,,0.2002,0.0309
2017-06-30,256.16100,171.53100,84.63000,54.89200,,54.89200,29.73800,-2.17900,27.55900,8.52600,19.03300,19.03300,18.75400,56.91900,29.73800,77.34000,77.89000,0.24000,0.24000,,,,33.03780,11.60910,11.60910,10.75850,7.32120,,,,,,,,,,0.3288,0.1537
2017-03-31,230.27800,154.91800,75.36000,52.63900,,52.63900,22.72100,-2.92900,19.79200,6.20600,13.58600,13.58600,13.26900,49.27100,22.72100,,,,0.00000,,,,32.72570,9.86680,9.86680,8.59480,5.76220,,,,,,,,,,0.00000,
2016-12-31,,,,,,,,,,,,,,,,,,,0.00000,,,,,,,,,,,,,,,,,,0,0
2015-12-31,,,,,,,,,,,,,,,,,,,0.00000,,,,,,,,,,,,,,,,,,0,0
