Date,revenue,gross-profit,research-development-expenses,selling-general-administrative-expenses,other-operating-income-expenses,operating-income,total-non-operating-income-expense,pre-tax-income,total-provision-income-taxes,income-after-taxes,income-from-continuous-operations,income-from-discontinued-operations,net-income,ebitda,ebit,basic-shares-outstanding,shares-outstanding,eps-basic-net-earnings-per-share,eps-earnings-per-share-diluted,current-ratio,long-term-debt-capital,debt-equity-ratio,gross-margin,operating-margin,ebit-margin,pre-tax-profit-margin,net-profit-margin,asset-turnover,receiveable-turnover,days-sales-in-receivables,roe,return-on-tangible-equity,roa,roi,book-value-per-share,operating-cash-flow-per-share,free-cash-flow-per-share
2023-09-30,1035.91600,1035.91600,0.42900,36.15400,-299.66600,379.19810,-209.84000,169.35800,29.68600,139.67200,139.67200,,139.67200,703.06810,379.19810,88.91100,89.63100,1.57000,1.56000,0.46980,0.38060,0.61450,100.00000,36.60510,36.60510,16.34860,13.48300,0.08070,1.37810,65.30920,2.31990,2.31990,1.08770,1.43690,64.20500,4.7742,-38.3447
2023-06-30,660.52600,660.52600,0.54600,33.54100,-214.20900,179.44400,4.20600,183.65000,44.36300,139.28700,139.28700,,139.28700,413.38500,179.44400,80.39300,81.14400,1.73000,1.72000,2.79520,0.37660,0.60410,100.00000,27.16680,27.16680,27.80360,21.08730,0.06490,2.18780,41.13700,2.76000,2.76000,1.36950,1.72060,62.90980,4.2589,0.6388
2023-03-31,656.02200,656.02200,0.57100,36.85800,-176.23300,241.05700,26.49300,267.55000,65.08900,202.46100,202.46100,,202.46100,443.50990,241.05700,81.71900,82.43000,2.48000,2.46000,0.90380,0.07160,0.07720,100.00000,36.74530,36.74530,40.78370,30.86190,0.08550,1.93990,46.39300,3.96850,3.96850,2.63790,3.68420,63.53520,6.53710,3.18700
2022-12-31,814.27300,814.27300,0.54500,40.79500,-202.05900,355.87710,19.52600,375.40300,93.53500,281.86800,281.86800,,281.86790,572.01910,355.87700,85.00500,85.60400,3.31000,3.29000,1.12780,0.06820,0.07320,100.00000,43.70490,43.70490,46.10280,34.61590,0.10210,1.69880,52.97790,5.24510,5.24510,3.53600,4.88740,63.13350,5.9696,2.4287
2022-09-30,1007.95100,1007.95100,4.35500,37.29600,-225.78400,528.44600,13.64400,542.09000,136.33800,405.75200,405.75200,,405.75200,741.65490,528.44600,85.06900,85.55400,4.77000,4.74000,0.93610,0.06960,0.07480,100.00000,52.42780,52.42780,53.78140,40.25510,0.13110,2.29420,39.22930,7.72340,7.72340,5.27720,7.18600,61.72990,8.3,5.1582
2022-06-30,1151.36400,1151.36400,1.55300,29.66600,-217.88800,697.73800,-76.45300,621.28500,152.46400,468.82100,468.82100,,468.82100,903.35900,697.73800,84.99300,85.55400,5.52000,5.48000,0.69160,0.07290,0.07860,100.00000,60.60100,60.60100,53.96080,40.71880,0.15530,2.18080,41.26870,9.39040,9.39040,6.32310,8.70600,58.71380,8.4251,5.9892
2022-03-31,817.81000,817.81000,0.52800,35.72000,-194.72300,401.97900,-286.97900,115.00000,23.36100,91.63900,91.63900,,91.63900,587.91700,401.97900,84.84000,85.32600,1.08000,1.07000,0.50470,0.09590,0.10610,100.00000,49.15310,49.15310,14.06200,11.20540,0.11630,1.69210,53.18780,1.97600,1.97600,1.30280,1.78650,54.59650,6.24130,-0.33140
2021-12-31,510.45700,510.45700,2.78100,32.01300,-174.86600,163.29890,68.09900,231.39800,67.69800,163.70000,163.70000,,163.70000,301.72390,163.29900,37.15500,37.74600,4.34000,4.27000,0.64310,0.09550,0.10560,100.00000,31.99070,31.99070,45.33150,32.06930,0.07570,1.19080,75.57680,3.51670,3.51670,2.42840,3.18070,55.04120,1.101,0.4864
2021-09-30,189.96300,189.96300,1.51300,11.72400,-47.25600,93.86600,-37.61100,56.25500,15.59600,40.65900,40.65900,,40.65900,129.90700,93.86600,30.84900,31.13800,1.32000,1.31000,0.61010,0.10140,0.11290,100.00000,49.41280,49.41280,29.61370,21.40360,0.09810,1.88220,47.81640,2.86890,2.86890,2.09900,2.57780,45.92660,3.5786,2.0971
2021-06-30,156.03500,156.03500,3.54700,12.14400,-63.92700,41.41100,-77.12200,-35.71100,-10.39200,-25.31900,-25.31900,,-25.31900,76.85000,41.41100,30.65500,30.65500,-0.83000,-0.83000,0.61660,0.12560,0.14370,100.00000,26.53960,26.53960,-22.88650,-16.22650,0.08140,1.59850,56.30370,-1.82790,-1.82790,-1.32130,-1.59830,44.90560,0.5336,0.0354
2021-03-31,74.15900,74.15900,0.09600,9.25100,-22.50200,23.48700,-23.65000,-0.16300,-0.04400,-0.11900,-0.11900,,-0.11900,42.40300,23.48700,20.83900,20.83900,-0.01000,-0.01000,1.11270,,,100.00000,31.67110,31.67110,-0.21980,-0.16050,0.06140,1.39560,64.49000,-0.01140,-0.01140,-0.00980,-0.01140,50.22840,2.06170,0.67260
2020-12-31,62.63500,62.63500,0.04500,9.09100,-28.50200,1.06100,-5.66900,-4.60800,-65.23600,60.62800,60.62800,,60.62800,25.08900,1.06100,20.77400,20.91200,2.89000,2.86000,1.24060,,,100.00000,1.69390,1.69400,-7.35690,96.79570,0.05300,1.32080,68.13910,5.80030,5.80030,5.12580,5.80030,50.15850,2.262,1.9624
2020-09-30,58.85800,58.85800,0.06600,8.03100,-8.29100,19.03100,-11.09100,7.94000,4.68900,3.25100,3.25100,,3.25100,42.56200,19.03100,20.83200,20.90300,0.16000,0.16000,1.25610,0.01990,0.02030,100.00000,32.33380,32.33380,13.49010,5.52350,0.05120,1.22360,73.55450,0.33070,0.33070,0.28300,0.32410,47.18020,2.0475,1.8001
2020-06-30,36.19200,36.19200,0.11200,8.38500,-16.66800,-11.25600,-27.64600,-38.90200,,-38.90200,-38.90200,,-38.90200,11.58400,-11.25600,20.77600,20.77600,-1.87000,-1.87000,1.74020,0.05600,0.05930,100.00000,-31.10080,-31.10080,-107.48780,-107.48780,0.03040,0.75640,118.97800,-3.97760,-3.97760,-3.26840,-3.75490,46.96240,0.9637,-0.241
2020-03-31,60.40500,60.40500,0.37300,9.42900,-49.00000,-19.98100,98.53200,78.55100,,78.55100,78.55100,,78.55100,1.72600,-19.98100,20.64900,20.68400,3.80000,3.80000,1.71070,0.05490,0.05800,100.00000,-33.07840,-33.07840,130.04060,130.04060,0.04780,0.96390,93.37180,7.72820,7.72820,6.21410,7.30420,49.20930,2.32030,1.02120
2019-12-31,79.66700,79.66700,0.25900,9.66700,-29.82200,18.02300,-20.87800,-2.85500,,-2.85500,-2.85500,,-2.85500,40.03500,18.02300,20.61200,20.68100,-0.14000,-0.15000,1.05520,0.07870,0.08540,100.00000,22.62290,22.62290,-3.58370,-3.58370,0.06600,0.97330,92.46610,-0.30480,-0.30480,-0.23670,-0.28080,45.37350,2.9793,0.1311
2019-09-30,75.17600,75.17600,0.03300,9.92000,-22.00700,23.31600,12.57700,35.89300,,35.89300,35.89300,,35.89300,43.33900,23.31600,20.63400,20.67800,1.74000,1.74000,1.14850,0.07860,0.08530,100.00000,31.01520,31.01520,47.74530,47.74530,0.06270,0.92440,97.36030,3.82690,3.82690,2.99170,3.52610,45.45310,2.8286,-0.7507
2019-06-30,85.78300,85.78300,0.40800,9.80300,-22.01900,34.65500,6.36700,41.02200,,41.02200,41.02200,,41.02200,53.67600,34.65500,20.61800,20.66400,1.99000,1.99000,1.05480,0.06740,0.07220,100.00000,40.39850,40.39850,47.82070,47.82070,0.07490,1.33440,67.44730,4.55800,4.55800,3.58170,4.25100,43.61970,3.0251,-1.0957
2019-03-31,72.59400,72.59400,0.09700,10.27800,-16.89600,29.56400,-36.55700,-6.99300,,-6.99300,-6.99300,,-6.99300,45.44800,29.56400,20.55700,20.55700,-0.34000,-0.34000,1.19010,0.07040,0.07570,100.00000,40.72510,40.72510,-9.63300,-9.63300,0.06580,0.99250,90.67570,-0.81490,-0.81490,-0.63380,-0.75750,41.74070,2.02950,0.24000
2018-12-31,66.21200,66.21200,0.04700,12.10400,-10.83500,29.40200,76.69200,106.09400,,106.09400,106.09400,,106.09400,43.25600,29.40200,20.50700,20.60300,5.17000,5.14000,1.35520,0.05470,0.05790,100.00000,44.40590,44.40590,160.23380,160.23380,0.06240,0.83420,107.89340,12.28060,12.28060,9.99440,11.60880,42.05180,2.4107,-2.8554
2018-09-30,74.38000,74.38000,-0.00600,10.89900,-19.86400,32.63600,10.72700,43.36300,,43.36300,43.36300,,43.36300,43.62300,32.63600,20.54100,20.63100,2.11000,2.10000,0.86380,,,100.00000,43.87740,43.87740,58.29930,58.29930,0.07930,0.98910,90.99580,5.73890,5.73890,4.62080,5.73890,36.77940,1.2028,3.0063
2018-06-30,71.87200,71.87200,0.22100,9.91700,-24.77100,27.39900,-22.54000,4.85900,,4.85900,4.85900,,4.85900,36.96300,27.39900,20.48800,20.60300,0.24000,0.24000,0.82650,0.07790,0.08450,100.00000,38.12190,38.12190,6.76060,6.76060,0.07750,1.36230,66.06240,0.68400,0.68400,0.52390,0.63070,34.59600,1.2689,-1.398
2018-03-31,64.19300,64.19300,0.02900,9.53300,-24.16600,22.95700,-9.08700,13.87000,,13.87000,13.87000,,13.87000,30.46500,22.95700,20.45400,20.47000,0.68000,0.68000,0.56750,0.02090,0.02130,100.00000,35.76250,35.76250,21.60670,21.60670,0.07360,1.33350,67.49050,1.97240,1.97240,1.58990,1.93120,34.38020,0.77690,-1.07190
2017-12-31,50.18900,50.18900,3.38600,11.35600,-18.12800,8.19300,-14.33700,-6.14400,,-5.76800,-5.76800,,-5.76800,17.31900,8.19300,69.98600,71.39800,-2.91000,-2.91000,0.59580,,,100.00000,16.32430,16.32430,-12.24170,-11.49260,0.06040,1.55000,58.06450,-0.83800,-0.83800,-0.69460,-0.83800,33.65280,0.5217,1.9266
2017-09-30,45.23200,45.23200,,15.18100,-15.34200,7.35900,-3.03100,4.32800,,4.32800,4.32800,,4.32800,14.70900,7.35900,20.43900,20.44700,0.21000,0.21000,0.95400,,,100.00000,16.26950,16.26950,9.56840,9.56840,0.05630,1.51120,59.55500,0.62450,0.62450,0.53830,0.62450,33.88580,0.7504,-1.107
2017-06-30,44.14400,44.14400,0.65100,19.13700,-15.71400,-3.04700,96.40300,93.35600,,93.35600,93.35600,,93.35600,9.01600,-3.04700,20.36900,20.36900,4.58000,4.58000,1.65630,,,100.00000,-6.90240,-6.90240,211.48060,211.48060,0.05610,2.05480,43.79920,13.60060,13.60060,11.86910,13.60060,33.59820,-1.4809,-2.188
2017-03-31,52.55900,52.55900,3.40700,12.09400,-17.94200,-2.09600,-92.18000,-94.27600,,-94.27600,-94.27600,,-94.27600,19.11600,-2.09600,49.45200,49.45200,-1.91000,-1.91000,0.44340,,-2.59620,100.00000,-3.98790,-3.98790,-179.37180,-179.37180,0.04630,2.09590,42.94090,127.70200,127.70210,-8.30500,127.70200,-1.47770,0.31650,0.23430
2016-12-31,47.26600,47.26600,0.00300,27.47400,-43.37100,-50.19500,-17.13900,-67.33400,,-67.33400,-67.33400,,-67.33400,-23.10700,-50.19500,49.26800,49.26800,-1.37000,-1.37000,0.10500,,51.69530,100.00000,-106.19670,-106.19680,-142.45760,-142.45760,0.04170,2.22290,40.48720,-353.25580,-353.25470,-5.93520,-353.25530,0.38380,-0.3243,-0.4122
2016-09-30,49.32500,49.32500,,18.67100,-26.23700,-22.87900,-12.02300,-34.90200,,-34.90200,-34.90200,,-34.90200,4.84300,-22.87900,49.32400,49.32400,-0.71000,-0.71000,0.16040,,12.06690,100.00000,-46.38420,-46.38420,-70.75930,-70.75930,0.04030,1.81980,49.45480,-41.17940,-41.17940,-2.85050,-41.17940,191.65120,0.3204,0.2202
2016-06-30,54.53000,54.53000,0.67700,13.23500,-28.42400,-18.73300,-30.74400,-49.47700,,-49.47700,-49.47700,,-49.47700,13.86500,-18.73300,49.27700,49.27700,-1.00000,-1.00000,0.19320,,9.05320,100.00000,-34.35360,-34.35360,-90.73350,-90.73350,0.04200,1.64590,54.68160,-41.99940,-41.99940,-3.81130,-41.99940,266.76080,-0.2405,-0.4043
2016-03-31,44.17400,44.17400,0.26600,17.68500,-37.14700,-37.30300,-9.93400,-47.23700,,-47.23700,-47.23700,,-47.23700,-10.31600,-37.30300,49.13100,49.13100,-0.96000,-0.96000,2.50360,0.86900,6.63300,100.00000,-84.44560,-84.44560,-106.93390,-106.93390,0.03110,1.31850,68.25690,-28.63800,-28.63800,-3.32460,-3.75190,373.38120,0.54000,-0.17960
2015-12-31,57.03200,57.03200,2.60200,14.02700,-607.20010,-624.15410,-9.56200,-633.71590,-60.05600,-573.65990,-573.65990,,-573.66300,-566.20900,-624.15410,47.87400,47.87400,376.56480,376.56480,0.88310,0.80630,4.16250,100.00000,-1094.39300,-1094.39300,-1111.15900,-1005.86200,0.04530,1.00860,89.23310,-273.94500,-273.94500,-45.54150,-53.06390,474.94710,-393.4872,462.6492
2015-09-30,72.14900,72.14900,6.97900,17.81800,-191.05700,-202.34000,21.74400,-180.59600,-68.29700,-112.29900,-112.29900,,-112.29900,-143.12300,-202.34000,0.43580,0.43580,-252.80900,-252.80900,0.87850,0.52900,1.12330,100.00000,-280.44740,-280.44740,-250.30980,-155.64870,0.03710,1.13580,79.23980,-14.40560,-14.40560,-5.77760,-6.78440,1759.96400,171.2569,-15.1255
2015-06-30,90.42200,90.42200,5.74800,21.60200,-39.57000,-46.42300,-19.74800,-66.17100,-25.00700,-41.16400,-41.16400,,-41.16400,24.55400,-46.42300,0.43540,0.43540,-93.25840,-93.25840,0.98250,0.48890,0.95670,100.00000,-51.34040,-51.34040,-73.18020,-45.52430,0.04320,1.23100,73.11420,-4.63290,-4.63290,-1.96690,-2.36780,2006.66300,56.4537,-200.4065
2015-03-31,73.07600,73.07600,0.49800,16.87200,-31.22900,-34.52700,4.56900,-29.95800,-11.53700,-18.42100,-18.42100,,-18.42100,25.34900,-34.52700,0.39620,0.39620,-46.06740,-46.06740,1.53680,0.46580,0.87200,100.00000,-47.24810,-47.24810,-40.99570,-25.20800,0.03460,0.96820,92.95830,-1.98980,-1.98980,-0.87110,-1.06290,2096.38900,170.49780,-251.69350
2014-12-31,123.18500,123.18500,0.87600,18.49600,-194.77000,-161.25600,92.35000,-68.90600,-26.18600,-42.72000,-42.72000,-0.46800,-43.18800,-89.81900,-161.25600,0.35720,0.35860,-117.97750,-119.10110,1.05050,0.53180,1.13590,100.00000,-130.90550,-130.90550,-55.93700,-35.05950,0.06140,1.34220,67.05230,-5.77240,-5.77240,-2.12950,-2.70260,2014.04900,186.3726,-370.9912
2014-09-30,156.37100,156.37100,3.29100,14.81400,-33.55100,41.47400,37.79900,79.27300,30.41900,48.85400,48.85400,-0.07200,48.78200,105.39500,41.47400,0.36090,0.36230,132.58430,132.58430,0.92870,0.50860,1.03510,100.00000,26.52280,26.52280,50.69550,31.19630,0.07570,1.65930,54.23850,6.25900,6.25900,2.36440,3.07550,2126.45400,316.367,-633.2309
2014-06-30,151.68200,151.68200,0.09600,24.54700,-34.28100,38.64100,-36.57400,2.06700,0.79600,1.27100,1.27100,-0.11300,1.15800,93.23600,38.64100,0.35380,0.35470,3.37080,3.37080,0.64400,0.42770,0.74730,100.00000,25.47500,25.47500,1.36270,0.76340,0.09210,1.47570,60.98710,0.18690,0.18690,0.07720,0.10700,1891.43200,225.8056,-216.4643
2014-03-31,127.39500,127.39500,1.08300,23.71400,-27.83100,33.63500,-18.06200,15.57300,5.99600,9.57700,9.57700,3.95400,13.53100,75.27900,33.63500,0.35250,0.35390,38.20230,38.20230,1.03180,0.43080,0.75690,100.00000,26.40210,26.40210,12.22420,10.62130,0.07860,1.53260,58.72270,1.42540,1.42540,0.59110,0.81130,1868.84400,219.51960,-119.77160
2013-12-31,133.06300,133.06300,0.69000,15.24200,-19.73700,46.84800,-6.02800,40.82000,15.31900,25.50100,25.50100,-0.06900,25.87400,98.07300,46.84800,0.35010,0.35070,71.91010,70.78650,1.50760,0.43680,0.77560,100.00000,35.20740,35.20740,30.67720,19.44490,0.08610,1.89010,47.61660,3.88720,3.88720,1.64960,2.18920,1829.69300,330.087,-0.4995
2013-09-30,125.97300,125.97300,2.09900,13.81100,-21.04400,52.26900,-23.12300,29.14600,11.22100,17.92500,17.92500,-0.14400,17.33900,89.72600,52.26900,0.35030,0.35040,49.43820,49.43820,0.69850,0.35010,0.53860,100.00000,41.49220,41.49220,23.13670,13.76410,0.09690,1.65390,54.41580,2.85210,2.85210,1.37910,1.85370,1753.17100,286.0318,-136.4148
2013-06-30,84.51700,84.51700,0.86200,13.28300,-18.25000,22.60500,1.60600,24.21100,9.32800,14.88300,14.88300,-0.16800,14.71500,52.86000,22.60500,0.35010,0.35020,40.44940,40.44940,1.05020,0.33020,0.49310,100.00000,26.74610,26.74610,28.64630,17.41070,0.07070,1.58190,56.89470,2.44620,2.44620,1.24530,1.63830,1696.88100,145.5196,-161.7468
2013-03-31,78.30700,78.30700,0.56200,13.16600,-15.94300,25.27300,-6.94200,18.33100,7.05800,11.27300,11.27300,-0.01700,11.25600,49.14900,25.27300,0.34940,0.34960,31.46070,31.46070,0.65760,0.24470,0.32390,100.00000,32.27430,32.27430,23.40920,14.37420,0.07470,1.53550,58.61220,1.90670,1.90670,1.07490,1.44020,1649.70100,113.82970,-86.17520
2012-12-31,73.59170,73.59170,1.15110,8.99460,-12.81830,26.17690,-2.72800,23.44900,10.19360,13.25530,13.25530,-0.20550,12.18790,51.23680,26.17690,0.34760,0.34760,35.95510,35.95510,0.53900,0.21450,0.27310,100.00000,35.57050,35.57050,31.86360,16.56150,0.07340,1.66930,53.91450,2.29130,2.29130,1.32220,1.79970,1620.35000,189.8524,-103.1789
2012-09-30,58.32780,58.32780,6.35920,9.33530,-11.73480,13.18280,-10.31610,2.86670,1.22250,1.64420,1.64420,1.77660,3.42090,31.50600,13.18280,0.35130,0.35130,10.11240,10.11240,0.58500,0.17810,0.21670,100.00000,22.60120,22.60120,4.91480,5.86490,0.06300,1.40210,64.18970,0.29130,0.29130,0.17770,0.23950,1583.03800,103.1865,-163.4442
2012-06-30,51.45510,51.45510,2.01450,7.11040,-9.72380,19.57190,14.88930,34.46120,13.26760,21.19360,21.19360,0.31260,21.50610,33.53430,19.57190,0.35130,0.35130,60.67420,60.67420,0.67380,0.10060,0.11190,100.00000,38.03680,38.03680,66.97330,41.79590,0.06350,1.41520,63.59630,3.78790,3.78790,2.61630,3.40680,1571.15800,110.1733,-108.6653
2012-03-31,47.83040,47.83040,1.19010,5.96470,-10.70310,18.97140,-5.18620,13.78520,5.30730,8.47790,8.47790,0.06830,8.54620,31.08790,18.97140,0.35140,0.35140,24.71910,24.71910,0.65130,0.03870,0.04020,100.00000,39.66390,39.66390,28.82100,17.86760,0.06600,1.25570,71.67250,1.57820,1.57820,1.16920,1.51720,1528.93600,50.33470,-48.14300
2011-12-31,36.92700,36.92700,0.33000,15.90000,-7.39950,12.00700,-8.86000,-0.30000,-0.22000,-0.08000,-0.17700,,-0.17700,22.73140,12.00700,0.15750,0.15750,-1.12360,-1.12360,0.83380,0.01230,0.01250,108.83630,32.51550,32.51550,-0.81240,-0.47930,0.05560,1.56820,57.39100,-0.03350,-0.03350,-0.02660,-0.03310,1502.70400,221.678,-350.4564
2011-09-30,25.91530,25.91530,0.01860,4.17930,-6.65200,8.73540,6.62360,15.35910,8.52760,6.83140,6.83140,-1.99810,4.83340,16.29470,8.73540,0.25920,0.25920,19.10110,19.10110,,,,100.00000,33.70750,33.70750,59.26630,18.65060,,,,,,,,,59.8276,-146.3479
2011-06-30,24.15170,24.15170,0.02280,2.69810,-5.07610,9.73070,2.20690,11.93760,4.40050,7.53710,7.53710,0.17070,7.70770,17.36770,9.73070,0.25920,0.25920,29.21350,29.21350,,,,100.00000,40.28990,40.28990,49.42750,31.91390,,,,,,,,,44.9096,-112.8127
2011-03-31,22.21260,22.21260,0.52550,2.23860,-5.66690,7.39420,-6.87530,0.51890,0.19200,0.32690,0.32690,,0.32690,13.98340,7.39420,0.25920,0.25920,1.12360,1.12360,,,,100.00000,33.28840,33.28840,2.33620,1.47180,,,,,,,,,39.29910,-28.28780
2010-12-31,,,,,,,,,,,,,,,,,,,0.00000,,,,,,,,,,,,,,,,,0,0
2009-12-31,,,,,,,,,,,,,,,,,,,0.00000,,,,,,,,,,,,,,,,,0,0
