Date,revenue,cost-goods-sold,gross-profit,selling-general-administrative-expenses,other-operating-income-expenses,operating-expenses,operating-income,total-non-operating-income-expense,pre-tax-income,total-provision-income-taxes,income-after-taxes,income-from-continuous-operations,net-income,ebitda,ebit,basic-shares-outstanding,shares-outstanding,eps-basic-net-earnings-per-share,eps-earnings-per-share-diluted,current-ratio,long-term-debt-capital,debt-equity-ratio,gross-margin,operating-margin,ebit-margin,pre-tax-profit-margin,net-profit-margin,asset-turnover,inventory-turnover,receiveable-turnover,days-sales-in-receivables,roe,return-on-tangible-equity,roa,roi,book-value-per-share,operating-cash-flow-per-share,free-cash-flow-per-share
2023-09-30,95.57100,74.42900,21.14200,29.11700,,42.50600,-21.36400,-4.63200,-25.99600,-0.04700,-25.94900,-25.94900,-25.81200,-9.26000,-21.36400,222.97400,222.97400,-0.12000,-0.12000,2.69490,0.17500,0.21350,22.12180,-22.35410,-22.35410,-27.20070,-27.00820,0.08970,1.83900,0.77040,116.82740,-3.75200,-4.17910,-2.43660,-3.09530,3.10160,0.0347,-0.0869
2023-06-30,90.54800,64.16200,26.38600,28.54800,,39.44100,-13.05500,-3.48600,-16.54100,-0.05500,-16.48600,-16.48600,-16.30100,-3.13900,-13.05500,222.90800,222.90800,-0.07000,-0.07000,3.05760,0.17280,0.21040,29.14030,-14.41780,-14.41780,-18.26770,-18.00260,0.08650,1.66580,0.88920,101.21770,-2.34540,-2.60770,-1.57550,-1.94010,3.15330,0.0541,-0.0793
2023-03-31,132.18300,127.26800,4.91500,29.64900,,40.32700,-35.41200,-3.48400,-38.89600,-0.06400,-38.83200,-38.83200,-38.69700,-25.94700,-35.41200,222.71700,222.71700,-0.17000,-0.17000,2.90930,0.17290,0.21050,3.71830,-26.79010,-26.79010,-29.42590,-29.27530,0.12360,3.34520,1.03290,87.13420,-5.51770,-6.13390,-3.63040,-4.56380,3.15720,-0.08530,-0.21050
2022-12-31,113.75600,84.16900,29.58700,28.54700,,40.73600,-11.14900,-1.41800,-12.56700,-0.00300,-12.56400,-12.56400,-12.33400,0.19000,-11.14900,222.41500,222.41500,-0.05000,-0.05000,3.18420,0.16870,0.20430,26.00920,-9.80080,-9.80080,-11.04730,-10.84250,0.10510,2.26600,1.04890,85.80680,-1.72710,-1.91170,-1.16080,-1.43580,3.27050,0.1572,0.0708
2022-09-30,125.68700,87.27500,38.41200,26.50100,,47.04000,-8.62800,-0.35400,-8.98200,0.10600,-9.08800,-9.08800,-8.97300,11.35500,-8.62800,222.23900,222.23900,-0.04000,-0.04000,2.65150,0.03520,0.04350,30.56160,-6.86470,-6.86470,-7.14630,-7.13920,0.13350,2.42920,0.98750,91.13570,-1.24710,-1.38010,-0.96530,-1.20320,3.27990,-0.0021,-0.0545
2022-06-30,97.22400,72.06000,25.16400,26.48100,,37.03700,-11.87300,-1.42100,-13.29400,0.06800,-13.36200,-13.36200,-13.23500,-1.57600,-11.87300,222.43400,222.43400,-0.06000,-0.06000,2.99960,0.03600,0.04850,25.88250,-12.21200,-12.21200,-13.67360,-13.61290,0.10410,2.06290,1.10350,81.55950,-1.83170,-2.02680,-1.43020,-1.76580,3.28340,0.1232,0.0762
2022-03-31,83.49700,64.23700,19.26000,27.92700,,39.31700,-20.05700,-4.47000,-24.52700,0.04900,-24.57600,-24.57600,-24.19100,-8.71400,-20.05700,222.56000,222.56000,-0.11000,-0.11000,3.59120,0.03640,0.05250,23.06670,-24.02120,-24.02120,-29.37470,-28.97230,0.08950,1.98740,0.88380,101.82870,-3.32860,-3.67630,-2.63480,-3.20740,3.31450,0.02170,-0.03140
2021-12-31,91.92800,62.49100,29.43700,24.55600,,35.53200,-6.09500,3.41400,-2.68100,-0.08000,-2.60100,-2.60100,-2.37600,4.87400,-6.09500,213.11900,213.11900,0.00000,0.00000,3.25590,0.03280,0.05210,32.02180,-6.63020,-6.63020,-2.91640,-2.58460,0.09610,1.99640,0.82170,109.53350,-0.34430,-0.37940,-0.27180,-0.33300,3.39230,0.0465,0.0049
2021-09-30,86.09500,55.80100,30.29400,22.30300,,33.39500,-3.10100,-0.99700,-4.09800,0.06000,-4.15800,-4.15800,-3.93400,7.99200,-3.10100,223.00800,223.00800,-0.02000,-0.02000,4.16830,0.03630,0.05340,35.18670,-3.60180,-3.60180,-4.75990,-4.56940,0.09380,1.90240,1.02400,87.89050,-0.55080,-0.60210,-0.45320,-0.53080,3.38410,0.0849,0.0352
2021-06-30,0.48000,46.91100,-46.43100,21.60600,,32.98700,-79.41800,-0.47500,-79.89300,0.05600,-79.94900,-79.94900,-79.66700,-68.02400,-79.41800,207.04700,207.04700,-0.38000,-0.38000,4.52130,0.04080,0.05520,-9673.12500,-16545.42000,-16545.42000,-16644.38000,-16597.29000,0.00050,1.67730,0.00590,15254.25000,-10.58590,-11.57430,-8.76110,-10.15350,3.38720,0.046,0.0322
2021-03-31,77.14300,50.40100,26.74200,21.44100,,33.17600,-6.43400,-0.93000,-7.36400,0.08300,-7.44700,-7.44700,-7.16900,5.31400,-6.43400,198.99500,198.99500,-0.04000,-0.04000,3.23170,0.13700,0.17330,34.66550,-8.34040,-8.34040,-9.54590,-9.29310,0.10600,1.83120,0.85860,104.81780,-1.42910,-1.63150,-1.02330,-1.23320,2.60790,0.01640,-0.00030
2020-12-31,74.95800,48.63600,26.32200,16.72600,,28.69000,-2.36800,-0.41000,-2.77800,0.07400,-2.85200,-2.85200,-2.56100,9.61900,-2.36800,200.65800,200.65800,-0.02000,-0.02000,3.29450,0.13930,0.17040,35.11570,-3.15910,-3.15910,-3.70610,-3.41660,0.10480,1.73080,0.87730,102.58430,-0.54550,-0.62260,-0.39890,-0.46950,2.63410,0.037,0.0211
2020-09-30,70.88600,45.28900,25.59700,16.63900,,28.38300,-2.78600,0.32600,-2.46000,0.07900,-2.53900,-2.53900,-2.27100,8.99200,-2.78600,198.78500,198.78500,-0.01000,-0.01000,2.63340,0.05720,0.07420,36.11010,-3.93020,-3.93020,-3.47040,-3.20370,0.10690,1.57090,0.93200,96.56410,-0.48500,-0.55370,-0.38270,-0.45730,2.63830,0.0192,0.0078
2020-06-30,59.87400,38.55300,21.32100,16.89200,0.44500,28.49700,-7.17600,0.21700,-6.95900,0.07800,-7.03700,-7.03700,-6.73600,4.85600,-7.17600,200.67000,200.67000,-0.03000,-0.03000,2.59430,0.05960,0.07620,35.60980,-11.98520,-11.98520,-11.62270,-11.25030,0.08950,1.30670,0.91410,98.46280,-1.33430,-1.52230,-1.05180,-1.25480,2.64340,0.2687,0.2675
2020-03-31,86.00600,52.93200,33.07400,18.25900,-0.40500,30.58800,2.48600,-1.50900,0.97700,0.07800,0.89900,0.89900,1.70400,14.32500,2.48600,204.99300,206.04000,0.01000,0.01000,1.82220,0.06010,0.16920,38.45550,2.89050,2.89050,1.13600,1.98130,0.11250,1.78070,0.61250,146.92730,0.16680,0.18980,0.11760,0.15680,2.65810,-0.02070,-0.03510
2019-12-31,119.61500,55.73700,63.87800,19.43700,2.62600,29.10500,34.77300,5.11400,39.88700,0.66400,39.22300,39.22300,41.08400,46.89400,34.77300,204.57300,205.98700,0.20000,0.20000,1.80730,0.06150,0.16980,53.40300,29.07080,29.07080,33.34620,34.34690,0.15390,1.86570,0.81560,110.34750,7.22300,8.21470,5.04750,6.77880,2.65250,0.0371,-0.0289
2019-09-30,74.43400,49.93200,24.50200,17.64000,0.01000,29.87700,-5.37500,-0.60200,-5.97700,0.06800,-6.04500,-6.04500,-4.33400,6.74600,-5.37500,204.71300,204.71300,-0.02000,-0.02000,1.77520,0.05130,0.16560,32.91780,-7.22120,-7.22120,-8.02990,-5.82260,0.10850,1.60860,0.99970,90.03020,-1.20310,-1.38430,-0.88140,-1.14130,2.45440,-0.0204,-0.0413
2019-06-30,72.31800,47.61000,24.70800,17.93300,0.01700,30.52100,-5.81300,-1.21500,-7.02800,0.06600,-7.09400,-7.09400,-5.38300,6.51300,-5.81300,204.65400,204.65400,-0.03000,-0.03000,1.79660,0.05250,0.16600,34.16580,-8.03810,-8.03810,-9.71820,-7.44350,0.10410,1.40570,1.03350,87.08410,-1.39610,-1.60460,-1.02090,-1.32280,2.48290,0.0832,0.0759
2019-03-31,77.69800,58.82800,18.87000,18.43400,-1.61400,32.52700,-13.65700,0.89200,-12.76500,0.06000,-12.82500,-12.82500,-10.94600,-1.32800,-13.65700,204.19700,204.19700,-0.05000,-0.05000,3.15730,0.13500,0.16780,24.28630,-17.57700,-17.57700,-16.42900,-14.08790,0.11140,1.80160,0.97690,92.13250,-2.49520,-2.86460,-1.83960,-2.15840,2.51150,-0.04030,-0.03990
2018-12-31,96.22900,59.67100,36.55800,20.00600,-0.64300,33.00300,3.55500,2.22400,5.77900,0.07500,5.70400,5.70400,6.86200,14.63400,3.55500,180.65500,180.65500,0.02000,0.02000,2.81100,0.13050,0.16040,37.99060,3.69430,3.69430,6.00550,7.13090,0.13770,1.70610,1.14000,78.94510,1.08650,1.24410,0.81590,0.94470,2.57860,0.0677,-0.002
2018-09-30,77.32000,52.80600,24.51400,18.40500,0.00900,31.75900,-7.24500,-4.86500,-12.11000,0.08900,-12.19900,-12.19900,-10.89900,5.68500,-7.24500,203.46900,203.46900,-0.05000,-0.05000,2.09220,0.19120,0.45960,31.70460,-9.37010,-9.37010,-15.66220,-14.09600,0.09170,1.42320,0.88150,102.09620,-2.34870,-2.69540,-1.44640,-1.89960,2.55260,0.0015,-0.0052
2018-06-30,70.46700,45.65100,24.81600,19.93800,0.07000,33.20000,-8.38400,-4.68800,-13.07200,0.08900,-13.16100,-13.16100,-11.97500,5.23800,-8.38400,162.61300,162.61300,-0.07000,-0.07000,2.13220,0.18960,0.45240,35.21650,-11.89780,-11.89780,-18.55050,-16.99380,0.08290,1.22960,0.83240,108.11570,-2.48250,-2.84270,-1.54760,-2.01170,2.60600,0.156,0.141
2018-03-31,102.40300,54.79600,47.60700,18.85800,0.02100,31.63800,15.96900,-5.40800,10.56100,0.08800,10.47300,10.47300,12.22200,28.96800,15.96900,152.19500,156.64300,0.08000,0.08000,1.58190,0.21400,0.57770,46.48990,15.59430,15.59430,10.31320,11.93520,0.12510,1.44990,0.85800,104.89260,2.27270,2.66300,1.27910,1.78630,3.02150,-0.01500,-0.06050
2017-12-31,89.30000,64.29900,25.00100,23.84000,-7.22200,43.91900,-18.91800,-9.50100,-28.41900,0.26900,-28.68800,-28.68800,-28.34700,-6.18700,-18.91800,150.43000,150.43000,-0.20000,-0.19000,1.49970,0.21120,0.57840,27.99660,-21.18470,-21.18470,-31.82420,-31.74360,0.11280,1.82470,1.07340,83.84810,-6.38000,-7.51510,-3.62260,-5.03260,2.96510,-0.0061,-0.0651
2017-09-30,81.79200,73.32500,8.46700,24.79800,-60.66600,99.56800,-91.10100,-3.83100,-94.93200,-0.04400,-94.88800,-94.88800,-94.14100,-76.65600,-91.10100,150.92800,150.92800,-0.62000,-0.62000,3.52370,0.32640,0.54740,10.35190,-111.38130,-111.38130,-116.06510,-115.09800,0.10240,1.64320,1.05870,85.00660,-20.38120,-24.33060,-11.88300,-13.72870,3.08300,0.011,-0.0787
2017-06-30,81.01600,57.34400,23.67200,23.30400,,37.64000,-13.96800,-4.44700,-18.41500,0.12400,-18.53900,-18.53900,-17.80800,0.76000,-13.96800,150.58600,150.58600,-0.12000,-0.12000,5.22050,0.31100,0.45930,29.21890,-17.24100,-17.24100,-22.73010,-21.98080,0.09290,1.91470,1.02310,87.96930,-3.34120,-4.11030,-2.12490,-2.30190,3.67830,-0.0428,-0.0859
2017-03-31,89.49100,60.86100,28.63000,23.77300,,39.09000,-10.46000,68.92100,58.46100,-2.26300,60.72400,60.72400,61.05900,5.09700,-10.46000,148.84800,152.97200,0.41000,0.40000,4.26730,0.30680,0.44990,31.99200,-11.68830,-11.68830,65.32610,68.22920,0.09870,2.11980,1.01710,88.48440,10.69820,13.10570,6.69900,7.41560,3.79110,0.00920,-0.04040
2016-12-31,101.83200,65.70900,36.12300,28.75900,,43.31700,-7.19400,3.16700,-4.02700,0.11000,-4.13700,-4.13700,-3.88300,7.69600,-7.19400,119.39500,119.39500,-0.04000,-0.04000,2.93390,0.38300,0.63270,35.47320,-7.06450,-7.06450,-3.95460,-3.81310,0.11350,2.22410,1.00460,89.58810,-0.83800,-1.14290,-0.46110,-0.51700,3.25540,0.0485,-0.0218
2016-09-30,97.01700,61.85800,35.15900,25.88800,,40.68900,-5.53000,-7.07300,-12.60300,0.41600,-13.01900,-13.01900,-12.62800,9.62900,-5.53000,130.43600,130.43600,-0.10000,-0.10000,2.97080,0.42810,0.75890,36.24000,-5.70000,-5.70000,-12.99050,-13.01630,0.10650,2.10010,0.95570,94.17080,-2.80190,-3.93920,-1.42850,-1.60250,3.46150,0.0921,0.0681
2016-06-30,108.02500,68.72800,39.29700,25.26100,,40.18100,-0.88400,2.21900,1.33500,0.43200,0.90300,0.90300,1.53000,14.42800,-0.88400,109.27300,111.74400,0.01000,0.01000,1.53800,0.45820,1.18310,36.37770,-0.81830,-0.81830,1.23580,1.41630,0.10920,2.40640,0.99360,90.57740,0.21860,0.32660,0.09130,0.11840,3.55110,-0.021,-0.0722
2016-03-31,95.78200,59.25500,36.52700,25.59500,,40.55600,-4.02900,6.93900,2.91000,0.38100,2.52900,2.52900,2.82800,11.39900,-4.02900,97.17900,99.82200,0.03000,0.03000,1.38360,0.51560,1.45200,38.13560,-4.20640,-4.20640,3.03810,2.95250,0.09770,1.97270,0.97790,92.03060,0.70010,1.13190,0.25790,0.33910,3.60360,0.26810,0.21560
2015-12-31,119.34700,63.24300,56.10400,25.21200,-1.08500,41.22800,14.87600,-65.01000,-50.13400,0.26100,-50.39500,-50.39500,-50.01400,30.48900,14.87600,91.60800,91.60800,-0.55000,-0.55000,1.33590,0.55920,1.72410,47.00910,12.46450,12.46450,-42.00690,-41.90640,0.11930,2.15930,0.88860,101.28520,-15.32020,-25.93220,-5.03680,-6.75320,3.56070,-0.121,-0.2429
2015-09-30,92.25700,66.72300,25.53400,27.80000,0.50200,41.29800,-15.76400,-7.65800,-23.42200,-0.24100,-23.18100,-23.18100,-23.11900,-0.99000,-15.76400,91.56200,91.56200,-0.25000,-0.25000,1.30360,0.53140,1.53790,27.67700,-17.08700,-17.08700,-25.38780,-25.05930,0.08830,2.17160,0.95810,93.93630,-6.20850,-9.86780,-2.21900,-2.90940,4.12220,0.0202,-0.1324
2015-06-30,86.86800,63.78600,23.08200,28.99400,-0.30000,42.69600,-19.61400,-10.00100,-29.61500,0.74000,-30.35500,-30.35500,-29.96200,-5.40200,-19.61400,91.48100,91.48100,-0.33000,-0.33000,3.59840,0.58660,1.43400,26.57140,-22.57910,-22.57910,-34.09200,-34.49140,0.08110,2.03480,0.89380,100.69730,-7.56060,-11.84120,-2.83440,-3.12530,4.43510,-0.2596,-0.4094
2015-03-31,85.84800,64.73300,21.11500,30.23300,0.88300,42.23600,-21.12100,-9.55200,-30.67300,0.85400,-31.52700,-31.52700,-31.14700,-7.47500,-21.12100,91.31700,91.31700,-0.34000,-0.34000,3.25520,0.57090,1.34380,24.59580,-24.60280,-24.60280,-35.72940,-36.28160,0.07660,1.97390,0.82440,109.16830,-7.37350,-11.17180,-2.81240,-3.16400,4.73090,0.22840,0.09140
2014-12-31,132.11200,79.92700,52.18500,30.30500,-4.44800,48.36300,3.82200,-4.05900,-0.23700,-0.84500,0.60800,0.60800,1.33300,19.35000,3.82200,93.67800,93.67800,0.00000,0.00000,3.44090,0.54890,1.22720,39.50060,2.89300,2.89300,-0.17940,1.00900,0.11380,2.30360,0.95600,94.14260,0.13070,0.19550,0.05240,0.05900,5.15540,-0.2116,-0.3591
2014-09-30,103.42000,83.97400,19.44600,28.24000,3.25500,37.31000,-17.86400,-11.55600,-29.42000,0.81100,-30.23100,-30.23100,-30.09300,-4.51600,-17.86400,94.05800,94.05800,-0.32000,-0.32000,3.35570,0.57640,1.39660,18.80290,-17.27330,-17.27330,-28.44710,-29.09790,0.08740,2.36490,1.04910,85.78890,-6.81390,-10.57400,-2.55410,-2.88620,4.92660,-0.1434,-0.2901
2014-06-30,98.13300,73.25500,24.87800,34.40000,-2.28600,48.29400,-23.41600,-9.00900,-32.42500,0.14700,-32.57200,-32.57200,-32.30600,-10.99700,-23.41600,94.86000,94.86000,-0.34000,-0.34000,3.75930,0.56540,1.33890,25.35130,-23.86150,-23.86150,-33.04190,-32.92060,0.08140,1.86860,1.11360,80.81780,-6.96510,-10.73900,-2.70200,-3.02700,5.20400,-0.3029,-0.4599
2014-03-31,95.27500,71.63100,23.64400,33.49000,4.45500,40.55000,-16.90600,-10.79600,-27.70200,0.96200,-28.66400,-28.66400,-28.59300,-4.53700,-16.90600,94.67600,94.67600,-0.30000,-0.30000,4.22160,0.55170,1.26020,24.81660,-17.74440,-17.74440,-29.07580,-30.01100,0.07780,1.87070,1.19980,75.01340,-5.79950,-8.64060,-2.33990,-2.59970,5.50030,-0.15340,-0.64830
2013-12-31,84.99500,57.27300,27.72200,36.45000,0.07700,46.83200,-19.11000,-12.11200,-31.22200,1.05900,-32.28100,-32.28100,-32.31800,-7.65400,-19.11000,93.95900,93.95900,-0.34000,-0.34000,4.33860,0.53520,1.19650,32.61600,-22.48370,-22.48370,-36.73390,-38.02340,0.06790,1.69340,1.06570,84.45460,-6.22540,-9.21740,-2.58050,-2.89370,5.80250,-0.0243,-0.3109
2013-09-30,86.32100,54.80700,31.51400,33.51100,1.36600,43.06900,-11.55500,-6.68200,-18.23700,0.55800,-18.79500,-18.79500,-18.83600,0.05500,-11.55500,94.33800,94.33800,-0.20000,-0.20000,4.64670,0.52030,1.13180,36.50790,-13.38610,-13.38610,-21.12700,-21.82090,0.06760,1.37980,1.02830,87.52170,-3.42990,-5.02210,-1.47230,-1.64520,6.13270,0.0486,-0.1593
2013-06-30,88.11600,61.94100,26.17500,35.18700,-0.03900,46.00300,-19.82800,8.11300,-11.71500,0.29300,-12.00800,-12.00800,-11.94300,-8.53400,-19.82800,93.98500,93.98500,-0.13000,-0.13000,2.66790,0.37810,0.65890,29.70520,-22.50220,-22.50220,-13.29500,-13.55370,0.08620,1.72300,1.09350,82.30700,-2.14920,-3.11740,-1.17440,-1.33660,6.25530,0.1045,-0.0957
2013-03-31,93.04300,50.74100,42.30200,32.87600,-0.46600,43.50000,-1.19800,-0.83200,-2.03000,1.80500,-3.83500,-3.83500,-3.87100,9.56200,-1.19800,94.67600,94.67600,-0.04000,-0.04000,2.68960,0.33880,0.56410,45.46500,-1.28760,-1.28760,-2.18180,-4.16040,0.09640,1.14750,1.00280,89.74950,-0.68690,-0.98800,-0.39750,-0.45420,6.30770,-0.17880,-0.40710
2012-12-31,99.07300,78.03700,21.03600,34.65300,2.30600,42.51000,-21.47400,-19.60200,-41.07600,0.59900,-41.67500,-41.67500,-41.73500,-10.61900,-21.47410,87.45500,87.45500,-0.47000,-0.47000,2.49910,0.35480,0.60560,21.23280,-21.67500,-21.67500,-41.46030,-42.12550,0.10160,2.04540,1.31390,68.49680,-7.62400,-11.21860,-4.27350,-4.91880,6.23760,-0.0084,-0.6873
2012-09-30,91.45900,71.23100,20.22800,30.55700,5.69200,33.91200,-13.68400,-2.24800,-15.93200,0.27700,-16.20900,-16.20900,-16.32100,-4.02900,-13.68400,87.00600,87.00600,-0.19000,-0.19000,2.53890,0.37140,0.65710,22.11700,-14.96190,-14.96190,-17.41980,-17.84520,0.09410,1.90750,1.01440,88.72570,-3.15100,-4.72860,-1.66730,-1.98070,5.89690,-0.0072,-0.6577
2012-06-30,69.84200,48.53000,21.31200,27.91600,8.89900,27.92400,-6.61200,-4.42600,-11.03800,0.17200,-11.21000,-11.21000,-11.29400,2.89400,-6.61200,86.62600,86.62600,-0.13000,-0.13000,2.53860,0.32710,0.55080,30.51460,-9.46710,-9.46710,-15.80420,-16.17080,0.07450,1.33070,0.82610,108.94150,-2.14690,-3.22430,-1.19550,-1.44460,6.01640,-0.0131,-0.4618
2012-03-31,73.63400,55.88600,17.74800,24.85000,-13.50600,46.50000,-28.75200,-2.77000,-31.52200,0.24600,-31.76800,-31.76800,-31.90500,-19.94000,-28.75200,85.67700,85.67700,-0.37000,-0.37000,3.19850,0.32750,0.54590,24.10300,-39.04720,-39.04720,-42.80900,-43.32920,0.07940,1.45020,0.94160,95.57720,-6.06800,-9.07500,-3.42600,-4.08080,6.06440,-0.19720,-0.62470
2011-12-31,86.18100,66.50200,19.67900,27.02700,-0.40400,35.44100,-15.76200,-2.88200,-18.64400,2.16900,-20.81300,-20.81300,-20.90700,-6.98000,-15.76200,70.41500,70.41500,-0.30000,-0.30000,4.20480,0.32860,0.53160,22.83450,-18.28940,-18.28940,-21.63350,-24.25940,0.09260,1.88460,1.13310,79.42630,-3.82310,-5.64710,-2.23540,-2.56660,6.37230,-0.3002,-0.6806
2011-09-30,72.08200,52.75400,19.32800,20.14000,1.52400,26.17000,-6.84200,-5.54500,-12.38700,-0.96000,-11.42700,-11.42700,-11.35400,1.50800,-6.84200,70.36400,70.36400,-0.16000,-0.16000,2.87720,0.39170,0.69850,26.81390,-9.49200,-9.49200,-17.18460,-15.75150,0.09110,1.62950,1.22800,73.29030,-2.76970,-4.84740,-1.44350,-1.68470,5.86190,-0.2258,-0.4
2011-06-30,69.11300,50.42400,18.68900,21.65300,4.83500,24.45000,-5.76100,-1.15500,-6.91600,-1.17700,-5.73900,-5.73900,-5.61900,2.65300,-5.76100,70.30300,70.30300,-0.08000,-0.08000,1.50150,0.13670,0.21580,27.04120,-8.33560,-8.33560,-10.00680,-8.13020,0.11540,1.71310,1.27930,70.35220,-1.37590,-2.40670,-0.95830,-1.18780,5.93160,-0.0006,-0.2387
2011-03-31,65.34100,47.00400,18.33700,18.03000,-3.30000,28.54000,-10.20300,-0.00800,-10.21100,-0.73500,-9.47600,-9.47600,-9.75300,-2.27300,-10.20300,70.09600,70.09600,-0.14000,-0.14000,1.69270,0.13350,0.20950,28.06360,-15.61500,-15.61500,-15.62730,-14.92630,0.10940,1.74130,1.34690,66.81990,-2.26460,-3.99520,-1.58680,-1.96220,5.95470,0.14120,-0.01310
2010-12-31,83.15600,50.20600,32.95000,18.87600,4.40200,21.39300,11.55700,1.39900,12.95600,-0.60000,13.55600,13.55600,13.78600,19.59400,11.55700,62.54900,62.54900,0.24000,0.26000,1.67090,0.09110,0.15480,39.62430,13.89800,13.89800,15.58040,16.57850,0.14250,2.45110,1.14030,78.92700,3.25700,5.83740,2.32320,2.96030,5.97930,-0.3554,-0.3605
2010-09-30,45.65400,33.50900,12.14500,15.85500,7.86600,13.49600,-1.35100,-0.28300,-1.63400,0.29000,-1.92400,-1.92400,-1.83000,4.15700,-1.35100,63.99300,63.99300,-0.03000,-0.03000,1.11450,0.08860,0.18310,26.60230,-2.95920,-2.95920,-3.57910,-4.00840,0.08970,1.85700,1.05190,85.55930,-0.56370,-1.18350,-0.37800,-0.51380,5.25660,0.2404,-0.1612
2010-06-30,44.03500,30.61500,13.42000,14.87800,16.61500,3.33300,10.08700,-0.03200,10.05500,0.07700,9.97800,9.97800,9.89500,15.15600,10.08700,60.87700,71.86000,0.16000,0.14000,2.98650,0.03310,0.04290,30.47580,22.90680,22.90680,22.83410,22.47080,0.12210,3.88490,1.55740,57.78810,3.58180,4.45250,2.76650,3.46340,4.57590,-0.04,-0.1365
2010-03-31,38.98900,27.55900,11.43000,13.64900,-18.60500,37.24500,-25.81500,0.22900,-25.58600,-1.20300,-24.38300,-24.38300,-24.36700,-20.82400,-25.81500,60.15600,60.15600,-0.41000,-0.41000,3.29480,0.03490,0.04530,29.31600,-66.21100,-66.21100,-65.62360,-62.49710,0.10750,3.71320,1.48480,60.61440,-9.21930,-11.66700,-6.72440,-8.89750,4.35320,-0.01610,-0.16110
2009-12-31,42.20300,26.31460,15.88850,13.85960,0.44170,18.15330,-2.26480,0.43400,-1.83080,0.09480,-1.92560,-1.92560,-1.91760,2.47060,-2.26480,55.02200,55.02200,-0.03000,-0.03000,3.66200,0.03370,0.04360,37.64770,-5.36660,-5.36660,-4.33820,-4.54380,0.11860,4.23270,1.67460,53.74450,-0.68680,-0.86010,-0.54120,-0.66360,4.68540,0.0671,-0.0612
2009-09-30,31.18180,18.75770,12.42410,10.49200,-15.42230,30.43080,-18.00670,-0.30580,-18.31250,0.06840,-18.38090,-18.38090,-18.46060,-13.49020,-18.00670,59.69600,59.69600,-0.31000,-0.31000,4.79210,0.08570,0.10580,39.84410,-57.74740,-57.74740,-58.72820,-59.20300,0.08540,4.88640,1.30150,69.15300,-6.58840,-7.89150,-5.03380,-6.02400,4.67200,0.063,-0.0016
2009-06-30,27.87000,16.20450,11.66550,11.59150,-2.20960,17.92410,-6.25850,-0.17000,-6.42860,0.07300,-6.50150,-6.50150,-6.37680,-2.13550,-6.25850,50.24700,50.24700,-0.13000,-0.13000,2.12100,0.10080,0.12520,41.85690,-22.45620,-22.45620,-23.06620,-22.88040,0.09680,3.82430,1.15280,78.06950,-2.97150,-3.77530,-2.25750,-2.67200,4.35370,0.0781,-0.1005
2009-03-31,30.24810,21.64430,8.60390,11.56600,-0.17680,15.35980,-6.75590,-0.05620,-6.81210,0.06790,-6.88000,-6.88000,-6.49400,-3.13890,-6.75590,50.23800,50.23800,-0.13000,-0.13000,2.78460,0.10110,0.12540,28.44440,-22.33500,-22.33500,-22.52060,-21.46920,0.10580,7.37180,1.29790,69.34430,-3.10420,-3.82670,-2.40670,-2.79040,4.41160,0.03300,-0.14870
