Date,revenue,cost-goods-sold,gross-profit,selling-general-administrative-expenses,operating-expenses,operating-income,pre-tax-income,total-provision-income-taxes,income-after-taxes,income-from-continuous-operations,net-income,basic-shares-outstanding,shares-outstanding,eps-basic-net-earnings-per-share,eps-earnings-per-share-diluted,long-term-debt-capital,debt-equity-ratio,pre-tax-profit-margin,net-profit-margin,asset-turnover,roe,return-on-tangible-equity,roa,roi,book-value-per-share,operating-cash-flow-per-share,free-cash-flow-per-share
2023-10-31,10923.61000,6707.51100,4216.10100,2874.03100,2874.03200,1342.06900,1342.06800,272.99840,1069.06900,1069.06900,1018.73500,915.63100,916.22300,1.10270,1.11020,0.10860,2.31310,35.07740,26.62650,0.00530,2.85040,3.20110,0.14780,2.41550,42.37250,9.7958,9.5655
2023-07-31,10664.79000,6281.38200,4383.40500,3029.42000,3029.42000,1353.98500,1353.98500,282.48610,1071.49900,1071.49900,1014.55200,918.55100,919.06300,1.10150,1.10150,0.11160,2.28460,35.33440,26.47630,0.00540,3.07750,3.28960,0.15160,2.47210,41.67300,-5.3517,-5.5415
2023-04-30,9930.17500,5639.99000,4290.18500,2692.08700,2692.08700,1598.09800,1598.09800,328.04640,1270.05100,1270.05100,1211.36400,912.29700,913.21900,1.33170,1.32420,0.11380,2.14080,40.34950,30.58510,0.00560,3.62380,3.88000,0.18050,2.90430,42.22540,5.2754,5.0763
2023-01-31,9641.73100,5239.74900,4401.98300,3533.02400,3533.02300,868.95900,868.95900,548.11260,320.84640,320.84640,260.68770,906.77000,907.72500,0.28970,0.28970,0.12790,2.17170,20.77420,6.23220,0.00610,0.96040,1.02760,0.04690,0.75490,40.65980,0.11540,-0.08590
2022-10-31,7907.11800,3863.23400,4043.88400,2959.51700,2959.51700,1084.36700,1084.46600,208.04200,876.42410,876.42410,843.52010,903.31200,905.68400,0.92890,0.93160,0.11100,2.18990,29.22980,22.73560,0.00510,2.36240,2.65830,0.11960,1.99080,43.19540,7.5964,7.2606
2022-07-31,6322.62200,1992.74100,4329.88100,2662.68700,2662.68700,1667.19400,1667.09400,372.27880,1294.81500,1294.81500,1254.40100,903.74200,905.61800,1.39110,1.38340,0.11520,2.08740,40.25800,30.29210,0.00590,3.74390,4.03820,0.18580,3.01900,41.94360,6.7409,6.5134
2022-04-30,5159.24700,914.35680,4244.89000,2698.06300,2698.06320,1546.82700,1546.82600,344.26560,1202.56100,1202.56100,1161.50200,902.48900,905.73900,1.28700,1.28200,0.11600,2.16620,38.61620,28.99670,0.00570,3.49140,3.76300,0.17030,2.80800,41.91860,5.9971,5.7852
2022-01-31,4980.00700,638.78640,4341.22100,2446.18100,2446.18060,1895.04000,1895.04000,419.27760,1475.76200,1475.76200,1439.44100,901.87000,901.87000,1.59500,1.59100,0.10470,2.28120,44.25600,33.61610,0.00630,4.34990,4.65370,0.21690,3.53820,41.40240,-0.85190,-1.02790
2021-10-31,4632.44900,605.32240,4027.12600,2557.10300,2557.10260,1470.02300,1470.02200,326.24480,1143.77700,1143.77700,1103.20800,897.90600,900.36600,1.22340,1.21980,0.10780,2.42570,37.11670,27.85500,0.00590,3.34420,3.70210,0.17170,2.79970,40.42410,7.5541,7.3264
2021-07-31,4739.92200,624.33800,4115.58400,2294.66600,2294.66600,1820.91800,1820.91800,412.69800,1408.22000,1408.22000,1379.73000,899.18000,902.29600,1.53440,1.53030,0.11320,2.32540,43.39480,32.88070,0.00640,4.24960,4.63190,0.21460,3.46430,40.04600,6.185,5.989
2021-04-30,4574.73100,656.25700,3918.47400,2215.06600,2215.06600,1703.40800,1703.40800,391.68850,1311.71900,1311.71900,1268.02200,896.91000,898.69000,1.41400,1.41000,0.11700,2.41600,43.75510,32.57140,0.00630,4.22200,4.61070,0.21090,3.41590,37.75310,-15.6214,-15.8772
2021-01-31,4581.00400,724.25720,3856.74700,2232.60800,2232.60880,1624.13900,1624.13900,361.35150,1262.78800,1262.78800,1236.36600,894.56200,895.85800,1.38320,1.37940,0.10070,2.64900,43.39700,33.03570,0.00620,4.23680,4.65580,0.20760,3.48550,36.37720,-1.06090,-1.12250
2020-10-31,4238.60700,757.66040,3480.94700,2423.99600,2423.99560,1056.95100,1056.95100,299.07530,757.87620,757.87620,734.63540,890.87000,892.04200,0.82040,0.82420,0.12140,2.49130,32.63980,22.68630,0.00570,2.64550,2.98580,0.13240,2.16550,34.38840,-1.6591,-1.7453
2020-07-31,4252.80900,810.78990,3442.01900,2359.26000,2359.26010,1082.75900,1082.75900,225.90990,856.84920,856.84920,832.72290,890.83200,890.83200,0.93580,0.93220,0.12680,2.41460,35.40520,27.22930,0.00540,3.14430,3.58910,0.15250,2.55220,32.86520,15.4265,15.3456
2020-04-30,4739.23800,1410.57400,3328.66400,2992.74300,2992.74300,335.92040,335.92020,50.89700,285.02320,285.02320,269.02700,889.47800,890.37600,0.30170,0.30170,0.10690,2.69760,14.59260,11.68670,0.00420,1.04730,1.20190,0.05160,0.86970,32.87550,35.9393,35.9015
2020-01-31,5529.76000,1839.96000,3689.80000,2527.76000,2527.76000,1162.04000,1162.04000,240.92000,921.12010,921.12010,892.24000,890.49600,892.06200,1.00320,0.99940,0.10690,2.26430,33.28260,25.55510,0.00680,3.32920,3.80960,0.18030,2.75920,33.50110,0.57510,0.52230
2019-10-31,5473.90800,1870.32800,3603.58000,2446.30500,2446.30500,1157.27500,1157.27400,255.98690,901.28640,901.28640,871.09940,888.64800,890.91400,0.97370,0.97490,0.10830,2.10750,35.06590,26.39470,0.00670,3.35030,3.84400,0.18380,2.76880,32.59020,5.0488,4.9592
2019-07-31,5502.21500,1939.96600,3562.25000,2229.04100,2229.04000,1333.20900,1333.20900,280.79440,1052.41400,1052.41400,1026.81900,889.73600,891.83000,1.15560,1.15180,0.12880,2.07840,39.87840,30.71380,0.00690,3.97330,4.58110,0.21760,3.20420,32.11890,2.1631,2.1174
2019-04-30,5333.09300,1924.77600,3408.31700,2133.38700,2133.38700,1274.93000,1274.93000,263.39040,1011.53900,1011.53900,985.27520,888.05600,890.44800,1.11060,1.10680,0.10080,2.08560,39.63140,30.62750,0.00680,3.89170,4.54780,0.21260,3.25730,31.40070,3.609,3.5611
2019-01-31,5327.55200,1898.78100,3428.77100,2326.90800,2326.90700,1101.86400,1101.86400,214.06350,887.80020,887.80020,867.52050,885.05740,888.46150,0.98020,0.97640,0.10340,1.99900,34.70550,27.32430,0.00690,3.52750,4.13170,0.19230,2.93700,30.53380,4.91680,4.87030
2018-10-31,5106.23200,1693.75900,3412.47300,2189.67000,2189.67000,1222.80300,1222.80300,251.45250,971.35060,971.35060,951.40520,886.16400,889.25400,1.07620,1.07230,0.10410,1.68010,38.11110,29.65240,0.00690,3.80320,4.52770,0.20930,3.18900,30.81190,-0.9182,-1.0352
2018-07-31,5007.40000,1518.48700,3488.91300,2158.41500,2158.41500,1330.49800,1330.49800,280.06450,1050.43400,1050.43400,1029.71700,888.16200,891.00800,1.15860,1.15480,0.10450,1.72740,40.26940,31.16580,0.00720,4.23790,5.04740,0.23010,3.54800,29.87630,1.4434,1.4122
2018-04-30,4804.52300,1374.17700,3430.34600,2139.26300,2139.26300,1291.08300,1291.08300,257.11920,1033.96400,1033.96400,1010.44700,888.28000,891.31600,1.13670,1.13270,0.12130,1.96430,39.55330,30.95580,0.00710,4.21430,5.03990,0.22340,3.45480,29.56750,5.7817,5.7427
2018-01-31,4722.27000,1195.20100,3527.06900,2160.22100,2160.22100,1366.84800,1366.84800,316.40000,1050.44800,1050.44800,1032.25500,882.24800,885.70400,1.17070,1.16680,0.08860,1.91190,40.13010,30.30660,0.00730,4.41550,5.28350,0.22630,3.74440,28.80280,2.31570,2.28000
2017-10-31,4489.73700,1079.89600,3409.84100,2231.75700,2231.75700,1178.08400,1178.08400,243.99960,934.08500,934.08500,911.38760,825.27200,827.12600,1.03290,1.02900,0.09320,1.71980,36.50160,28.23830,0.00750,4.14750,5.11060,0.21600,3.54480,27.19740,1.8547,1.7976
2017-07-31,3976.46800,865.63600,3110.83200,2017.03800,2017.03800,1093.79400,1093.79400,262.26800,831.52590,831.52590,821.67200,831.12200,832.77000,0.98920,0.98540,0.09620,1.58930,37.04750,27.83060,0.00690,3.88650,4.74910,0.19560,3.30250,26.09360,1.6627,1.631
2017-04-30,3575.51100,798.31300,2777.19800,1842.95400,1842.95400,934.24410,934.24400,145.69400,788.55000,788.55000,777.28500,799.61400,801.15400,0.97260,0.97260,0.11330,1.90840,35.35100,29.41180,0.00670,4.22090,4.59060,0.19860,3.59820,24.19380,2.6758,2.6069
2017-01-31,3943.72400,787.39500,3156.32900,1864.25100,1864.25100,1292.07800,1292.07800,236.96840,1055.10900,1055.10900,1044.61100,795.29400,796.62200,1.31240,1.31240,0.11780,1.54870,43.10730,34.85110,0.00780,5.93020,6.46160,0.27410,5.02000,23.20310,-3.92070,-3.57710
2016-10-31,3550.40200,761.72770,2788.67400,1952.56800,1952.56830,836.10600,836.10630,136.56210,699.54420,699.54420,688.91390,790.77800,791.83800,0.87090,0.86840,0.12450,1.59650,31.92280,26.30290,0.00690,4.09040,4.47500,0.18500,3.42990,22.48540,2.2537,2.1847
2016-07-31,3938.90700,738.88350,3200.02300,1904.07600,1904.07550,1295.94800,1295.94800,181.04580,1114.90200,1114.90200,1103.29600,789.50600,790.65600,1.39650,1.39650,0.13020,1.62730,43.02590,36.62990,0.00790,6.63410,7.25730,0.29140,5.51660,22.26130,1.6489,1.5837
2016-04-30,3418.78300,682.09850,2736.68500,1933.99400,1933.99450,802.69040,802.69050,93.45880,709.23170,709.23170,697.92620,788.08520,788.08520,0.88560,0.88560,0.13350,1.86800,32.20440,28.00120,0.00690,4.53010,4.95810,0.19680,3.74510,20.78850,-0.5064,-0.4882
2016-01-31,3243.33100,627.81200,2615.51900,1768.95700,1768.95700,846.56200,846.56170,130.52070,716.04100,716.04100,705.83270,793.85400,794.85600,0.89000,0.88500,0.13350,1.37030,34.91730,29.11280,0.00690,4.68400,5.13200,0.20500,3.87380,20.26440,6.33070,6.28480
2015-10-31,3576.79600,604.09000,2972.70600,2812.11000,2291.76000,680.94600,676.61000,92.91000,583.70000,587.97500,587.97500,795.67600,795.67600,0.73000,0.73000,0.15240,1.50280,24.68670,21.45280,0.00730,3.54970,3.87450,0.15750,2.86930,,4.0017,3.9091
2015-07-31,3414.70500,696.42000,2718.28500,1752.34000,1752.34000,965.94510,926.43000,139.93000,786.50000,791.24400,791.24400,794.54000,795.65600,0.98500,0.98500,0.65780,2.38090,31.49240,26.89700,0.00800,4.90400,5.34670,0.21490,1.59870,,14.9478,14.8877
2015-04-30,3259.79100,701.60000,2558.19100,1415.20000,1668.80000,889.39110,874.40000,145.60000,728.80000,728.78400,728.78400,794.42400,795.65000,0.90500,0.90500,0.68000,4.66410,30.94560,25.79220,0.00800,4.82490,5.25730,0.20740,1.46610,,-2.1169,-2.1543
2015-01-31,3592.98000,873.40000,2719.58000,1782.95000,2049.70000,669.87990,926.75000,132.51000,794.24000,738.83400,738.83400,794.23400,795.77400,0.91500,0.91500,0.69730,2.74630,29.66100,23.64670,0.00820,4.65420,5.07060,0.19280,1.33410,,2.90120,2.83200
2014-10-31,3719.00800,921.47000,2797.53800,2074.96000,2074.96000,722.57810,830.38000,110.15000,720.23000,710.43100,710.43100,794.01800,795.81400,0.87500,0.87000,0.69970,2.90290,27.09360,23.17990,0.00800,4.35850,4.72760,0.18650,1.23710,,-10.5769,-10.6911
2014-07-31,3993.75500,922.84000,3070.91500,2073.17000,2073.17000,997.74490,1031.96000,180.31000,851.65000,841.65900,841.65900,794.35800,796.04400,1.04000,1.03500,0.71900,3.14140,31.56990,25.74820,0.00870,5.28230,5.63280,0.22450,1.38180,,-0.1473,-0.2092
2014-04-30,3804.00200,872.93010,2931.07200,2480.41000,2480.40990,450.66190,384.45000,107.64000,276.81000,268.82100,268.82100,795.51600,797.03800,0.33500,0.33500,0.71980,3.09760,12.75880,8.92140,0.00840,1.76230,1.86790,0.07480,0.45640,,-2.2948,-2.3086
2014-01-31,4209.41200,972.08000,3237.33200,2059.46000,2059.46000,1177.87200,1347.04000,243.72000,1103.32000,1057.98500,1057.98500,797.07800,798.43400,1.30000,1.30000,0.72820,3.01850,37.83570,29.71670,0.00950,6.56910,6.99450,0.28150,1.62390,,-6.10040,-6.20010
2013-10-31,3999.84500,1026.03000,2973.81500,2123.47000,2123.47000,850.34500,963.93000,156.21000,807.72000,790.59100,790.59100,799.63800,800.51000,0.96000,0.96000,0.74570,3.31090,29.40770,24.11950,0.00840,4.81770,5.05430,0.20220,1.11190,,3.6382,3.5015
2013-07-31,4158.07700,1066.46000,3091.61700,2129.05000,2129.05000,962.56710,1037.35000,173.70000,863.65000,848.39300,848.39300,799.90400,800.51600,1.03000,1.03000,0.74870,3.42880,30.91360,25.28260,0.00870,5.39270,5.64990,0.21990,1.22610,,0.6458,0.584
2013-04-30,4051.95700,1053.21000,2998.74700,2051.37000,2051.37000,947.37700,1035.52000,174.06000,861.46000,841.19000,841.19000,800.80000,801.62400,1.02000,1.02000,0.76240,3.62480,31.48930,25.57990,0.00840,5.41180,5.65920,0.21510,1.16050,,0.2588,0.202
2013-01-31,4193.33100,1128.83000,3064.50100,2267.76000,2267.76000,796.74120,935.50000,131.91000,803.59000,775.89300,775.89300,806.66400,807.54000,0.93000,0.93000,0.79000,4.10890,27.33960,22.67510,0.00870,4.98090,5.20540,0.19620,0.94230,,1.81440,1.76570
2012-10-31,4313.51200,1137.23000,3176.28200,2187.05000,2187.05000,989.23220,1016.14000,152.39000,863.75000,856.65600,856.65500,810.80800,811.68800,1.02000,1.02000,0.77060,3.84200,39.27190,33.10810,0.00660,5.61150,5.86030,0.21870,1.15840,,3.8384,3.6921
2012-07-31,4320.69900,1118.57000,3202.12900,2113.20000,2113.20000,1088.92900,984.78000,157.40000,827.38000,816.55800,816.55800,810.33000,811.03400,1.01000,1.00500,0.76680,3.92390,27.44720,22.75860,0.00910,5.53300,5.66480,0.20700,1.13810,,-1.288,-1.3988
2012-04-30,4119.39800,1156.32000,2963.07800,2083.39000,2083.39000,879.68800,1017.56000,202.10000,815.46000,745.26700,745.26700,806.11600,807.17400,0.92500,0.92500,0.77930,4.19140,28.00210,20.50890,0.00930,5.13900,5.25780,0.19130,0.99560,,-3.4758,-3.5429
2012-01-31,4351.04400,1149.18000,3201.86400,2085.78000,2085.78000,1116.08400,1007.13000,189.08000,818.05000,836.04400,836.04400,802.19800,803.22600,0.97500,0.97000,0.78110,4.36840,27.72390,23.01430,0.00950,6.10420,6.10990,0.21800,1.14730,,2.91270,2.85780
2011-10-31,4023.03200,,4023.03200,,,4023.03200,4023.03200,,4023.03200,778.90400,778.90400,798.21000,799.58200,0.93000,0.93000,0.22690,1.11080,100.00000,19.36110,0.01120,5.20800,5.13550,0.21720,3.39230,,-1.8416,-2.1396
2011-07-31,4084.37900,,4084.37900,,,4084.37900,4084.37900,,4084.37900,825.25100,825.25100,794.46400,795.97200,0.97000,0.96500,,,100.00000,20.20510,,,,,,,5.2291,5.334
2011-04-30,3904.46000,956.04000,2948.42000,2041.47000,2041.47000,906.95000,925.23000,226.94000,698.29000,692.99100,692.99100,790.74600,792.78800,0.82000,0.82000,0.23680,1.99120,28.78580,21.56040,0.00810,5.02040,4.77190,0.17570,3.10300,,-3.6083,-3.6791
2011-01-31,4118.49500,972.30000,3146.19500,2021.25000,2021.25000,1124.94500,1064.86000,266.71000,798.15000,806.93400,806.93400,786.38600,788.39000,0.97000,0.97000,0.27590,2.22850,31.88310,24.16050,0.00920,6.15010,5.85730,0.22320,3.59330,,-1.62080,-1.65490
2010-10-31,4017.31700,825.19000,3192.12700,1952.15000,1952.15000,1239.97700,1205.39000,717.07000,488.32000,489.32000,489.32000,854.70800,854.70800,0.57500,0.57500,0.23020,2.06750,35.80860,14.53630,0.00990,3.96700,3.77980,0.14430,2.44970,,-10.2096,-10.2739
2010-07-31,3410.27500,734.27000,2676.00500,1885.67000,1885.67000,790.33500,852.49000,234.50000,617.99000,604.09000,604.09000,777.63000,779.34400,0.72500,0.72500,0.28030,2.62500,29.03420,20.57420,0.00870,5.06030,4.80500,0.17980,2.90400,,-3.0561,-3.1601
2010-04-30,3444.42000,602.46000,2841.96000,1940.76000,1940.76000,901.20000,902.24000,254.03000,648.21000,642.18000,642.18000,825.00000,830.18800,0.78000,0.77500,0.28820,2.83560,30.45310,21.67540,0.00910,5.58110,5.28770,0.19640,3.13580,,5.0772,5.063
2010-01-31,3528.38200,623.55000,2904.83200,1999.75000,1999.75000,905.08200,905.44000,271.44000,634.00000,618.74800,618.74800,820.12600,825.31600,0.75500,0.75000,0.25590,3.17260,29.66420,20.27150,0.00950,5.55830,5.30200,0.19330,3.25900,,-0.80270,-0.86820
2009-10-31,3307.17000,688.25000,2618.92000,1939.59000,1939.59000,679.33010,679.33000,127.24000,552.09000,615.40600,615.40600,765.58600,767.97400,0.75000,0.74500,0.26300,2.94900,24.37920,22.08520,0.00970,6.34690,6.08300,0.21340,3.65580,,-1.4292,-1.5225
2009-07-31,3224.46000,707.68000,2516.78000,1979.39000,1979.39000,537.38990,538.47000,151.58000,386.89000,382.35400,382.35400,763.16800,765.11200,0.45000,0.45000,0.29170,3.37960,20.08530,14.26210,0.00910,4.06920,3.88130,0.12920,2.22360,,6.3436,6.2834
2009-04-30,2789.58000,762.18000,2027.40000,1634.53000,1634.53000,392.87010,102.91000,139.89000,-36.98000,-45.76000,-45.76000,762.82000,763.55800,-0.10500,-0.10500,0.32370,2.98910,5.30010,-2.35670,0.00700,-0.53390,-0.51630,-0.01640,-0.27860,,2.468,2.3456
2009-01-31,3240.12000,1192.99000,2047.13000,1580.59000,1580.59000,466.54000,69.36000,-54.67000,124.03000,136.71000,136.71000,1013.79400,1013.79400,0.13500,0.13500,0.32980,3.28180,3.47790,6.85500,0.00690,1.51740,1.55830,0.04740,0.82130,,20.49510,20.46690
