Date,revenue,cost-goods-sold,gross-profit,selling-general-administrative-expenses,operating-expenses,operating-income,total-non-operating-income-expense,pre-tax-income,total-provision-income-taxes,income-after-taxes,income-from-continuous-operations,income-from-discontinued-operations,net-income,basic-shares-outstanding,shares-outstanding,eps-basic-net-earnings-per-share,eps-earnings-per-share-diluted,long-term-debt-capital,debt-equity-ratio,pre-tax-profit-margin,net-profit-margin,asset-turnover,roe,return-on-tangible-equity,roa,roi,book-value-per-share,operating-cash-flow-per-share,free-cash-flow-per-share
2023-12-31,1247.00000,465.00000,782.00000,730.00000,730.00000,52.00000,,52.00000,19.00000,33.00000,33.00000,,27.00000,135.00000,132.75600,0.20000,0.20000,,,,,,,,,,,,
2023-09-30,1398.00000,502.00000,896.00000,569.00000,569.00000,327.00000,,327.00000,76.00000,251.00000,251.00000,,244.00000,132.00000,133.00000,1.85000,1.84000,0.54890,2.18440,37.07480,27.66440,0.01030,5.48270,5.04830,0.29290,2.27750,37.72670,-1.3559,-1.646
2023-06-30,1377.00000,453.00000,924.00000,568.00000,568.00000,356.00000,,356.00000,83.00000,273.00000,273.00000,,266.00000,132.00000,132.00000,2.02000,2.01000,0.55440,2.95250,39.95510,29.85410,0.00980,5.24900,4.87940,0.30080,2.17430,42.47810,-1.1742,-1.4242
2023-03-31,1231.00000,241.00000,990.00000,581.00000,581.00000,409.00000,,409.00000,85.00000,324.00000,324.00000,,317.00000,131.00000,132.00000,2.41000,2.39000,0.54170,3.01970,42.60420,33.02080,0.01050,5.78570,5.40540,0.35550,2.47740,45.57000,3.50000,3.34090
2022-12-31,1154.00000,134.00000,1020.00000,574.00000,574.00000,446.00000,,446.00000,96.00000,350.00000,350.00000,,342.00000,131.00000,133.00000,2.60000,2.58000,0.36860,1.20340,45.18740,34.65050,0.01160,7.31150,6.75550,0.40980,4.26570,39.55960,4.4864,4.3093
2022-09-30,1028.00000,43.00000,985.00000,530.00000,530.00000,455.00000,,455.00000,104.00000,351.00000,351.00000,,343.00000,131.00000,132.00000,2.63000,2.60000,0.37300,0.69520,47.54440,35.84120,0.01140,7.50800,6.92440,0.41710,4.34140,38.71800,2.9773,2.8485
2022-06-30,845.00000,16.00000,829.00000,492.00000,492.00000,337.00000,,337.00000,76.00000,261.00000,261.00000,,255.00000,131.00000,132.00000,1.94000,1.92000,0.29010,0.40870,41.14770,31.13550,0.00940,4.32050,4.05590,0.30040,2.87920,49.20590,2.6716,2.4889
2022-03-31,713.00000,13.00000,700.00000,462.00000,462.00000,238.00000,,238.00000,49.00000,189.00000,189.00000,,182.00000,131.00000,133.00000,1.39000,1.37000,0.27600,0.38120,33.47400,25.59780,0.00800,2.84550,2.68620,0.21200,1.94480,53.82130,-5.33830,-5.46620
2021-12-31,763.00000,13.00000,750.00000,461.00000,461.00000,289.00000,,289.00000,61.00000,228.00000,228.00000,,221.00000,135.00000,137.00000,1.72000,1.70000,0.26150,0.35410,37.29030,28.51610,0.00820,3.03880,2.88720,0.24100,2.13220,60.42640,3.0978,2.9601
2021-09-30,769.00000,14.00000,755.00000,423.00000,423.00000,332.00000,,332.00000,70.00000,262.00000,262.00000,,255.00000,133.00000,134.00000,1.92000,1.90000,0.26660,0.36360,41.65620,31.99500,0.00840,3.53620,3.35770,0.27720,2.46240,59.56220,1.5082,1.3886
2021-06-30,763.00000,14.00000,749.00000,328.00000,328.00000,421.00000,,421.00000,93.00000,328.00000,328.00000,,321.00000,136.00000,138.00000,2.35000,2.32000,0.26460,0.35990,47.62440,36.31220,0.01000,4.35190,4.13570,0.37120,3.04130,59.22330,-1.106,-1.2319
2021-03-31,729.00000,16.00000,713.00000,265.00000,265.00000,448.00000,,448.00000,98.00000,350.00000,350.00000,,343.00000,140.00000,141.00000,2.46000,2.43000,0.25920,0.34990,50.05590,38.32400,0.01040,4.51150,4.29340,0.40560,3.18070,58.40170,1.12770,1.00000
2020-12-31,754.00000,20.00000,734.00000,448.00000,448.00000,286.00000,,286.00000,65.00000,221.00000,221.00000,,215.00000,139.00000,140.00000,1.53000,1.53000,0.41570,0.71160,38.08260,28.62850,0.00850,2.88660,2.74530,0.25080,1.60400,57.84420,1.4857,1.2857
2020-09-30,736.00000,26.00000,710.00000,443.00000,443.00000,267.00000,,267.00000,50.00000,217.00000,217.00000,,209.00000,139.00000,140.00000,1.49000,1.48000,0.42220,0.73200,37.87230,29.64540,0.00840,2.90110,2.75590,0.25950,1.59230,56.61940,-0.2096,-0.3653
2020-06-30,758.00000,40.00000,718.00000,572.00000,572.00000,146.00000,,146.00000,28.00000,118.00000,118.00000,,117.00000,139.00000,139.00000,0.85000,0.84000,0.45530,0.93220,25.17240,20.17240,0.00690,1.59310,1.51240,0.13980,0.82380,56.11340,0.3951,0.2928
2020-03-31,846.00000,96.00000,750.00000,828.00000,828.00000,-78.00000,,-78.00000,-19.00000,-59.00000,-59.00000,,-59.00000,141.00000,141.00000,-0.42000,-0.42000,0.50110,1.31010,-23.00890,-17.40410,0.00440,-0.79710,-0.79710,-0.07730,-0.39770,53.23760,4.95740,4.85110
2019-12-31,925.00000,115.00000,810.00000,453.00000,453.00000,357.00000,,357.00000,84.00000,273.00000,273.00000,,271.00000,150.00000,151.00000,1.91000,1.89000,0.49800,1.00180,44.51370,33.79050,0.01090,3.72590,3.72590,0.37190,1.87040,51.56370,1.3469,1.1963
2019-09-30,967.00000,125.00000,842.00000,470.00000,470.00000,372.00000,,372.00000,80.00000,292.00000,292.00000,,290.00000,147.00000,148.00000,1.98000,1.96000,0.50380,1.02250,46.09670,35.93560,0.01110,4.05560,4.05560,0.40080,2.01230,49.95280,3.0938,2.8645
2019-06-30,977.00000,124.00000,853.00000,468.00000,468.00000,385.00000,,385.00000,87.00000,298.00000,298.00000,,297.00000,152.00000,153.00000,1.95000,1.94000,0.47240,1.13220,47.58960,36.71200,0.01120,4.06940,4.06940,0.41080,2.14680,48.88620,2.5278,2.4382
2019-03-31,948.00000,104.00000,844.00000,420.00000,420.00000,424.00000,,424.00000,85.00000,339.00000,339.00000,,337.00000,158.00000,160.00000,2.14000,2.11000,0.48030,1.05050,49.47490,39.32320,0.01210,4.57550,4.57550,0.47960,2.37780,47.67140,0.25000,0.15000
2018-12-31,954.00000,90.00000,864.00000,450.00000,450.00000,414.00000,-14.00000,400.00000,90.00000,310.00000,310.00000,,308.00000,168.00000,171.00000,1.90000,1.88000,0.46260,0.86680,47.16980,36.32080,0.01200,4.12950,4.12950,0.43770,2.21900,46.89410,3.7621,3.6181
2018-09-30,909.00000,76.00000,833.00000,440.00000,440.00000,393.00000,-12.00000,381.00000,63.00000,318.00000,318.00000,,316.00000,167.00000,170.00000,1.89000,1.86000,0.45180,0.83510,45.73830,37.93520,0.01170,4.08430,4.08430,0.44510,2.23880,46.92030,2.1595,2.0128
2018-06-30,898.00000,60.00000,838.00000,408.00000,408.00000,430.00000,-11.00000,419.00000,93.00000,326.00000,326.00000,,324.00000,171.00000,174.00000,1.90000,1.87000,0.40870,0.69820,48.32760,37.37020,0.01200,4.03520,4.03520,0.45290,2.38620,47.27050,1.483,1.3617
2018-03-31,834.00000,41.00000,793.00000,442.00000,442.00000,351.00000,-16.00000,335.00000,54.00000,281.00000,281.00000,,279.00000,172.00000,175.00000,1.62000,1.59000,0.41150,0.70530,42.89370,35.72340,0.01080,3.51250,3.51250,0.38850,2.06710,46.38380,2.04570,1.93140
2017-12-31,863.00000,33.00000,830.00000,487.00000,487.00000,343.00000,-13.00000,330.00000,218.00000,112.00000,112.00000,,112.00000,174.00000,178.00000,0.64000,0.64000,0.36730,0.58170,40.59040,13.77610,0.01140,1.40650,1.40650,0.15650,0.88990,46.06670,1.2932,1.1486
2017-09-30,854.00000,33.00000,821.00000,480.00000,480.00000,341.00000,-7.00000,334.00000,108.00000,226.00000,226.00000,,224.00000,174.00000,177.00000,1.29000,1.26000,0.36600,0.64050,41.90720,28.10540,0.01110,2.81300,2.81300,0.31380,1.78360,46.09290,1.171,1.0789
2017-06-30,805.00000,29.00000,776.00000,460.00000,460.00000,316.00000,-14.00000,302.00000,99.00000,203.00000,203.00000,,202.00000,175.00000,179.00000,1.15000,1.13000,0.39180,0.71180,39.78920,26.61400,0.01060,2.96610,2.54230,0.28410,1.54630,45.39180,1.3869,1.3026
2017-03-31,767.00000,26.00000,741.00000,462.00000,462.00000,279.00000,-11.00000,268.00000,66.00000,202.00000,202.00000,,200.00000,175.00000,180.00000,1.15000,1.11000,0.39390,0.65500,36.96550,27.58620,0.00990,2.54730,2.54730,0.27680,1.54400,44.69320,2.24440,2.17780
2016-12-31,751.00000,29.00000,722.00000,476.00000,476.00000,246.00000,-20.00000,226.00000,62.00000,164.00000,164.00000,,163.00000,172.00000,177.00000,0.93000,0.92000,0.39830,0.66510,32.89670,23.72640,0.00940,2.10360,2.10360,0.22470,1.26580,44.46880,0.4617,0.3283
2016-09-30,752.00000,30.00000,722.00000,489.00000,489.00000,233.00000,-20.00000,213.00000,64.00000,149.00000,149.00000,,148.00000,171.00000,176.00000,0.87000,0.84000,0.43250,0.76380,30.17000,20.96320,0.00950,1.92830,1.92830,0.20100,1.09420,44.90670,0.9056,0.8073
2016-06-30,741.00000,28.00000,713.00000,514.00000,514.00000,199.00000,-53.00000,146.00000,42.00000,104.00000,104.00000,,103.00000,173.00000,177.00000,0.60000,0.58000,0.43490,0.77110,21.98800,15.51210,0.00930,1.35170,1.35170,0.14590,0.76390,44.23950,-0.0306,-0.1823
2016-03-31,716.00000,25.00000,691.00000,606.00000,606.00000,85.00000,,85.00000,25.00000,60.00000,60.00000,,59.00000,173.00000,176.00000,0.34000,0.34000,0.28910,0.47400,15.65380,10.86560,0.00790,0.78490,0.78490,0.08690,0.55800,43.66050,1.40910,1.25570
2015-12-31,722.00000,24.00000,698.00000,541.00000,541.00000,157.00000,,157.00000,41.00000,116.00000,116.00000,,115.00000,176.00000,181.00000,0.66000,0.64000,0.28800,0.40750,24.60820,18.02510,0.00890,1.53440,1.53440,0.16140,1.09250,43.02590,1.116,0.8895
2015-09-30,708.00000,26.00000,682.00000,483.00000,483.00000,199.00000,,199.00000,63.00000,136.00000,136.00000,,134.00000,176.00000,181.00000,0.76000,0.74000,0.28910,0.42100,30.33540,20.42680,0.00920,1.78430,1.78430,0.19150,1.26840,43.02470,1.4982,1.3639
2015-06-30,702.00000,23.00000,679.00000,480.00000,480.00000,199.00000,,199.00000,64.00000,135.00000,135.00000,,134.00000,176.00000,182.00000,0.76000,0.73000,0.27410,0.38510,31.48730,21.20250,0.00900,1.79450,1.79450,0.19300,1.30260,42.17850,0.3077,0.1483
2015-03-31,687.00000,22.00000,665.00000,470.00000,470.00000,195.00000,,195.00000,61.00000,134.00000,134.00000,,132.00000,176.00000,182.00000,0.75000,0.73000,0.26370,0.36880,29.95390,20.27650,0.00940,1.78670,1.78670,0.19330,1.31550,42.12300,1.85710,1.71980
2014-12-31,652.00000,23.00000,629.00000,410.00000,410.00000,219.00000,,219.00000,70.00000,149.00000,149.00000,,148.00000,179.00000,185.00000,0.84000,0.81000,0.26550,0.37710,34.92820,23.60450,0.00910,2.01300,2.01300,0.21540,1.47860,41.34760,0.4,0.2271
2014-09-30,651.00000,22.00000,629.00000,402.00000,402.00000,227.00000,,227.00000,73.00000,154.00000,154.00000,,152.00000,179.00000,185.00000,0.85000,0.82000,0.26420,0.38630,36.37820,24.35900,0.00910,2.07180,2.07180,0.22360,1.52450,41.25500,1.1939,1.1551
2014-06-30,661.00000,25.00000,636.00000,415.00000,415.00000,221.00000,,221.00000,70.00000,151.00000,151.00000,,149.00000,179.00000,186.00000,0.83000,0.80000,0.26230,0.37940,35.36000,23.84000,0.00960,2.04910,2.04910,0.23120,1.51170,40.71950,0.7158,0.6347
2014-03-31,643.00000,25.00000,618.00000,415.00000,415.00000,203.00000,,203.00000,64.00000,139.00000,139.00000,,137.00000,180.00000,187.00000,0.76000,0.73000,0.32670,0.50720,33.33330,22.49590,0.00930,1.90860,1.90860,0.21160,1.28500,40.08870,1.14440,1.05880
2013-12-31,675.00000,26.00000,649.00000,482.00000,482.00000,167.00000,,167.00000,50.00000,117.00000,117.00000,,115.00000,183.00000,187.00000,0.64000,0.61000,0.33130,0.53090,26.09380,17.96880,0.00980,1.63640,1.63640,0.17940,1.09420,39.22020,2.2781,2.1069
2013-09-30,667.00000,27.00000,640.00000,425.00000,425.00000,215.00000,,215.00000,68.00000,147.00000,147.00000,,145.00000,182.00000,187.00000,0.80000,0.78000,0.33840,0.54400,34.01900,22.94300,0.00980,2.10930,2.10930,0.22730,1.39550,37.94080,0.8235,0.6738
2013-06-30,665.00000,29.00000,636.00000,429.00000,429.00000,207.00000,,207.00000,64.00000,143.00000,143.00000,,141.00000,183.00000,187.00000,0.77000,0.76000,0.34260,0.54000,33.22630,22.63240,0.00990,2.06920,2.06920,0.22720,1.36040,37.32330,-0.016,-0.139
2013-03-31,659.00000,30.00000,629.00000,432.00000,432.00000,197.00000,,197.00000,63.00000,134.00000,134.00000,,132.00000,185.00000,187.00000,0.71000,0.70000,0.40210,0.68070,32.13700,21.53340,0.00940,1.91760,1.91760,0.20650,1.14660,37.40840,1.38500,1.28340
2012-12-31,712.00000,32.00000,680.00000,447.00000,447.00000,233.00000,-2.00000,238.00000,107.00000,131.00000,131.00000,,129.00000,191.00000,192.00000,0.68000,0.67000,0.40470,0.69580,35.84340,19.42770,0.01020,1.88710,1.88710,0.20130,1.12330,36.87160,-0.2963,-0.687
2012-09-30,657.00000,33.00000,624.00000,446.00000,446.00000,178.00000,-25.00000,153.00000,36.00000,117.00000,117.00000,,116.00000,190.00000,191.00000,0.61000,0.61000,0.40090,0.67800,25.41530,19.26910,0.00950,1.65160,1.65160,0.18480,0.98950,37.01630,1.6015,1.6015
2012-06-30,681.00000,35.00000,646.00000,445.00000,445.00000,201.00000,-8.00000,193.00000,50.00000,143.00000,143.00000,,141.00000,194.00000,194.00000,0.73000,0.73000,0.40290,0.68650,30.78150,22.48800,0.01000,2.03470,2.03470,0.22830,1.21500,36.17550,1.498,1.498
2012-03-31,683.00000,35.00000,648.00000,470.00000,470.00000,178.00000,,178.00000,48.00000,130.00000,130.00000,,129.00000,195.00000,196.00000,0.66000,0.66000,0.41320,0.71600,28.43450,20.60700,0.01000,1.86110,1.86110,0.20770,1.09210,35.43310,0.80100,0.80100
2011-12-31,663.00000,37.00000,626.00000,460.00000,460.00000,166.00000,-37.00000,129.00000,33.00000,96.00000,96.00000,,95.00000,185.00000,186.00000,0.48000,0.48000,0.41860,0.73010,21.11290,15.54830,0.01000,1.39780,1.39780,0.15740,0.81270,34.80390,0.3421,-0.3085
2011-09-30,664.00000,40.00000,624.00000,465.00000,465.00000,159.00000,-33.00000,126.00000,28.00000,98.00000,98.00000,,97.00000,192.00000,192.00000,0.51000,0.51000,0.41880,0.74420,21.39220,16.46860,0.00970,1.40990,1.40990,0.16100,0.81940,34.94260,1.342,1.342
2011-06-30,633.00000,40.00000,593.00000,451.00000,451.00000,142.00000,-5.00000,137.00000,41.00000,96.00000,96.00000,,95.00000,175.00000,178.00000,0.54000,0.53000,0.46300,0.87330,25.00000,17.33580,0.01010,1.58990,1.58990,0.17730,0.85380,34.15430,1.7528,1.7528
2011-03-31,641.00000,39.00000,602.00000,464.00000,464.00000,138.00000,,138.00000,35.00000,103.00000,103.00000,,102.00000,175.00000,178.00000,0.58000,0.57000,0.51000,1.05100,24.95480,18.44490,0.01010,1.75260,1.75260,0.18720,0.85880,33.24580,0.84270,0.84270
2010-12-31,660.00000,40.00000,620.00000,494.00000,494.00000,126.00000,,126.00000,30.00000,96.00000,96.00000,,96.00000,170.00000,173.00000,0.62000,0.62000,0.51450,1.08200,22.30090,16.99120,0.01050,1.65720,1.65720,0.17890,0.80460,32.81480,1.8436,2.2088
2010-09-30,642.00000,52.00000,590.00000,524.00000,524.00000,66.00000,,66.00000,7.00000,59.00000,59.00000,,59.00000,175.00000,178.00000,0.34000,0.33000,0.55280,1.26870,14.10260,12.60680,0.00850,1.00730,1.00730,0.10730,0.45050,33.18730,1.4326,1.2696
2010-06-30,670.00000,54.00000,616.00000,523.00000,523.00000,93.00000,,93.00000,23.00000,70.00000,70.00000,,69.00000,175.00000,178.00000,0.40000,0.39000,0.60950,1.59960,18.97960,14.08160,0.00880,1.20860,1.20860,0.12530,0.47190,32.84990,2.1638,2.0712
2010-03-31,670.00000,61.00000,609.00000,579.00000,579.00000,30.00000,,30.00000,-5.00000,35.00000,35.00000,17.00000,-71.00000,155.00000,155.00000,-0.46000,-0.46000,0.63630,1.83930,6.91240,-16.35950,0.00760,0.61750,0.61750,0.06130,0.22460,32.14920,1.99350,1.88390
2009-12-31,693.00000,83.00000,610.00000,681.00000,681.00000,-71.00000,,-71.00000,-42.00000,-29.00000,-29.00000,,-62.00000,149.00000,149.00000,-0.42000,-0.42000,0.61140,1.64080,-20.05650,-17.51410,0.00600,-0.59450,-0.41260,-0.04890,-0.16030,46.49430,-0.1678,-0.302
2009-09-30,826.00000,126.00000,700.00000,710.00000,710.00000,-10.00000,,-10.00000,-29.00000,19.00000,19.00000,,-16.00000,149.00000,149.00000,-0.10000,-0.10000,0.61530,1.66150,-2.57070,-4.11310,0.00650,0.38850,0.27010,0.03190,0.10390,46.55400,1.1611,1.047
2009-06-30,850.00000,150.00000,700.00000,741.00000,741.00000,-41.00000,,-41.00000,-59.00000,18.00000,18.00000,,-16.00000,149.00000,149.00000,-0.11000,-0.11000,0.65670,1.98340,-10.56700,-4.12370,0.00610,0.36340,0.25380,0.02830,0.08710,46.93780,1.2885,1.1678
2009-03-31,786.00000,179.00000,607.00000,600.00000,600.00000,7.00000,,7.00000,-1.00000,8.00000,8.00000,1.00000,-24.00000,149.00000,149.00000,-0.16000,-0.16000,0.67040,2.34290,1.73270,-5.94060,0.00600,0.15840,0.11140,0.01190,0.03670,47.52110,-1.67110,-1.79870
