Date,revenue,cost-goods-sold,gross-profit,research-development-expenses,selling-general-administrative-expenses,other-operating-income-expenses,operating-expenses,operating-income,total-non-operating-income-expense,pre-tax-income,total-provision-income-taxes,income-after-taxes,income-from-continuous-operations,net-income,ebitda,ebit,basic-shares-outstanding,shares-outstanding,eps-basic-net-earnings-per-share,eps-earnings-per-share-diluted,current-ratio,long-term-debt-capital,debt-equity-ratio,gross-margin,operating-margin,ebit-margin,pre-tax-profit-margin,net-profit-margin,asset-turnover,inventory-turnover,receiveable-turnover,days-sales-in-receivables,roe,return-on-tangible-equity,roa,roi,book-value-per-share,operating-cash-flow-per-share,free-cash-flow-per-share
2024-03-31,8403.00000,6362.00000,2041.00000,369.00000,839.00000,90.00000,1118.00000,923.00000,1298.00000,2221.00000,193.00000,2028.00000,2028.00000,1993.00000,1188.00000,923.00000,141.30000,142.10000,14.10000,14.03000,1.33660,0.36360,0.67670,24.28890,10.98420,10.98420,26.43100,23.71770,0.26400,1.10490,1.53820,58.51130,20.07720,38.70230,6.37190,12.77720,73.83770,1.94230,0.75300
2023-12-31,8543.00000,6542.00000,2001.00000,390.00000,876.00000,-1947.00000,3213.00000,-1212.00000,-18.00000,-1230.00000,163.00000,-1393.00000,-1393.00000,-1431.00000,-948.00000,-1212.00000,141.70000,142.70000,-10.10000,-10.04000,1.17790,0.32650,0.67610,23.42270,-14.18710,-14.18710,-14.39780,-16.75060,0.26690,1.15240,1.53020,58.81660,-14.06500,-28.51000,-4.35240,-9.47230,69.84490,10.2366,6.5961
2023-09-30,8431.00000,6360.00000,2071.00000,376.00000,831.00000,86.00000,1121.00000,950.00000,-72.00000,878.00000,188.00000,690.00000,690.00000,656.00000,1207.00000,950.00000,141.80000,142.80000,4.63000,4.59000,1.43020,0.29770,0.63920,24.56410,11.26790,11.26790,10.41400,7.78080,0.26270,1.07690,1.48910,60.44120,5.90850,10.17550,2.14970,4.14960,82.41360,10.6928,8.7382
2023-06-30,8638.00000,6490.00000,2148.00000,384.00000,873.00000,106.00000,1151.00000,997.00000,-48.00000,949.00000,212.00000,737.00000,737.00000,720.00000,1254.00000,997.00000,141.70000,142.50000,5.08000,5.05000,1.39520,0.30950,0.67810,24.86690,11.54200,11.54200,10.98630,8.33530,0.27220,1.07700,1.47330,61.08710,6.49000,11.57350,2.32240,4.48160,80.19770,3.3871,1.8371
2023-03-31,8453.00000,6424.00000,2029.00000,350.00000,753.00000,100.00000,1003.00000,1026.00000,3.00000,1029.00000,223.00000,806.00000,806.00000,790.00000,1272.00000,1026.00000,141.50000,142.40000,5.58000,5.55000,1.28890,0.29340,0.72990,24.00330,12.13770,12.13770,12.17320,9.34580,0.26890,1.09290,1.44890,62.11520,7.58950,14.35440,2.56420,5.36300,75.00000,3.47610,2.12080
2022-12-31,7770.00000,5951.00000,1819.00000,333.00000,742.00000,58.00000,1017.00000,802.00000,-24.00000,778.00000,134.00000,644.00000,644.00000,631.00000,1042.00000,802.00000,141.50000,142.30000,4.46000,4.44000,1.26530,0.31100,0.78810,23.41060,10.32180,10.32180,10.01290,8.12100,0.25640,1.06210,1.49370,60.25480,6.46130,13.04440,2.12550,4.45210,70.53790,5.7244,2.4775
2022-09-30,7333.00000,5691.00000,1642.00000,348.00000,708.00000,40.00000,1016.00000,626.00000,-18.00000,608.00000,199.00000,409.00000,409.00000,400.00000,842.00000,626.00000,141.10000,142.00000,2.83000,2.82000,1.36730,0.36800,0.86720,22.39190,8.53680,8.53680,8.29130,5.45480,0.24630,1.02670,1.52800,58.89950,4.37060,9.03470,1.37390,2.76200,66.36880,2.6902,1.2676
2022-06-30,6586.00000,4860.00000,1726.00000,299.00000,622.00000,92.00000,829.00000,897.00000,-42.00000,855.00000,148.00000,707.00000,707.00000,702.00000,1064.00000,897.00000,141.20000,142.00000,4.97000,4.94000,1.66370,0.26550,0.45830,26.20710,13.61980,13.61980,12.98210,10.65900,0.26910,1.01990,1.58470,56.79320,7.32260,9.80580,2.88840,5.37850,68.47520,4.2271,3.1863
2022-03-31,6385.00000,4853.00000,1532.00000,298.00000,615.00000,-15.00000,928.00000,604.00000,-26.00000,578.00000,155.00000,423.00000,423.00000,418.00000,765.00000,604.00000,142.20000,143.10000,2.94000,2.92000,1.67680,0.27220,0.44060,23.99370,9.45970,9.45970,9.05250,6.54660,0.26470,1.05820,1.46180,61.56930,4.51780,5.90780,1.75360,3.28800,66.35720,1.14610,0.41930
2021-12-31,5850.00000,4533.00000,1317.00000,288.00000,629.00000,95.00000,822.00000,495.00000,19.00000,514.00000,114.00000,400.00000,400.00000,394.00000,660.00000,495.00000,144.60000,145.90000,2.78000,2.75000,1.73760,0.28370,0.46030,22.51280,8.46150,8.46150,8.78630,6.73500,0.24670,1.04090,1.46620,61.38460,4.42720,5.84110,1.68710,3.17110,63.40350,4.9306,2.2632
2021-09-30,5968.00000,4554.00000,1414.00000,266.00000,571.00000,89.00000,748.00000,666.00000,9.00000,675.00000,134.00000,541.00000,541.00000,534.00000,826.00000,666.00000,143.50000,144.70000,3.72000,3.69000,1.79570,0.28580,0.43790,23.69300,11.15950,11.15950,11.31030,8.94770,0.25880,1.05370,1.43740,62.61390,6.00910,7.96410,2.34570,4.29190,62.91400,4.0133,2.9604
2021-06-30,6111.00000,4633.00000,1478.00000,276.00000,600.00000,133.00000,743.00000,735.00000,44.00000,779.00000,167.00000,612.00000,612.00000,600.00000,902.00000,735.00000,145.10000,146.50000,4.14000,4.10000,1.80660,0.29160,0.44710,24.18590,12.02750,12.02750,12.74750,9.81840,0.27030,1.13670,1.47890,60.85420,6.96010,9.32930,2.70700,4.93030,61.19000,4.2329,3.5089
2021-03-31,6092.00000,4606.00000,1486.00000,260.00000,574.00000,158.00000,676.00000,810.00000,-27.00000,783.00000,172.00000,611.00000,611.00000,603.00000,980.00000,810.00000,147.00000,148.30000,4.10000,4.07000,1.82010,0.28610,0.45300,24.39270,13.29610,13.29610,12.85290,9.89820,0.26530,1.22730,1.44740,62.18160,6.76560,9.01580,2.66090,4.82970,61.77160,2.28590,1.69930
2020-12-31,5830.00000,4469.00000,1361.00000,255.00000,576.00000,99.00000,732.00000,629.00000,6.00000,635.00000,125.00000,510.00000,510.00000,501.00000,803.00000,629.00000,148.20000,149.00000,3.39000,3.38000,1.87800,0.28650,0.46320,23.34480,10.78900,10.78900,10.89190,8.59350,0.25770,1.30480,1.52620,58.97080,5.67360,7.57460,2.25420,4.04790,60.90110,7.6573,5.9135
2020-09-30,5118.00000,3769.00000,1349.00000,224.00000,533.00000,78.00000,679.00000,670.00000,16.00000,686.00000,182.00000,504.00000,504.00000,501.00000,836.00000,670.00000,147.90000,148.90000,3.39000,3.36000,1.93760,0.29460,0.47590,26.35800,13.09110,13.09110,13.40370,9.78900,0.23730,1.08620,1.41070,63.79840,5.83270,7.92080,2.33680,4.11430,58.22780,8.199,7.4262
2020-06-30,3852.00000,2962.00000,890.00000,189.00000,470.00000,105.00000,554.00000,336.00000,26.00000,362.00000,93.00000,269.00000,269.00000,276.00000,501.00000,336.00000,147.60000,148.00000,1.87000,1.86000,1.42190,0.16780,0.47240,23.10490,8.72270,8.72270,9.39770,7.16510,0.18960,0.81040,1.11940,80.39720,3.30870,4.61490,1.32420,2.75360,55.08130,-0.1195,-0.6456
2020-03-31,5011.00000,3717.00000,1294.00000,238.00000,546.00000,124.00000,660.00000,634.00000,21.00000,655.00000,127.00000,528.00000,528.00000,511.00000,802.00000,634.00000,149.30000,149.70000,3.42000,3.41000,1.40220,0.16460,0.41790,25.82320,12.65220,12.65220,13.07120,10.19760,0.24960,1.03860,1.42970,62.95150,6.58520,9.15080,2.63000,5.50110,54.39620,2.53170,2.03070
2019-12-31,5578.00000,4265.00000,1313.00000,271.00000,632.00000,63.00000,959.00000,354.00000,9.00000,363.00000,65.00000,298.00000,298.00000,300.00000,533.00000,354.00000,155.40000,156.10000,2.04000,2.04000,1.49950,0.15700,0.27960,23.53890,6.34640,6.34640,6.50770,5.37830,0.28260,1.22350,1.51990,59.21480,3.52040,4.82510,1.50990,2.96780,56.17120,5.4163,3.4544
2019-09-30,5768.00000,4274.00000,1494.00000,242.00000,600.00000,47.00000,795.00000,699.00000,56.00000,755.00000,139.00000,616.00000,616.00000,622.00000,877.00000,699.00000,155.90000,156.60000,3.99000,3.97000,1.52090,0.15610,0.30400,25.90150,12.11860,12.11860,13.08950,10.78360,0.28350,1.11860,1.46620,61.38350,7.03760,9.56080,3.02760,5.93910,57.24660,7.2402,6.2494
2019-06-30,6221.00000,4580.00000,1641.00000,251.00000,629.00000,87.00000,793.00000,848.00000,23.00000,871.00000,186.00000,685.00000,685.00000,675.00000,1006.00000,848.00000,157.40000,158.00000,4.29000,4.27000,1.66160,0.15010,0.24170,26.37840,13.63130,13.63130,14.00100,10.85040,0.30710,1.17560,1.48860,60.45810,7.44890,9.55370,3.38200,6.33090,58.38730,5.1089,4.2685
2019-03-31,6004.00000,4472.00000,1532.00000,237.00000,593.00000,97.00000,733.00000,799.00000,46.00000,845.00000,176.00000,669.00000,669.00000,663.00000,956.00000,799.00000,157.20000,157.70000,4.22000,4.20000,1.57010,0.15530,0.27740,25.51630,13.30780,13.30780,14.07400,11.04260,0.30250,1.14870,1.49170,60.33480,7.66590,9.97470,3.37100,6.47500,55.51530,2.61260,1.92140
2018-12-31,6126.00000,4580.00000,1546.00000,244.00000,643.00000,72.00000,815.00000,731.00000,-21.00000,710.00000,100.00000,610.00000,610.00000,579.00000,886.00000,731.00000,162.20000,162.80000,3.61000,3.59000,1.53790,0.16200,0.29980,25.23670,11.93280,11.93280,11.58990,9.45150,0.32140,1.21840,1.58460,56.79730,7.38590,9.80080,3.20010,6.18910,52.27220,6.0284,3.9045
2018-09-30,5943.00000,4392.00000,1551.00000,229.00000,604.00000,85.00000,748.00000,803.00000,2.00000,805.00000,107.00000,698.00000,698.00000,692.00000,951.00000,803.00000,161.30000,161.80000,4.29000,4.28000,1.53730,0.16240,0.30580,26.09790,13.51170,13.51170,13.54540,11.64400,0.31290,1.14640,1.51260,59.50030,8.66000,11.63330,3.67520,7.25350,50.37500,5.6996,4.6005
2018-06-30,6132.00000,4692.00000,1440.00000,219.00000,613.00000,114.00000,718.00000,722.00000,-7.00000,715.00000,161.00000,554.00000,554.00000,545.00000,876.00000,722.00000,163.80000,164.30000,3.33000,3.32000,1.61120,0.15960,0.30050,23.48340,11.77430,11.77430,11.66010,8.88780,0.32420,1.31830,1.49740,60.10270,6.76100,8.97170,2.92890,5.68210,50.17760,3.585,2.8874
2018-03-31,5570.00000,4370.00000,1200.00000,210.00000,577.00000,117.00000,670.00000,530.00000,-7.00000,523.00000,198.00000,325.00000,325.00000,325.00000,684.00000,530.00000,164.90000,165.70000,1.97000,1.96000,1.57770,0.15920,0.27450,21.54400,9.51530,9.51530,9.38960,5.83480,0.30280,1.28110,1.44860,62.12750,3.91760,5.19920,1.76710,3.29380,50.49300,-0.70610,-1.14060
2017-12-31,5476.00000,4100.00000,1376.00000,208.00000,643.00000,61.00000,790.00000,586.00000,10.00000,596.00000,905.00000,-309.00000,-309.00000,-274.00000,736.00000,586.00000,166.70000,167.30000,-1.62000,-1.63000,1.57270,0.16280,0.24570,25.12780,10.70120,10.70120,10.88390,-5.00370,0.30300,1.29500,1.51350,59.46310,-3.78490,-5.05810,-1.70950,-3.16860,49.41890,4.8019,3.5008
2017-09-30,5285.00000,3944.00000,1341.00000,213.00000,633.00000,127.00000,719.00000,622.00000,,622.00000,165.00000,457.00000,457.00000,453.00000,771.00000,622.00000,166.30000,167.00000,2.72000,2.71000,1.57280,0.15870,0.26340,25.37370,11.76920,11.76920,11.76920,8.57140,0.29370,1.25370,1.38710,64.88170,5.33820,6.96540,2.54000,4.49100,51.57230,3.8859,3.9046
2017-06-30,5078.00000,3827.00000,1251.00000,175.00000,606.00000,116.00000,665.00000,586.00000,13.00000,599.00000,158.00000,441.00000,441.00000,424.00000,731.00000,586.00000,167.30000,167.80000,2.53000,2.53000,1.75770,0.16660,0.22970,24.63570,11.54000,11.54000,11.79600,8.34970,0.31230,1.28340,1.42920,62.97170,5.63790,6.30450,2.71220,4.69850,46.67060,2.6665,2.0641
2017-03-31,4589.00000,3457.00000,1132.00000,158.00000,547.00000,113.00000,592.00000,540.00000,8.00000,548.00000,143.00000,405.00000,405.00000,396.00000,679.00000,540.00000,167.50000,168.00000,2.36000,2.36000,1.75010,0.17410,0.26020,24.66770,11.76730,11.76730,11.94160,8.62930,0.29350,1.19450,1.41330,63.68050,5.41730,6.09110,2.59050,4.47410,44.52650,2.25600,1.77380
2016-12-31,4503.00000,3377.00000,1126.00000,159.00000,572.00000,64.00000,667.00000,459.00000,49.00000,508.00000,112.00000,396.00000,396.00000,378.00000,598.00000,459.00000,169.03800,169.33700,2.25000,2.24000,1.78200,0.17940,0.25870,25.00560,10.19320,10.19320,11.28140,8.39440,0.30000,1.26240,1.48860,60.45970,5.51990,6.22450,2.63810,4.52990,42.82990,3.6384,2.3749
2016-09-30,4187.00000,3108.00000,1079.00000,157.00000,513.00000,-25.00000,695.00000,384.00000,-2.00000,382.00000,82.00000,300.00000,300.00000,289.00000,516.00000,384.00000,167.80000,168.20000,1.72000,1.72000,1.80920,0.17990,0.26830,25.77020,9.17120,9.17120,9.12350,6.90230,0.27660,1.10210,1.45740,61.75540,4.13000,4.64180,1.98200,3.38720,43.16100,3.4452,2.7741
2016-06-30,4528.00000,3331.00000,1197.00000,155.00000,524.00000,49.00000,630.00000,567.00000,8.00000,575.00000,148.00000,427.00000,427.00000,406.00000,698.00000,567.00000,168.80000,169.00000,2.41000,2.40000,1.83860,0.18320,0.26000,26.43550,12.52210,12.52210,12.69880,8.96640,0.30150,1.19910,1.49790,60.08610,5.93470,6.68650,2.84290,4.84730,42.64970,2.8146,2.109
2016-03-31,4291.00000,3235.00000,1056.00000,166.00000,490.00000,70.00000,586.00000,470.00000,-5.00000,465.00000,132.00000,333.00000,333.00000,321.00000,598.00000,470.00000,171.80000,172.00000,1.87000,1.87000,1.90660,0.18190,0.25210,24.60970,10.95320,10.95320,10.83660,7.48080,0.28940,1.17250,1.46900,61.26540,4.58680,5.17800,2.24590,3.75250,42.60560,1.55230,1.13950
2015-12-31,4766.00000,3554.00000,1212.00000,177.00000,508.00000,-208.00000,983.00000,229.00000,-17.00000,212.00000,34.00000,178.00000,178.00000,161.00000,360.00000,229.00000,178.03800,178.40700,0.94000,0.94000,2.08970,0.16900,0.21150,25.43010,4.80490,4.80490,4.44820,3.37810,0.31490,1.31290,1.69010,53.25220,2.29680,2.56480,1.17620,1.90860,44.46360,5.1993,3.3844
2015-09-30,4620.00000,3412.00000,1208.00000,197.00000,530.00000,76.00000,651.00000,557.00000,4.00000,561.00000,169.00000,392.00000,392.00000,380.00000,686.00000,557.00000,177.00000,177.40000,2.15000,2.14000,2.23340,0.16480,0.20460,26.14720,12.05630,12.05630,12.14290,8.22510,0.29250,1.11540,1.46250,61.53900,4.85090,5.39720,2.48150,4.05130,45.75880,3.2072,2.3672
2015-06-30,5015.00000,3683.00000,1332.00000,166.00000,537.00000,94.00000,609.00000,723.00000,-19.00000,704.00000,208.00000,496.00000,496.00000,471.00000,849.00000,723.00000,179.20000,179.60000,2.63000,2.62000,2.22130,0.16100,0.20420,26.56030,14.41680,14.41680,14.03790,9.39180,0.31580,1.23340,1.46550,61.41180,6.03850,6.70090,3.12380,5.06640,45.99100,2.2124,1.3896
2015-03-31,4709.00000,3514.00000,1195.00000,195.00000,517.00000,65.00000,647.00000,548.00000,,548.00000,144.00000,404.00000,404.00000,387.00000,676.00000,548.00000,180.60000,181.00000,2.14000,2.14000,2.21840,0.16560,0.21140,25.37690,11.63730,11.63730,11.63730,8.21830,0.29930,1.19690,1.45340,61.92400,5.00680,5.56550,2.56740,4.17740,44.50630,0.95580,0.40330
2014-12-31,5090.00000,3817.00000,1273.00000,187.00000,568.00000,63.00000,692.00000,581.00000,31.00000,612.00000,145.00000,467.00000,467.00000,444.00000,706.00000,581.00000,182.63800,183.07900,2.45000,2.44000,2.25190,0.16310,0.20830,25.00980,11.41450,11.41450,12.02360,8.72300,0.32290,1.33180,1.72780,52.09040,5.77040,6.42280,2.96240,4.82940,44.68800,4.78,2.9603
2014-09-30,4890.00000,3606.00000,1284.00000,198.00000,529.00000,102.00000,625.00000,659.00000,10.00000,669.00000,230.00000,439.00000,439.00000,423.00000,772.00000,659.00000,182.20000,182.70000,2.32000,2.32000,2.24570,0.16360,0.20860,26.25770,13.47650,13.47650,13.68100,8.65030,0.31260,1.27290,1.59860,56.30060,5.42180,6.02530,2.80620,4.53470,44.31860,3.7708,2.8694
2014-06-30,4835.00000,3630.00000,1205.00000,179.00000,513.00000,99.00000,593.00000,612.00000,30.00000,642.00000,170.00000,472.00000,472.00000,446.00000,724.00000,612.00000,182.80000,183.20000,2.44000,2.43000,2.38380,0.16630,0.20720,24.92240,12.65770,12.65770,13.27820,9.22440,0.31190,1.32240,1.51660,59.34230,5.78570,6.43050,3.04520,4.82370,44.36110,2.4025,1.6445
2014-03-31,4406.00000,3307.00000,1099.00000,190.00000,485.00000,89.00000,586.00000,513.00000,-2.00000,511.00000,153.00000,358.00000,358.00000,338.00000,618.00000,513.00000,184.30000,184.70000,1.83000,1.83000,2.39070,0.17420,0.21890,24.94330,11.64320,11.64320,11.59780,7.67140,0.29870,1.28180,1.49410,60.23830,4.62890,5.17860,2.42700,3.82230,42.05550,1.42390,0.84460
2013-12-31,4588.00000,3499.00000,1089.00000,181.00000,425.00000,70.00000,536.00000,553.00000,-6.00000,547.00000,86.00000,461.00000,461.00000,432.00000,655.00000,553.00000,186.99400,187.41800,2.32000,2.32000,2.56500,0.17520,0.22110,23.73580,12.05320,12.05320,11.92240,9.41590,0.31150,1.46960,1.73200,51.96380,5.85770,6.53720,3.13010,4.83130,42.15320,3.9987,2.6278
2013-09-30,4266.00000,3185.00000,1081.00000,173.00000,464.00000,80.00000,557.00000,524.00000,4.00000,528.00000,154.00000,374.00000,374.00000,355.00000,629.00000,524.00000,186.00000,186.50000,1.91000,1.90000,2.51500,0.18830,0.24020,25.33990,12.28320,12.28320,12.37690,8.32160,0.29760,1.26740,1.57480,57.15190,5.01070,5.62830,2.60880,4.06740,39.82920,2.0465,1.2718
2013-06-30,4525.00000,3372.00000,1153.00000,177.00000,484.00000,118.00000,543.00000,610.00000,3.00000,613.00000,172.00000,441.00000,441.00000,414.00000,712.00000,610.00000,187.80000,188.20000,2.20000,2.20000,2.13860,0.09610,0.11800,25.48070,13.48070,13.48070,13.54700,9.14920,0.34680,1.36240,1.64850,54.59670,6.21740,7.01890,3.37980,5.62000,37.86970,2.8341,1.9766
2013-03-31,3922.00000,2965.00000,957.00000,182.00000,444.00000,83.00000,543.00000,414.00000,17.00000,431.00000,119.00000,312.00000,312.00000,282.00000,512.00000,414.00000,188.40000,188.80000,1.50000,1.49000,2.21680,0.09460,0.11400,24.40080,10.55580,10.55580,10.98930,7.19020,0.30750,1.24210,1.57130,57.27690,4.42870,5.00400,2.44590,4.00980,37.13760,2.26690,1.66310
2012-12-31,4292.00000,3326.00000,966.00000,174.00000,390.00000,63.00000,501.00000,465.00000,8.00000,473.00000,75.00000,398.00000,398.00000,369.00000,564.00000,465.00000,189.28700,189.66900,1.96000,1.96000,2.28540,0.09100,0.11110,22.50700,10.83410,10.83410,11.02050,8.59740,0.34200,1.49750,1.73410,51.89890,5.70690,6.46100,3.17180,5.18770,36.74390,3.9132,2.5187
2012-09-30,4118.00000,3076.00000,1042.00000,186.00000,456.00000,93.00000,549.00000,493.00000,-6.00000,487.00000,117.00000,370.00000,370.00000,352.00000,584.00000,493.00000,188.60000,189.00000,1.87000,1.86000,2.15020,0.08930,0.11720,25.30350,11.97180,11.97180,11.82610,8.54780,0.33170,1.19690,1.64520,54.70370,5.41410,6.14010,2.98050,4.93070,35.94950,2.0756,1.2315
2012-06-30,4452.00000,3242.00000,1210.00000,187.00000,487.00000,112.00000,562.00000,648.00000,13.00000,661.00000,166.00000,495.00000,495.00000,469.00000,734.00000,648.00000,189.80000,190.10000,2.47000,2.47000,2.02970,0.09210,0.12330,27.17880,14.55530,14.55530,14.84730,10.53460,0.36580,1.25610,1.69920,52.96500,7.68990,8.49930,4.06770,6.98170,33.80780,1.9783,1.2394
2012-03-31,4472.00000,3274.00000,1198.00000,181.00000,475.00000,106.00000,550.00000,648.00000,2.00000,650.00000,175.00000,475.00000,475.00000,455.00000,733.00000,648.00000,190.40000,190.80000,2.39000,2.38000,2.01570,0.09280,0.10740,26.78890,14.49020,14.49020,14.53490,10.17440,0.36900,1.37450,1.66620,54.01610,7.47090,8.23790,3.91950,6.77800,33.08010,0.11010,-0.55030
2011-12-31,4921.00000,3680.00000,1241.00000,179.00000,496.00000,179.00000,496.00000,745.00000,13.00000,758.00000,186.00000,572.00000,572.00000,548.00000,827.00000,745.00000,192.97200,193.59800,2.87000,2.85000,1.93900,0.10140,0.13430,25.21850,15.13920,15.13920,15.40340,11.13600,0.42180,1.71880,1.94810,46.19790,9.80960,10.86420,4.90230,8.81490,30.36980,3.6087,2.3935
2011-09-30,4626.00000,3438.00000,1188.00000,164.00000,489.00000,104.00000,549.00000,639.00000,-10.00000,629.00000,157.00000,472.00000,472.00000,452.00000,723.00000,639.00000,192.10000,192.70000,2.35000,2.35000,1.87760,0.10710,0.12860,25.68090,13.81320,13.81320,13.59710,9.77090,0.40800,1.49800,1.73520,51.86770,8.51370,9.47220,4.16300,7.60190,28.74030,3.2719,2.4215
2011-06-30,4641.00000,3438.00000,1203.00000,157.00000,463.00000,185.00000,435.00000,768.00000,-6.00000,762.00000,225.00000,537.00000,537.00000,505.00000,848.00000,768.00000,193.80000,194.40000,2.61000,2.60000,1.92220,0.11290,0.13790,25.92110,16.54820,16.54820,16.41890,10.88130,0.41020,1.51120,1.66940,53.91080,9.73360,10.84190,4.74680,8.63480,28.33590,3.3784,2.7365
2011-03-31,3860.00000,2903.00000,957.00000,129.00000,389.00000,90.00000,428.00000,529.00000,-7.00000,522.00000,157.00000,365.00000,365.00000,343.00000,608.00000,529.00000,195.50000,196.10000,1.75000,1.75000,1.88180,0.11640,0.14750,24.79280,13.70470,13.70470,13.52330,8.88600,0.35990,1.31830,1.50190,59.92230,7.02060,7.91070,3.40290,6.20330,26.48500,0.44880,-0.01530
2010-12-31,4139.00000,3155.00000,984.00000,123.00000,423.00000,87.00000,459.00000,525.00000,5.00000,530.00000,139.00000,391.00000,391.00000,362.00000,606.00000,525.00000,196.69900,197.14800,1.84000,1.84000,1.92910,0.12430,0.15830,23.77390,12.68420,12.68420,12.80500,8.74610,0.39790,1.59590,1.84530,48.77270,7.82630,8.87220,3.75890,6.85360,25.25780,1.9495,1.0137
2010-09-30,3401.00000,2571.00000,830.00000,103.00000,375.00000,83.00000,395.00000,435.00000,3.00000,438.00000,129.00000,309.00000,309.00000,283.00000,513.00000,435.00000,195.80000,196.30000,1.45000,1.44000,1.94660,0.14010,0.18470,24.40460,12.79040,12.79040,12.87860,8.32110,0.34450,1.34610,1.52170,59.14440,6.87580,7.90280,3.13010,5.91270,22.71990,0.9891,0.6058
2010-06-30,3208.00000,2455.00000,753.00000,96.00000,354.00000,93.00000,357.00000,396.00000,-4.00000,392.00000,122.00000,270.00000,270.00000,246.00000,478.00000,396.00000,196.90000,197.30000,1.25000,1.25000,1.93980,0.13850,0.18170,23.47260,12.34410,12.34410,12.21950,7.66830,0.34830,1.48610,1.56340,57.56860,6.49040,7.55880,2.93160,5.59120,20.92560,1.5301,1.3271
2010-03-31,2478.00000,1877.00000,601.00000,92.00000,335.00000,72.00000,355.00000,246.00000,11.00000,257.00000,87.00000,170.00000,170.00000,149.00000,325.00000,246.00000,198.40000,198.70000,0.75000,0.75000,1.97910,0.13640,0.18140,24.25340,9.92740,9.92740,10.37130,6.01290,0.28260,1.21180,1.43490,62.72400,4.19550,4.93040,1.93860,3.62320,20.19940,0.63410,0.58880
2009-12-31,3400.00000,2627.00000,773.00000,108.00000,348.00000,72.00000,388.00000,385.00000,-11.00000,374.00000,84.00000,290.00000,290.00000,270.00000,473.00000,385.00000,197.44600,197.69500,1.37000,1.36000,2.05720,0.13680,0.16770,22.73530,11.32350,11.32350,11.00000,7.94120,0.38570,1.95900,1.69660,53.04710,7.21390,8.45970,3.28950,6.22720,19.97020,2.0607,1.5341
2009-09-30,2530.00000,2027.00000,503.00000,90.00000,304.00000,60.00000,356.00000,147.00000,-1.00000,146.00000,36.00000,110.00000,110.00000,95.00000,231.00000,147.00000,197.40000,197.80000,0.48000,0.48000,2.00910,0.14040,0.17910,19.88140,5.81030,5.81030,5.77080,3.75490,0.30280,1.38740,1.46160,61.57710,2.89250,3.42570,1.31660,2.48640,18.84540,2.0645,1.7423
2009-06-30,2431.00000,1983.00000,448.00000,79.00000,287.00000,46.00000,327.00000,121.00000,-22.00000,99.00000,29.00000,70.00000,70.00000,56.00000,199.00000,121.00000,197.10000,197.40000,0.28000,0.28000,2.06860,0.14650,0.18920,18.42860,4.97740,4.97740,4.07240,2.30360,0.29930,1.29190,1.40930,63.86260,1.94710,2.33960,0.86200,1.66190,17.81470,1.2403,0.866
2009-03-31,2439.00000,1994.00000,445.00000,85.00000,300.00000,35.00000,416.00000,29.00000,-8.00000,21.00000,7.00000,14.00000,14.00000,7.00000,105.00000,29.00000,196.80000,197.00000,0.04000,0.04000,1.94390,0.15960,0.21210,18.24520,1.18900,1.18900,0.86100,0.28700,0.29820,1.14730,1.41060,63.80070,0.40850,0.49650,0.17120,0.34330,16.98220,0.38580,0.09140
