Date,revenue,cost-goods-sold,gross-profit,research-development-expenses,selling-general-administrative-expenses,other-operating-income-expenses,operating-expenses,operating-income,total-non-operating-income-expense,pre-tax-income,total-provision-income-taxes,income-after-taxes,income-from-continuous-operations,net-income,ebitda,ebit,basic-shares-outstanding,shares-outstanding,eps-basic-net-earnings-per-share,eps-earnings-per-share-diluted,current-ratio,long-term-debt-capital,debt-equity-ratio,gross-margin,operating-margin,ebit-margin,pre-tax-profit-margin,net-profit-margin,asset-turnover,inventory-turnover,receiveable-turnover,days-sales-in-receivables,roe,return-on-tangible-equity,roa,roi,book-value-per-share,operating-cash-flow-per-share,free-cash-flow-per-share
2023-12-31,327.04500,144.87000,182.17500,14.02800,117.96000,,131.98800,50.18700,-9.50500,40.68200,7.61100,33.07100,33.07100,33.07100,,50.18700,30.75900,31.50200,1.08000,1.05000,,,,,,,,,,,,,,,,,,,
2023-09-30,304.57800,136.51900,168.05900,12.46400,125.29500,,137.75900,30.30000,-10.01900,20.28100,4.44400,15.83700,15.83700,15.83700,49.71900,30.30000,30.74100,31.68900,0.52000,0.50000,1.66260,0.54200,1.27200,55.17770,9.94820,9.94820,6.65870,5.19970,0.13100,0.41900,1.32310,68.02080,1.98910,-2.34170,0.68100,0.91100,25.89540,1.458,1.2868
2023-06-30,317.65200,146.96200,170.69000,13.57200,129.70000,,143.27200,27.41800,-9.99700,17.42100,3.68900,13.73200,13.73200,13.73200,46.98900,27.41800,30.66200,31.79500,0.45000,0.43000,1.74290,0.55460,1.33440,53.73490,8.63150,8.63150,5.48430,4.32300,0.13680,0.44900,1.38560,64.95490,1.76010,-1.95880,0.59120,0.78390,25.38540,0.8412,0.7013
2023-03-31,295.46800,140.14700,155.32100,12.53900,130.08300,,142.62200,12.69900,-10.25500,2.44400,0.62500,1.81900,1.81900,1.81900,32.13900,12.69900,30.51100,31.20400,0.06000,0.06000,1.90240,0.56950,1.41530,52.56780,4.29790,4.29790,0.82720,0.61560,0.12740,0.41790,1.38600,64.93560,0.24170,-0.24700,0.07840,0.10410,24.62220,-0.12330,-0.25960
2022-12-31,250.86700,119.00500,131.86200,12.22000,120.73800,,132.95800,-1.09600,-9.44300,-10.53900,-37.12300,26.58400,26.58400,26.58400,18.14700,-1.09590,30.04000,30.04000,0.95000,1.02000,1.95990,0.56920,1.41480,52.56250,-0.43690,-0.43690,-4.20100,10.59690,0.10920,0.35810,1.31110,68.64610,3.56570,-3.53660,1.15700,1.53610,24.45370,-0.3349,-0.5422
2022-09-30,275.08800,123.47300,151.61500,12.76700,114.60000,,127.36700,24.24800,-8.53600,15.71200,-30.43800,46.15000,46.15000,46.15000,43.36300,24.24800,30.47300,31.10300,1.51000,1.48000,2.75310,0.59130,1.44720,55.11510,8.81460,8.81460,5.71160,16.77650,0.12000,0.40510,1.39440,64.54600,6.44250,-5.86120,2.01350,2.63300,23.50420,0.8051,0.6029
2022-06-30,277.19000,125.41300,151.77700,11.49300,115.82600,,127.31900,24.45800,-117.93900,-93.48100,74.81000,-168.29100,-168.29100,-168.29100,42.81800,24.45800,29.77500,29.77500,-5.65000,-5.65000,2.87030,0.59350,1.46020,54.75560,8.82360,8.82360,-33.72450,-60.71320,0.13380,0.43290,1.37140,65.62540,-25.00730,27.90410,-8.12110,-10.16620,22.09210,0.6312,0.4203
2022-03-31,242.32700,106.33600,135.99100,10.67200,102.87500,,113.54700,22.44400,-4.99800,17.44600,2.47100,14.97500,14.97500,14.97500,40.15500,22.44400,29.42800,35.15500,0.51000,0.47000,2.60290,0.47120,0.90660,56.11880,9.26190,9.26190,7.19940,6.17970,0.13570,0.41910,1.32240,68.05810,1.89670,-5.13880,0.83860,1.00300,26.74890,0.00930,-0.09550
2021-12-31,273.97000,118.11300,155.85700,11.36100,107.27900,,118.64000,37.21700,-7.56900,29.64800,5.20400,24.44400,24.44400,24.44400,58.08000,37.21710,29.16200,32.21600,0.83000,0.75000,2.33990,0.46120,0.87170,56.88840,13.58430,13.58440,10.82160,8.92210,0.15510,0.50990,1.48990,60.40580,3.11220,-8.06350,1.38410,1.67670,26.74000,1.0432,0.945
2021-09-30,248.82700,106.52100,142.30600,10.85900,104.73600,,115.59500,26.71100,-9.27200,17.43900,2.49100,14.94800,14.94800,14.94800,47.33000,26.71100,29.17900,32.14300,0.51000,0.47000,2.42040,0.48210,0.94690,57.19070,10.73480,10.73480,7.00850,6.00740,0.14190,0.46600,1.50410,59.83660,1.97810,-4.38580,0.85220,1.02450,25.84860,0.682,0.5067
2021-06-30,255.16100,113.73700,141.42400,11.31800,104.39900,,115.71700,25.70700,-9.42000,16.28700,2.99700,13.29000,13.29000,13.29000,47.07400,25.70700,29.12500,32.46400,0.46000,0.41000,2.23310,0.48740,0.98010,55.42540,10.07480,10.07480,6.38300,5.20850,0.14480,0.53820,1.51010,59.59740,1.78510,-3.68750,0.75430,0.91510,25.53240,1.0321,0.9432
2021-03-31,232.67700,104.22800,128.44900,10.02700,98.34000,,108.36700,20.08200,-10.35100,9.73100,-0.12900,9.86000,9.86000,9.86000,41.91900,20.08200,28.97200,31.37800,0.34000,0.31000,2.32970,0.49990,1.02730,55.20490,8.63080,8.63080,4.18220,4.23760,0.13320,0.50650,1.41920,63.41780,1.35890,-2.55150,0.56450,0.67960,24.95340,0.71210,0.61300
2020-12-31,252.82900,117.31500,135.51400,11.71700,99.09500,,110.81200,24.70200,-11.20400,13.49800,-10.64200,24.14000,24.14000,24.14000,46.21600,24.70200,28.58100,29.46400,0.84000,0.85000,2.19060,0.50910,1.06290,53.59910,9.77020,9.77020,5.33880,9.54800,0.14430,0.60200,1.42720,63.06110,3.40460,-5.87440,1.37810,1.67140,24.54350,0.6818,0.5753
2020-09-30,237.83500,104.13700,133.69800,9.93600,94.38000,,104.31600,29.38200,-12.03200,17.35000,10.50000,6.85000,6.85000,6.85000,50.78600,29.38200,28.58300,29.42600,0.24000,0.23000,2.25780,0.52680,1.13780,56.21460,12.35390,12.35390,7.29500,2.88010,0.13640,0.57010,1.42760,63.04110,1.00270,-1.54300,0.39300,0.47450,23.88940,1.184,1.0792
2020-06-30,157.78500,85.85600,71.92900,8.70000,84.47500,,93.17500,-21.24600,-11.49000,-32.73600,-5.33600,-27.40000,-27.40000,-27.40000,0.37100,-21.24600,28.54200,28.54200,-0.96000,-0.96000,2.51450,0.53940,1.19370,45.58670,-13.46520,-13.46520,-20.74720,-17.36540,0.09150,0.48860,1.10020,81.80170,-4.05990,5.96980,-1.58940,-1.86990,23.62760,0.1991,0.0638
2020-03-31,214.01000,94.85100,119.15900,10.12000,95.86700,,105.98700,13.17200,-9.68100,3.49100,-2.43600,5.92700,5.92700,5.92700,34.67700,13.17200,28.47800,29.70700,0.21000,0.20000,2.45720,0.52410,1.12050,55.67920,6.15490,6.15490,1.63120,2.76950,0.12220,0.54340,1.28530,70.02180,0.84470,-1.34990,0.33850,0.40200,24.60240,0.12530,0.03020
2019-12-31,264.86600,122.89000,141.97600,12.09400,102.00200,,114.09600,27.88000,-10.64000,17.24000,2.30600,14.93400,14.93400,14.93400,50.32400,27.88000,28.32500,29.49500,0.52000,0.51000,2.11270,0.51530,1.08210,53.60300,10.52610,10.52610,6.50900,5.63830,0.14920,0.74650,1.40070,64.25410,2.10200,-3.39120,0.84130,1.01890,24.99710,1.4042,1.1896
2019-09-30,233.59000,103.47900,130.11100,10.98500,98.18700,,109.17200,20.93900,-11.49500,9.44400,2.47400,6.97000,6.97000,6.97000,42.75700,20.93900,28.35300,29.79200,0.25000,0.23000,2.48360,0.52690,1.13300,55.70060,8.96400,8.96400,4.04300,2.98390,0.13280,0.59500,1.34800,66.76390,0.99440,-1.54670,0.39640,0.47040,24.70560,1.2193,1.0606
2019-06-30,238.26300,107.07300,131.19000,11.80600,100.72600,,112.53200,18.65800,-12.16000,6.49800,0.80300,5.69500,5.69500,5.69500,39.61800,18.65800,28.27600,29.33700,0.20000,0.19000,2.54990,0.53320,1.16160,55.06100,7.83080,7.83080,2.72720,2.39020,0.13540,0.61960,1.33080,67.62910,0.81710,-1.24450,0.32370,0.38140,24.63890,0.7369,0.5684
2019-03-31,218.37800,96.94000,121.43800,10.57500,99.22600,,109.80100,11.63700,-13.59400,-1.95700,-2.97800,1.02100,1.02100,1.02100,30.49400,11.63700,28.17300,29.03400,0.04000,0.04000,2.58280,0.53690,1.18020,55.60910,5.32880,5.32880,-0.89620,0.46750,0.12400,0.56660,1.26820,70.96660,0.14730,-0.21760,0.05800,0.06820,24.55820,-0.13500,-0.27350
2018-12-31,242.44300,109.78800,132.65500,10.37000,96.46200,,106.83190,25.82300,-5.52900,20.29400,4.64100,15.65300,15.65300,15.65300,41.41600,25.82300,28.11800,28.89000,0.55000,0.54000,2.32600,0.39840,0.68990,54.71600,10.65120,10.65120,8.37060,6.45640,0.17710,0.71010,1.33540,67.39520,2.36350,-10.34140,1.14330,1.42190,23.54150,0.8668,0.6994
2018-09-30,202.30700,91.68000,110.62700,14.12200,84.98300,,99.10500,11.52200,-5.21400,6.30800,0.48300,5.82500,5.82500,5.82500,27.23400,11.52200,28.12400,29.08800,0.21000,0.20000,2.20420,0.40430,0.70630,54.68270,5.69530,5.69530,3.11800,2.87930,0.14840,0.59680,1.25660,71.62380,0.89250,-3.56240,0.42740,0.53170,23.20720,0.1365,-0.0148
2018-06-30,212.82000,96.54900,116.27100,9.98500,89.60400,,99.58900,16.68200,-5.09100,11.59100,2.87200,8.71900,8.71900,8.71900,31.92900,16.68200,28.07500,28.84600,0.31000,0.30000,1.96640,0.40010,0.69300,54.63350,7.83860,7.83860,5.44640,4.09690,0.15610,0.67330,1.31620,68.37620,1.34510,-4.76950,0.63930,0.80700,23.06240,0.7067,0.5864
2018-03-31,202.06400,92.50700,109.55700,7.71100,84.56800,,92.27900,17.27800,-4.81800,12.46000,1.80300,10.65700,10.65700,10.65700,32.52900,17.27800,28.00800,28.57300,0.38000,0.37000,2.14930,0.40770,0.71300,54.21900,8.55070,8.55070,6.16640,5.27410,0.14970,0.63450,1.28040,70.28960,1.65830,-5.95740,0.78940,0.98220,22.92480,0.87570,0.74330
2017-12-31,222.55400,98.59700,123.95700,8.37800,92.40300,,100.78110,23.17600,-4.88000,18.29600,-28.40000,46.69600,46.69600,46.69600,38.66200,23.17600,27.93900,28.17100,1.67000,1.65000,2.37850,0.42760,0.77040,55.69750,10.41360,10.41370,8.22090,20.98190,0.16390,0.69710,1.33240,67.54910,7.39530,-25.17820,3.43870,4.23290,22.58260,0.7394,0.6112
2017-09-30,190.11700,87.57000,102.54700,8.27000,80.80700,,89.07700,13.47000,-4.80600,8.66400,1.46700,7.19700,7.19700,7.19700,28.33200,13.47000,27.92400,28.18300,0.26000,0.26000,2.56010,0.45630,0.86210,53.93890,7.08510,7.08510,4.55720,3.78560,0.13970,0.58560,1.29560,69.46380,1.22050,-3.11450,0.52870,0.66370,21.11460,0.4747,0.3435
2017-06-30,197.15400,92.50200,104.65200,8.04100,83.82800,,91.86900,12.78300,-4.39800,8.38500,2.24600,6.13900,6.13900,6.13900,27.05900,12.78300,27.89100,28.13900,0.22000,0.22000,2.62360,0.45390,0.85250,53.08130,6.48380,6.48380,4.25300,3.11380,0.14760,0.67780,1.35600,66.37040,1.05420,-2.67240,0.45970,0.57570,20.85870,0.5643,0.4607
2017-03-31,186.56700,86.68200,99.88500,7.61800,94.76100,,102.37900,-2.49400,-4.11900,-6.61300,-2.06800,-4.54500,-4.54500,-4.54500,11.43000,-2.49400,27.86700,27.86700,-0.16000,-0.16000,2.65860,0.45840,0.86590,53.53840,-1.33680,-1.33680,-3.54460,-2.43610,0.14050,0.61880,1.33400,67.46610,-0.78970,1.91450,-0.34220,-0.42770,20.65390,0.54900,0.45620
2016-12-31,204.09400,97.13500,106.95900,7.63400,86.71900,,94.35300,12.60610,-3.91100,8.69500,1.98700,6.70800,6.70800,6.70800,26.70510,12.60600,27.80400,27.96400,0.25000,0.24000,2.90040,0.45680,0.85860,52.40670,6.17660,6.17660,4.26030,3.28670,0.15360,0.71490,1.37670,65.37160,1.15540,-2.83470,0.50470,0.62760,20.86300,0.4893,0.335
2016-09-30,184.79200,83.58300,101.20900,8.35300,79.00900,,87.36200,13.84700,-3.86100,9.98600,2.64900,7.33700,7.33700,7.33700,27.76600,13.84700,27.81800,27.95100,0.26000,0.26000,3.27290,0.45630,0.85650,54.76910,7.49330,7.49330,5.40390,3.97040,0.13890,0.44330,1.38740,64.86810,1.25600,-3.07740,0.55140,0.68290,20.99990,0.8859,0.787
2016-06-30,193.43300,91.01100,102.42200,8.00900,86.72900,,94.73800,7.68400,-3.75700,3.92700,1.04300,2.88400,2.88400,2.88400,21.71700,7.68400,27.77600,27.94100,0.10000,0.10000,3.49270,0.46730,0.89490,52.94960,3.97240,3.97240,2.03020,1.49100,0.14450,0.50590,1.38540,64.96200,0.49750,-1.16580,0.21540,0.26500,20.84320,0.6483,0.4745
2016-03-31,181.20100,83.46100,97.74000,8.25800,85.94300,,94.20100,3.53900,-6.77200,-3.23300,-0.96800,-2.26500,-2.26500,-2.26500,16.79700,3.53900,27.72100,27.72100,-0.08000,-0.08000,3.56670,0.46770,0.89590,53.94010,1.95310,1.95310,-1.78420,-1.25000,0.13490,0.45090,1.34810,66.76060,-0.38900,0.90490,-0.16870,-0.20710,20.98870,-0.59730,-0.69790
2015-12-31,191.01700,88.64100,102.37600,6.74100,82.66800,,89.40900,12.96700,-1.57800,11.38900,3.53700,7.85200,7.85200,7.85200,24.53800,12.96700,27.65300,27.85800,0.28000,0.27000,3.00540,0.31530,0.46290,53.59520,6.78840,6.78840,5.96230,4.11060,0.17340,0.66470,1.42700,63.07120,1.34210,48.31730,0.71270,0.91890,21.11490,0.4398,0.3125
2015-09-30,169.18400,75.63800,93.54600,6.65200,72.05600,,78.70800,14.83800,-1.50400,13.33400,4.46100,8.87300,8.87300,8.87300,26.06500,14.83800,27.70100,27.89800,0.32000,0.32000,3.43640,0.31090,0.45340,55.29250,8.77030,8.77030,7.88140,5.24460,0.15460,0.46820,1.35680,66.33450,1.53670,103.04230,0.81100,1.05890,20.84490,0.4885,0.3565
2015-06-30,181.02700,87.52900,93.49800,7.50100,73.58100,,81.08200,12.41600,-1.48900,10.92700,3.46600,7.46100,7.46100,7.46100,23.32700,12.41600,27.62000,27.85700,0.27000,0.27000,3.40610,0.30900,0.44950,51.64870,6.85860,6.85860,6.03610,4.12150,0.16620,0.58670,1.39620,64.46220,1.29060,125.14180,0.68490,0.89180,20.87210,0.3671,0.2337
2015-03-31,177.94000,85.65800,92.28200,6.54200,74.78600,,81.32800,10.95400,-1.46000,9.49400,3.18200,6.31200,6.31200,6.31200,21.12400,10.95400,27.57300,27.82000,0.23000,0.23000,3.29620,0.30940,0.45020,51.86130,6.15600,6.15600,5.33550,3.54730,0.16360,0.59400,1.37990,65.22140,1.09950,138.91010,0.58030,0.75930,20.81550,0.53230,0.38630
2014-12-31,195.00300,90.97000,104.03300,7.10500,79.83900,,86.94400,17.08900,-1.53900,15.55000,4.21100,11.33900,11.33900,11.33900,28.80300,17.08900,27.40100,27.76900,0.40000,0.41000,3.28700,0.29240,0.41530,53.34940,8.76350,8.76350,7.97420,5.81480,0.17760,0.61400,1.50150,59.93910,1.95060,131.45180,1.03250,1.38030,21.09590,0.9194,0.8069
2014-09-30,174.96100,78.54700,96.41400,6.91000,87.05500,,93.96500,2.44900,-1.54000,0.90900,-1.06300,1.97200,1.97200,1.97200,14.16500,2.44900,27.45400,27.68800,0.07000,0.07000,3.16520,0.29400,0.41840,55.10600,1.39970,1.39970,0.51950,1.12710,0.15770,0.48460,1.36530,65.92190,0.33270,11.38240,0.17770,0.23490,21.49010,0.53,0.3989
2014-06-30,188.15000,87.12200,101.02800,6.85400,78.23400,,85.08800,15.94000,-1.57100,14.36900,4.11400,10.25500,10.25500,10.25500,27.37600,15.94000,27.25700,27.75300,0.38000,0.37000,3.68300,0.28910,0.40860,53.69550,8.47200,8.47200,7.63700,5.45040,0.17150,0.55490,1.34390,66.96690,1.70310,25.11460,0.93450,1.21080,22.02390,0.2865,0.121
2014-03-31,181.94100,79.35900,102.58200,6.91000,78.36400,,85.27400,17.30800,-1.46100,15.84700,7.22100,8.62600,8.62600,8.62600,28.17600,17.30800,27.34900,27.85400,0.32000,0.31000,3.63760,0.28850,0.40740,56.38200,9.51300,9.51300,8.71000,4.74110,0.16800,0.52150,1.37470,65.47050,1.44860,27.89150,0.79630,1.03070,21.58990,0.61120,0.46530
2013-12-31,203.44200,92.04700,111.39500,6.43800,101.70300,,95.21400,16.18100,-1.48200,14.69900,4.47200,10.22700,10.22700,10.22700,28.50700,16.18100,27.72200,28.11400,0.37000,0.37000,3.34460,0.26130,0.35550,54.75520,7.95360,7.95360,7.22520,5.02700,0.18660,0.64270,1.41050,63.80590,1.68670,26.59740,0.93780,1.24600,21.98320,0.9522,0.783
2013-09-30,179.25500,83.83100,95.42400,7.10800,73.47600,-6.03500,86.61900,8.80500,-1.38200,7.42300,1.73600,5.68700,5.68700,5.68700,20.53000,8.80500,27.51800,27.83400,0.21000,0.20000,3.60750,0.27440,0.38010,53.23370,4.91200,4.91200,4.14100,3.17260,0.16540,0.55520,1.33800,67.26690,0.96030,27.03970,0.52470,0.69670,21.47170,1.0997,0.9058
2013-06-30,192.99300,90.07700,102.91600,6.59100,77.17400,-3.49900,87.26400,15.65200,-1.38300,14.26900,4.73600,9.53300,9.53300,9.53300,27.73900,15.65200,27.59100,27.98300,0.35000,0.34000,3.61660,0.28500,0.40040,53.32630,8.11010,8.11010,7.39350,4.93960,0.17820,0.60570,1.34610,66.85890,1.63050,6.41160,0.88020,1.16590,21.27150,0.6354,0.4873
2013-03-31,187.01400,84.33200,102.68200,5.69400,77.72500,-3.39300,86.81200,15.87000,-1.62900,14.24100,3.74900,10.49200,10.49200,10.49200,27.59900,15.87000,28.12700,28.50000,0.37000,0.37000,3.64290,0.27340,0.37790,54.90610,8.48600,8.48600,7.61490,5.61030,0.17270,0.53760,1.35910,66.21820,1.75570,6.57350,0.96880,1.27580,21.46250,0.19200,0.04710
2012-12-31,201.24400,93.95700,107.28700,6.85000,79.89200,-3.52900,90.27100,17.01600,-1.39700,15.61900,4.72200,10.89700,10.89700,10.89700,28.86200,17.01600,28.30100,28.65300,0.38000,0.38000,2.78640,0.20940,0.26660,53.31190,8.45540,8.45540,7.76120,5.41480,0.18650,0.60140,1.41700,63.51440,1.79520,44.82340,1.01010,1.41930,21.39350,1.1895,0.994
2012-09-30,181.88500,83.97200,97.91300,7.07700,74.06400,-2.65800,83.79900,14.11400,-1.34500,12.76900,3.44900,9.32000,9.32000,9.32000,25.82000,14.11400,28.43800,28.72100,0.33000,0.32000,2.74550,0.21850,0.28130,53.83240,7.75980,7.75980,7.02040,5.12410,0.16710,0.50790,1.35570,66.38830,1.54700,6.09540,0.85600,1.20900,21.15260,0.9724,0.8208
2012-06-30,189.69500,89.96300,99.73200,7.19200,73.70700,-1.77500,82.67400,17.05800,-1.55100,15.50700,5.21100,10.29600,10.29600,10.29600,28.31000,17.05800,28.32700,28.67200,0.36000,0.36000,2.49500,0.19690,0.28310,52.57490,8.99230,8.99230,8.17470,5.42770,0.17880,0.56530,1.39380,64.56970,1.73510,6.17260,0.97020,1.39360,20.88640,0.8928,0.7139
2012-03-31,194.31600,93.40500,100.91100,7.09500,74.80600,-1.98800,83.88900,17.02200,-1.43700,15.58500,5.61700,9.96800,9.96800,9.96800,28.83400,17.02200,28.02900,28.48400,0.36000,0.35000,2.11810,0.19150,0.32920,51.93140,8.76000,8.76000,8.02040,5.12980,0.18050,0.57170,1.36500,65.93170,1.69890,6.29740,0.92590,1.37360,20.81770,0.26780,0.04230
2011-12-31,185.57710,89.12500,96.45210,7.15200,70.32500,-0.30000,138.07890,-41.62690,-2.05900,-43.68600,-18.55200,-25.13400,-25.13400,-25.13400,29.56020,-41.62690,28.24600,28.63300,-0.89000,-0.87000,2.71930,0.13440,0.25040,51.97410,-22.43100,-22.43110,-23.54060,-13.54370,0.19840,0.52910,1.36810,65.78230,-4.38580,-17.61010,-2.68640,-3.79650,20.51000,0.9098,0.7407
2011-09-30,172.81400,81.50300,91.31100,7.02100,68.35000,,75.37100,15.94000,-2.80100,13.13900,4.92800,8.21100,8.21100,8.21100,26.69500,15.94000,28.34800,28.54600,0.29000,0.29000,1.59120,0.01470,0.28780,52.83770,9.22380,9.22380,7.60300,4.75140,0.17300,0.46630,1.32040,68.16170,1.34660,6.34580,0.82180,1.32680,21.84720,1.2946,1.1476
2011-06-30,183.23600,91.78100,91.45500,6.79700,67.86200,-0.09800,74.75700,16.69800,-2.82000,13.87800,5.19800,8.68000,8.68000,8.68000,27.40500,16.69800,28.44800,28.88300,0.31000,0.30000,1.75040,0.04730,0.28330,49.91110,9.11280,9.11280,7.57380,4.73710,0.18320,0.54230,1.20000,74.99920,1.40750,6.43120,0.86790,1.34080,21.59500,0.6714,0.5188
2011-03-31,183.45000,87.73400,95.71600,7.68100,70.07800,-0.69400,78.45300,17.26300,-2.89900,14.36400,5.36900,8.99500,8.99500,8.99500,27.60300,17.26300,28.26100,28.70100,0.32000,0.31000,1.98340,0.10680,0.30510,52.17550,9.41020,9.41020,7.82990,4.90320,0.18490,0.51240,1.24570,72.24680,1.49660,7.64310,0.90640,1.33680,21.24360,0.72120,0.57690
2010-12-31,184.07700,93.15400,90.92300,8.13000,68.32600,-0.91500,77.37100,13.55200,-2.92100,10.63100,3.66800,6.96300,6.96300,6.96300,24.26500,13.55200,28.71500,28.91100,0.25000,0.24000,1.94700,0.12680,0.33350,49.39400,7.36210,7.36210,5.77530,3.78270,0.18670,0.53910,1.26640,71.06540,1.18710,6.86660,0.70630,1.03660,20.78390,0.7867,0.6577
2010-09-30,172.19500,83.21200,88.98300,7.39900,66.09100,-0.29100,73.78100,15.20200,-2.80800,12.39400,3.63600,8.75800,8.75800,8.75800,25.71500,15.20200,28.42500,28.52100,0.31000,0.31000,3.14000,0.22790,0.36970,51.67570,8.82840,8.82840,7.19770,5.08610,0.17170,0.45400,1.21860,73.85750,1.51080,9.40500,0.87330,1.16650,20.61650,0.3476,0.2115
2010-06-30,181.08600,87.40300,93.68300,6.44100,71.49400,-0.97000,78.90500,14.77800,-2.90600,11.87200,4.56600,7.30600,7.30600,7.30600,25.07700,14.77800,29.10000,29.29500,0.25000,0.25000,3.26980,0.22750,0.35200,51.73400,8.16080,8.16080,6.55600,4.03450,0.18350,0.51170,1.26810,70.97230,1.26320,8.08990,0.74040,0.97570,19.84190,0.6282,0.4971
2010-03-31,176.36500,84.57000,91.79500,7.68200,70.55200,,78.23400,13.56100,-2.80100,10.76000,3.44100,7.31900,7.31900,7.31900,23.84300,13.56100,29.16500,29.40900,0.25000,0.25000,3.33600,0.22940,0.35780,52.04830,7.68920,7.68920,6.10100,4.14990,0.17770,0.50150,1.18700,75.82010,1.25260,7.69570,0.73750,0.96530,20.04570,-0.43970,-0.55310
2009-12-31,190.63300,94.60100,96.03200,8.24700,72.83000,-4.06900,85.14600,10.88600,-2.82400,8.06200,3.10700,4.95500,4.95500,4.95500,22.10200,10.88600,29.07400,29.14200,0.18000,0.18000,4.11610,0.24010,0.31980,50.37530,5.71050,5.71040,4.22910,2.59920,0.19890,0.57590,1.51100,59.56250,0.85950,5.20700,0.51700,0.65310,19.77820,-0.0246,-0.1747
2009-09-30,175.47500,87.83900,87.63600,7.70500,67.48000,-7.44900,82.63400,5.00200,-3.06000,1.94200,0.65400,1.28800,1.28800,1.28800,15.63000,5.00200,29.09300,29.18300,0.04000,0.04000,3.91310,0.24270,0.32430,49.94220,2.85050,2.85050,1.10670,0.73400,0.18440,0.53260,1.60110,56.21010,0.22570,1.46140,0.13540,0.17090,19.61070,0.4024,0.2305
2009-06-30,164.56900,87.25700,77.31200,7.39600,64.14700,-0.73400,72.27700,5.03500,-2.78000,2.25500,0.84600,1.40900,1.40900,1.40900,15.02300,5.03500,29.05600,29.08200,0.05000,0.05000,4.58300,0.24640,0.33080,46.97850,3.05950,3.05950,1.37020,0.85620,0.17680,0.53860,1.74860,51.46990,0.25010,1.76620,0.15130,0.18850,19.37740,0.2499,0.0921
2009-03-31,164.06200,87.71000,76.35200,8.48900,61.85300,1.33600,69.00600,7.34600,-1.45000,5.89600,1.41100,4.48500,4.48500,4.48500,16.79700,7.34600,29.03000,29.06100,0.15000,0.15000,4.43610,0.25190,0.34250,46.53850,4.47760,4.47760,3.59380,2.73370,0.17680,0.54870,1.80230,49.93660,0.80860,6.44560,0.48340,0.60490,19.10480,0.23110,-0.02490
