Date,revenue,cost-goods-sold,gross-profit,selling-general-administrative-expenses,operating-expenses,operating-income,total-non-operating-income-expense,pre-tax-income,total-provision-income-taxes,income-after-taxes,income-from-continuous-operations,net-income,ebitda,ebit,basic-shares-outstanding,shares-outstanding,eps-basic-net-earnings-per-share,eps-earnings-per-share-diluted,current-ratio,long-term-debt-capital,debt-equity-ratio,gross-margin,operating-margin,ebit-margin,pre-tax-profit-margin,net-profit-margin,asset-turnover,inventory-turnover,receiveable-turnover,days-sales-in-receivables,roe,return-on-tangible-equity,roa,roi,book-value-per-share,operating-cash-flow-per-share,free-cash-flow-per-share
2023-09-30,138.06400,81.89300,56.17100,32.64900,32.64900,23.52200,-4.34700,19.17500,4.01100,15.16400,15.16400,15.16400,23.68500,23.52200,56.49400,59.27200,0.27000,0.26000,3.34020,0.00010,0.00020,40.68480,17.03700,17.03700,13.88850,10.98330,0.51420,1.62550,1.73500,51.87400,7.87320,8.20510,5.64810,7.87260,3.39350,0.738,0.7373
2023-06-30,139.64500,88.55100,51.09400,30.24900,30.24900,20.84500,1.41100,22.25600,4.26900,17.98700,17.98700,17.98700,21.02000,20.84500,56.32500,58.85410,0.32000,0.31000,3.12630,0.00010,0.00020,36.58850,14.92710,14.92710,15.93760,12.88050,0.56900,1.54900,1.55870,57.73870,10.46940,10.96680,7.32900,10.46830,3.04420,0.2785,0.2781
2023-03-31,109.75900,76.09800,33.66100,26.95700,26.95700,6.70400,1.82200,8.52600,1.82100,6.70500,6.70500,6.70500,6.86900,6.70400,56.04690,57.35140,0.12000,0.12000,3.32320,0.00010,0.00030,30.66810,6.10790,6.10790,7.76790,6.10880,0.52880,1.18570,1.73700,51.81360,4.48000,4.72600,3.23010,4.47930,2.66290,0.16450,0.15670
2022-12-31,91.99100,69.55800,22.43300,27.28800,27.28800,-4.85500,2.06100,-2.79400,0.01600,-2.81000,-2.81000,-2.81000,2.31800,-4.85500,55.73300,56.12400,-0.05000,-0.05000,3.21860,0.00020,0.00030,24.38610,-5.27770,-5.27770,-3.03730,-3.05460,0.46520,0.82690,2.12210,42.41180,-1.99160,-2.10800,-1.42090,-1.99120,2.51870,0.1265,0.1251
2022-09-30,124.04300,91.46700,32.57600,23.96000,23.96000,8.61600,0.47800,9.09400,1.83600,7.25800,7.25800,7.25800,9.11300,8.61600,55.78600,56.58000,0.13000,0.13000,2.93350,0.06310,0.06750,26.26190,6.94600,6.94600,7.33130,5.85120,0.56800,1.22840,1.88750,47.68130,5.12520,5.72380,3.32360,4.80210,2.53230,0.2767,0.276
2022-06-30,115.30500,86.01600,29.28900,24.25700,24.25700,5.03200,-3.33800,1.69400,0.55500,1.13900,1.13900,1.13900,5.50700,5.03200,55.62690,55.80450,0.02000,0.02000,2.98930,0.14440,0.16900,25.40130,4.36410,4.36410,1.46910,0.98780,0.52940,1.22770,1.57320,57.20960,0.87260,0.98690,0.52290,0.74660,2.34550,-0.1932,-0.2042
2022-03-31,96.44800,77.38500,19.06300,24.80100,24.80100,-5.73800,8.58500,2.84700,0.62000,2.22700,2.22700,2.22700,-5.26800,-5.73800,55.56190,55.70040,0.04000,0.04000,2.94340,0.08620,0.09450,19.76510,-5.94930,-5.94930,2.95190,2.30900,0.48630,1.19800,1.68960,53.26770,1.74420,1.98370,1.12290,1.59380,2.29710,-0.40480,-0.40920
2021-12-31,86.58400,64.99700,21.58700,26.66200,26.66200,-5.07500,0.61800,-4.45700,-1.04000,-3.41700,-3.41700,-3.41700,-4.56300,-5.07500,53.69000,54.18600,-0.08000,-0.07000,2.34250,0.00040,0.00060,24.93190,-5.86140,-5.86130,-5.14760,-3.94650,0.43840,0.86250,1.83460,49.05700,-2.77410,-3.18010,-1.73030,-2.77310,2.21700,0.0057,-0.0022
2021-09-30,115.66900,77.16800,38.50100,20.67500,20.67500,17.82600,-2.54300,15.28300,2.29600,12.98700,12.98700,12.99000,18.33900,17.82600,53.00670,53.78010,0.25000,0.24000,2.44680,0.26080,0.39870,33.28550,15.41120,15.41120,13.21270,11.23030,0.57550,1.63540,2.02320,44.48450,13.77540,16.59740,6.46200,10.18220,1.77850,-0.0082,-0.009
2021-06-30,101.81000,72.83400,28.97600,21.44400,21.44400,7.53200,3.56400,11.09600,3.31400,7.78200,7.78200,7.79700,8.05100,7.53200,52.99590,53.32300,0.15000,0.15000,,,,28.46090,7.39810,7.39810,10.89870,7.65840,,,,,,,,,,-0.0032,-0.0039
2021-03-31,75.45000,51.36600,24.08400,19.77800,19.77800,4.30600,-1.99900,2.30700,0.66700,1.64000,1.64000,1.64500,4.83100,4.30600,53.81110,54.13820,0.03000,0.03000,,,,31.92050,5.70710,5.70710,3.05770,2.18030,,,,,,,,,,-0.29260,-0.29350
2020-12-31,,,,,,,,,,,,,,,,,,0.00000,,,,,,,,,,,,,,,,,,-0.5391,-0.5355
2020-09-30,87.32100,57.94100,29.38000,19.06000,19.06000,10.32000,0.96000,11.28000,2.26300,9.01700,9.01700,9.00700,10.32000,10.32000,58.49520,58.59070,0.15000,0.15000,,,,33.64600,11.81850,11.81850,12.91790,10.31480,,,,,,,,,,0.5391,0.5355
2019-12-31,,,,,,,,,,,,,,,,,,0.00000,,,,,,,,,,,,,,,,,,0,0
