Date,revenue,gross-profit,research-development-expenses,selling-general-administrative-expenses,operating-income,total-non-operating-income-expense,pre-tax-income,income-after-taxes,income-from-continuous-operations,net-income,ebitda,ebit,basic-shares-outstanding,shares-outstanding,eps-basic-net-earnings-per-share,eps-earnings-per-share-diluted,current-ratio,gross-margin,operating-margin,ebit-margin,pre-tax-profit-margin,net-profit-margin,asset-turnover,receiveable-turnover,days-sales-in-receivables,roe,return-on-tangible-equity,roa,roi,book-value-per-share,operating-cash-flow-per-share,free-cash-flow-per-share
2023-09-30,,,50.12700,9.45300,-59.58000,4.19800,-55.38200,-55.38200,-55.38200,-55.38200,-58.09000,-59.58000,86.16600,86.16600,-0.64000,-0.64000,8.23620,,,,,,,,,-22.80380,-18.28400,-15.58100,-18.28400,3.51700,-0.3138,-0.311
2023-06-30,,,38.87100,8.21400,-47.08500,3.00900,-44.07600,-44.07600,-44.07600,-44.07600,-47.26000,-47.08500,74.75300,74.75300,-0.59000,-0.59000,12.98750,,,,,,,,,-15.40480,-12.65000,-11.23330,-12.65000,4.08310,-0.3989,-0.4149
2023-03-31,,,36.03800,7.19900,-43.23700,4.65000,-38.58700,-38.58700,-38.58700,-38.58700,-43.75100,-43.23700,70.73500,70.73500,-0.55000,-0.55000,10.71350,,,,,,,,,-23.92950,-17.26000,-14.66080,-17.26000,3.15110,-0.55870,-0.57430
2022-12-31,,,36.74200,7.00300,-43.74500,4.12700,-39.61800,-39.61800,-39.61800,-39.61800,-44.50700,-43.74500,58.74000,58.74000,-0.50000,-0.50000,9.86870,,,,,,,,,-20.86200,-15.49180,-13.17040,-15.49180,3.65900,-0.7372,-0.7837
2022-09-30,,,29.93600,6.88500,-36.82100,1.75900,-35.06200,-35.06200,-35.06200,-35.06200,-37.02100,-36.82100,69.57600,69.57600,-0.50000,-0.50000,12.58620,,,,,,,,,-15.64490,-12.09280,-10.57490,-12.09280,4.15040,-0.1731,-0.2115
2022-06-30,,,29.47900,6.37600,-35.85500,0.92800,-34.92700,-34.92700,-34.92700,-34.92700,-35.75800,-35.85500,49.38900,49.38900,-0.71000,-0.71000,11.95590,,,,,,,,,-14.08430,-10.93570,-9.54150,-10.93570,4.86070,-0.4812,-0.5035
2022-03-31,,,25.47000,5.94800,-31.41800,0.78400,-30.63400,-30.63400,-30.63400,-30.63400,-31.34900,-31.41800,45.10600,45.10600,-0.68000,-0.68000,10.89170,,,,,,,,,-27.98570,-16.30660,-14.80840,-16.30660,4.10010,-0.62820,-0.63790
2021-12-31,,,20.51400,5.12600,-25.64000,0.72800,-24.91200,-24.91200,-24.91200,-24.91200,-25.57200,-25.64000,38.73100,38.73100,-0.62000,-0.62000,13.03700,,,,,,,,,-19.34400,-11.63110,-10.73370,-11.63110,4.88940,-0.564,-0.5761
2021-09-30,,,14.79800,5.02100,-19.81900,0.73500,-19.08400,-19.08400,-19.08400,-19.08400,-19.77100,-19.81900,39.84900,39.84900,-0.48000,-0.48000,12.41870,,,,,,,,,-17.06400,-9.67560,-8.86040,-9.67560,4.94940,-0.3321,-0.3612
2021-06-30,,,12.38800,4.90400,-17.29200,0.74300,-16.54900,-16.54900,-16.54900,-16.54900,-17.27800,-17.29200,38.44200,38.44200,-0.43000,-0.43000,16.17940,,,,,,,,,-12.98940,-7.77660,-7.24190,-7.77660,5.34270,-0.2952,-0.2984
2021-03-31,,,8.21300,4.58700,-12.80000,1.07200,-11.72800,-11.72800,-11.72800,-11.72800,-12.78300,-12.80000,34.87900,34.87900,-0.34000,-0.34000,28.15690,,,,,,,,,-8.87930,-5.17190,-4.93580,-5.17190,6.09680,-0.32590,-0.32590
2020-12-31,,,6.10800,5.34800,-11.45600,0.11800,-11.33800,-11.33800,-11.33800,-115.73800,-11.43900,-11.45600,11.08100,11.08100,-9.34000,-9.34000,18.70410,,,,,,,,,-9.15940,-4.83150,-4.51860,-4.83150,7.25450,-0.5468,-0.6417
2020-09-30,0.31200,0.31200,51.91300,5.59800,-57.19900,7.21600,-49.98300,-49.98300,-49.98300,-49.98300,-57.07700,-57.19900,9.85100,9.85100,-5.07000,-5.07000,6.63070,100.00000,-18333.01000,-18333.01000,-16020.19000,-16020.19000,0.00220,,,225.41270,225.41250,-35.73530,225.41270,-8.30720,-0.6032,0.2516
2020-06-30,0.52800,0.52800,5.12900,2.80200,-7.40300,0.01000,-7.39300,-7.39300,-7.39300,-7.39300,-7.11700,-7.40300,7.77700,7.77700,-0.95000,-0.95000,2.89620,100.00000,-1402.08300,-1402.08300,-1400.18900,-1400.18900,0.01700,,,-38.42320,-38.42320,-23.80620,-38.42320,2.46980,-1.0376,-1.0376
2020-03-31,7.03100,7.03100,9.49800,3.67400,-6.14100,0.04700,-6.09400,-6.09400,-6.09400,-6.09400,-5.84600,-6.14100,7.53400,7.53400,-0.81000,-0.81000,3.37140,100.00000,-87.34180,-87.34180,-86.67330,-86.67330,0.18060,,,-23.71020,-23.71020,-15.65010,-23.71020,3.33550,-1.04770,-1.04770
2019-12-31,15.28800,15.28800,10.35400,2.69400,2.24000,0.05700,2.29700,2.29700,2.29700,2.29700,2.55600,2.24000,7.62000,7.62000,4.98000,4.98000,3.06390,100.00000,14.65200,14.65200,15.02490,15.02490,0.30930,7.64400,11.77390,7.23190,7.23190,4.64760,7.23190,4.14320,11.8091,11.7355
2019-09-30,1.02000,1.02000,10.33500,2.72100,-12.03600,0.11300,-11.92300,-11.92300,-11.92300,-11.92300,-11.71800,-12.03600,1.91630,1.91630,-6.24000,-6.24000,1.96390,100.00000,-1180.00000,-1180.00000,-1168.92200,-1168.92200,0.01760,1.15910,77.64710,-41.65530,-41.65530,-20.59810,-41.65530,3.73390,-14.2594,-14.1579
2019-06-30,3.13800,3.13800,10.61700,3.06200,-10.54100,0.02500,-10.51600,-10.51600,-10.51600,-10.51600,-10.21600,-10.54100,7.62650,7.62650,-1.36000,-1.36000,2.41070,100.00000,-335.91460,-335.91460,-335.11790,-335.11790,0.04530,2.10320,42.79160,-26.45000,-26.45000,-15.17290,-26.45000,5.18680,-1.4662,-1.4661
2019-03-31,3.05300,3.05300,12.40300,2.49100,-11.84100,0.15000,-11.69100,-11.69100,-11.69100,-11.69100,-11.56000,-11.84100,7.52080,7.52080,-1.56000,-1.56000,2.65330,100.00000,-387.84800,-387.84800,-382.93480,-382.93480,0.03760,1.49660,60.13760,-23.71880,-23.71880,-14.38360,-23.71880,6.54600,-1.53150,-1.53710
2018-12-31,3.80500,3.80500,10.76500,2.04400,-9.00400,0.39800,-8.60600,-8.60600,-8.60600,-8.60600,-8.73900,-9.00400,6.22400,6.22400,-0.32000,-0.32000,3.24720,100.00000,-236.63600,-236.63590,-226.17600,-226.17610,0.04430,2.28120,39.45340,-14.28760,-14.28760,-10.01550,-14.28760,8.01570,-2.0781,-2.0928
2018-09-30,2.04300,2.04300,10.25200,2.36700,-10.57600,0.40800,-10.16800,-10.16800,-10.16800,-10.16800,-10.36600,-10.57600,7.46980,7.46980,-1.36000,-1.36000,3.39220,100.00000,-517.67000,-517.67000,-497.69950,-497.69950,0.02160,1.43970,62.51100,-15.05680,-15.05680,-10.72730,-15.05680,9.02670,-0.9614,-0.9713
2018-06-30,1.66600,1.66600,9.12600,1.97900,-9.43900,0.41600,-9.02300,-9.02300,-9.02300,-9.02300,-9.15700,-9.43900,7.28900,7.28900,-1.24000,-1.24000,3.91360,100.00000,-566.56660,-566.56660,-541.59660,-541.59660,0.01620,1.38600,64.93400,-11.76790,-11.76790,-8.78380,-11.76790,10.26890,0.9478,0.9136
2018-03-31,2.22000,2.22000,8.14200,1.06400,-6.98600,0.25100,-6.73500,-6.73500,-6.73500,-6.75100,-6.66800,-6.98600,2.55130,2.55130,-2.64000,-2.64000,1.53430,100.00000,-314.68470,-314.68470,-303.37840,-304.09910,0.05110,1.38660,64.90540,10.99250,10.99250,-15.51310,10.99250,-24.00820,-3.12830,-3.15770
2017-12-31,2.14000,2.14000,7.57000,1.45000,-6.88000,0.19000,-6.70200,-6.70200,-6.70200,-6.70200,-6.57400,-6.88000,2.54800,2.54800,-2.64000,-2.64000,3.78720,100.00000,-321.49530,-321.49530,-313.17760,-313.17760,0.04360,2.57830,34.90650,13.72070,13.72070,-13.64550,13.72070,-19.15150,-2.5554,-2.5938
2017-09-30,2.33100,2.33100,8.17700,1.32400,-7.17000,0.17000,-7.00000,-7.00000,-7.00000,-7.01600,-6.86500,-7.17000,2.54800,2.54800,-2.76000,-2.76000,,100.00000,-307.59330,-307.59330,-300.30030,-300.98670,,,,,,,,,-2.4676,-2.5755
2017-06-30,2.07900,2.07900,7.14100,0.97100,-6.03300,0.17000,-5.86300,-5.86300,-5.86300,-5.88000,-5.74400,-6.03300,2.54750,2.54750,-2.32000,-2.32000,,100.00000,-290.18760,-290.18760,-282.01060,-282.82830,,,,,,,,,-2.2614,-2.3466
2017-03-31,1.82700,1.82700,6.95200,0.94400,-6.06900,0.13000,-5.93900,-5.93900,-5.93900,-5.95500,-5.78900,-6.06900,2.54750,2.54750,-2.32000,-2.32000,,100.00000,-332.18390,-332.18390,-325.06840,-325.94420,,,,,,,,,-2.85300,-2.97860
2016-12-31,,,,,,,,,,,,,,,,0.00000,,,,,,,,,,,,,,,0,0
2015-12-31,,,,,,,,,,,,,,,,0.00000,,,,,,,,,,,,,,,0,0
