Date,revenue,cost-goods-sold,gross-profit,selling-general-administrative-expenses,other-operating-income-expenses,operating-expenses,operating-income,total-non-operating-income-expense,pre-tax-income,total-provision-income-taxes,income-after-taxes,income-from-continuous-operations,income-from-discontinued-operations,net-income,ebitda,ebit,basic-shares-outstanding,shares-outstanding,eps-basic-net-earnings-per-share,eps-earnings-per-share-diluted,current-ratio,long-term-debt-capital,debt-equity-ratio,gross-margin,operating-margin,ebit-margin,pre-tax-profit-margin,net-profit-margin,asset-turnover,inventory-turnover,receiveable-turnover,days-sales-in-receivables,roe,return-on-tangible-equity,roa,roi,book-value-per-share,operating-cash-flow-per-share,free-cash-flow-per-share
2024-03-31,14476.00000,5446.00000,9030.00000,2748.00000,4.00000,4955.00000,4075.00000,-267.00000,3808.00000,1257.00000,2551.00000,2551.00000,,2542.00000,6366.00000,4075.00000,1177.92100,1180.32000,2.16000,2.15000,1.35010,0.25970,0.37340,62.37910,28.15000,28.15000,26.30560,17.56010,0.15180,3.77410,2.65230,33.93340,5.17180,5.17180,2.67550,3.82870,42.17490,4.22340,1.89950
2023-12-31,15307.00000,5763.00000,9544.00000,2655.00000,-9.00000,4887.00000,4657.00000,-393.00000,4264.00000,1257.00000,3007.00000,3007.00000,,3018.00000,6959.00000,4657.00000,1202.75700,1205.67500,2.53000,2.52000,1.43230,0.26600,0.38430,62.35060,30.42400,30.42400,27.85650,19.71650,0.15960,4.12230,2.79630,32.18530,6.10200,6.10200,3.13480,4.47860,41.82910,4.3049,1.9613
2023-09-30,14866.00000,5635.00000,9231.00000,2700.00000,-19.00000,4814.00000,4417.00000,-317.00000,4100.00000,1302.00000,2798.00000,2798.00000,,2798.00000,6580.00000,4417.00000,1196.64100,1199.74600,2.33000,2.32000,1.66190,0.27580,0.39930,62.09470,29.71210,29.71210,27.57970,18.82150,0.15870,4.24960,2.62140,34.33270,5.86030,5.86030,2.98770,4.24410,40.20940,4.606,2.6012
2023-06-30,12884.00000,4699.00000,8185.00000,2603.00000,23.00000,4590.00000,3595.00000,-233.00000,3362.00000,1130.00000,2232.00000,2232.00000,,2232.00000,5673.00000,3595.00000,1207.44300,1210.34200,1.84000,1.84000,1.41400,0.24670,0.34600,63.52840,27.90280,27.90280,26.09440,17.32380,0.14380,3.80180,2.84350,31.65090,4.69590,4.69590,2.49090,3.53750,39.69220,3.2318,0.9896
2023-03-31,15517.00000,6276.00000,9241.00000,2514.00000,-11.00000,4467.00000,4774.00000,-212.00000,4562.00000,1642.00000,2920.00000,2920.00000,,2909.00000,6784.00000,4774.00000,1220.22800,1223.35500,2.38000,2.38000,1.39500,0.24210,0.34700,59.55400,30.76630,30.76630,29.40000,18.74720,0.16970,4.98890,2.92990,30.71730,6.11100,6.11100,3.19330,4.63130,39.48820,4.41650,2.20210
2022-12-31,19262.00000,8998.00000,10264.00000,2764.00000,19.00000,4744.00000,5520.00000,-285.00000,5235.00000,1986.00000,3249.00000,3249.00000,,3249.00000,7587.00000,5520.00000,1274.02800,1278.16300,2.67000,2.67000,1.45940,0.25260,0.34670,53.28630,28.65750,28.65750,27.17790,16.86740,0.20530,7.38150,2.71760,33.11810,6.76830,6.76830,3.46270,5.05850,39.22280,5.039,3.1721
2022-09-30,21614.00000,9340.00000,12274.00000,2790.00000,-6.00000,4668.00000,7606.00000,-166.00000,7440.00000,2913.00000,4527.00000,4527.00000,,4527.00000,9538.00000,7606.00000,1265.89300,1269.32100,3.56000,3.55000,1.46120,0.24930,0.34560,56.78730,35.19020,35.19020,34.42210,20.94480,0.22790,7.61830,2.93910,30.62180,9.22390,9.22390,4.77350,6.92460,39.38700,7.0949,5.4101
2022-06-30,21989.00000,9377.00000,12612.00000,2857.00000,-88.00000,4755.00000,7857.00000,-202.00000,7655.00000,2510.00000,5145.00000,5145.00000,,5145.00000,9728.00000,7857.00000,1289.79100,1295.84400,3.98000,3.96000,1.54390,0.24500,0.33810,57.35600,35.73150,35.73150,34.81290,23.39810,0.23470,7.59890,2.69700,33.36990,10.24860,10.24860,5.49130,7.73720,39.43500,6.1418,5.0951
2022-03-31,19291.00000,6820.00000,12471.00000,2582.00000,134.00000,4271.00000,8200.00000,-302.00000,7898.00000,2139.00000,5759.00000,5759.00000,,5759.00000,10084.00000,8200.00000,1301.93000,1307.40400,4.41000,4.39000,1.51290,0.26320,0.38090,64.64670,42.50690,42.50690,40.94140,29.85330,0.20670,5.80920,2.44840,36.75860,11.70100,11.70100,6.17200,8.62070,38.05170,3.87640,3.24230
2021-12-31,15963.00000,6636.00000,9327.00000,2186.00000,-788.00000,4757.00000,4570.00000,-234.00000,4336.00000,1709.00000,2627.00000,2627.00000,,2627.00000,6409.00000,4570.00000,1324.19400,1328.15100,2.01000,1.99000,1.33520,0.29210,0.43900,58.42890,28.62870,28.62870,27.16280,16.45680,0.17610,5.49340,2.39330,37.60570,5.78560,5.78560,2.89760,4.09570,34.86750,4.4697,3.9319
2021-09-30,11616.00000,4244.00000,7372.00000,1920.00000,72.00000,3520.00000,3852.00000,-270.00000,3582.00000,1203.00000,2379.00000,2379.00000,,2379.00000,5585.00000,3852.00000,1332.28600,1336.37900,1.78000,1.78000,1.93140,0.29820,0.44580,63.46420,33.16120,33.16120,30.83680,20.48040,0.13310,4.06900,2.12550,42.34250,5.39270,5.39270,2.72500,3.78440,33.44710,3.6485,3.1256
2021-06-30,10211.00000,3055.00000,7156.00000,1877.00000,-39.00000,3783.00000,3373.00000,-293.00000,3080.00000,989.00000,2091.00000,2091.00000,,2091.00000,5303.00000,3373.00000,1348.63700,1353.20100,1.55000,1.55000,2.10700,0.29810,0.45190,70.08130,33.03300,33.03300,30.16360,20.47790,0.11960,2.68450,2.25710,39.87470,4.72260,4.72260,2.44840,3.31480,33.06440,3.0818,2.3127
2021-03-31,10559.00000,4567.00000,5992.00000,2064.00000,-21.00000,3971.00000,2021.00000,-307.00000,1714.00000,732.00000,982.00000,982.00000,,982.00000,3969.00000,2021.00000,1300.37500,1302.69100,0.75000,0.75000,2.03420,0.30940,0.46410,56.74780,19.14010,19.14010,16.23260,9.30010,0.12620,4.15940,2.35640,38.19400,2.27550,2.27550,1.17330,1.57140,31.98050,1.59670,0.66250
2020-12-31,6049.00000,3495.00000,2554.00000,1526.00000,-298.00000,3365.00000,-811.00000,-275.00000,-1086.00000,-314.00000,-772.00000,-772.00000,,-772.00000,787.00000,-811.00000,1078.03000,1078.03000,-0.73000,-0.73000,2.24860,0.33070,0.51490,42.22190,-13.40720,-13.40720,-17.95340,-12.76240,0.09660,3.48800,2.19640,40.97540,-2.58640,-2.58640,-1.23290,-1.73100,27.94740,1.5492,0.5738
2020-09-30,4380.00000,1964.00000,2416.00000,1238.00000,-22.00000,2671.00000,-255.00000,-257.00000,-512.00000,-62.00000,-450.00000,-450.00000,,-450.00000,1218.00000,-255.00000,1077.37700,1077.37700,-0.42000,-0.42000,2.38340,0.32620,0.49990,55.15980,-5.82190,-5.82190,-11.68950,-10.27400,0.06940,1.89940,2.06700,43.54110,-1.46180,-1.46180,-0.71250,-0.98490,28.69560,0.8061,-0.2458
2020-06-30,4016.00000,1227.00000,2789.00000,1344.00000,9.00000,2493.00000,296.00000,-275.00000,21.00000,-257.00000,278.00000,278.00000,,260.00000,1520.00000,296.00000,1076.65900,1077.60600,0.24000,0.24000,2.69260,0.32050,0.47620,69.44720,7.37050,7.37050,0.52290,6.47410,0.06370,1.24950,2.62140,34.33270,0.88270,0.88270,0.44090,0.59980,29.36230,0.1582,0.0478
2020-03-31,4811.00000,2849.00000,1962.00000,1420.00000,-515.00000,3346.00000,-1384.00000,-179.00000,-1563.00000,148.00000,-1711.00000,-1711.00000,,-1739.00000,94.00000,-1384.00000,1084.56100,1084.56100,-1.60000,-1.60000,2.16360,0.32110,0.47700,40.78150,-28.76740,-28.76740,-32.48810,-36.14630,0.07400,3.92420,2.12500,42.35290,-5.45130,-5.45130,-2.63100,-3.70070,29.26730,1.94090,0.92660
2019-12-31,8140.00000,2934.00000,5206.00000,1736.00000,-386.00000,3610.00000,1596.00000,-310.00000,1286.00000,543.00000,743.00000,743.00000,,720.00000,3151.00000,1596.00000,1117.26000,1123.53600,0.66000,0.66000,2.40140,0.29670,0.42500,63.95580,19.60690,19.60690,15.79850,8.84520,0.11540,2.85960,2.39340,37.60320,2.11980,2.11980,1.05370,1.49080,32.30810,2.5873,1.2671
2019-09-30,10093.00000,3070.00000,7023.00000,1655.00000,-60.00000,3281.00000,3742.00000,-249.00000,3493.00000,422.00000,3071.00000,3071.00000,,3056.00000,5394.00000,3742.00000,1108.55500,1113.25000,2.76000,2.74000,2.56090,0.29580,0.42340,69.58290,37.07520,37.07520,34.60810,30.27840,0.14350,3.21470,2.79120,32.24410,8.71480,8.71480,4.36590,6.13730,32.11520,2.182,2.6325
2019-06-30,8380.00000,2796.00000,5584.00000,1741.00000,-15.00000,3246.00000,2338.00000,-280.00000,2058.00000,461.00000,1597.00000,1597.00000,,1580.00000,3915.00000,2338.00000,1125.99500,1131.24200,1.40000,1.40000,1.75630,0.30930,0.45120,66.63480,27.89980,27.89980,24.55850,18.85440,0.11760,2.56750,2.29530,39.21120,4.82860,4.82860,2.24110,3.33520,29.79260,2.5896,1.5378
2019-03-31,10057.00000,3785.00000,6272.00000,1699.00000,-9.00000,3254.00000,3018.00000,-331.00000,2687.00000,841.00000,1846.00000,1846.00000,,1833.00000,4650.00000,3018.00000,1139.46300,1146.51500,1.61000,1.60000,1.85660,0.31020,0.45310,62.36450,30.00900,30.00900,26.71770,18.22610,0.14070,3.73270,2.59940,34.62370,5.59720,5.59720,2.58190,3.86090,29.18220,2.52420,1.22020
2018-12-31,10361.00000,4088.00000,6273.00000,1707.00000,-31.00000,3350.00000,2923.00000,-251.00000,2672.00000,794.00000,1878.00000,1878.00000,,1868.00000,4622.00000,2923.00000,1166.49900,1175.53800,1.61000,1.59000,1.79500,0.31660,0.46680,60.54440,28.21160,28.21160,25.78900,18.02920,0.14810,4.05960,2.54760,35.32770,5.85700,5.85700,2.68360,4.00260,28.16710,3.1992,2.4187
2018-09-30,10165.00000,3633.00000,6532.00000,1798.00000,-54.00000,3346.00000,3186.00000,-280.00000,2906.00000,1033.00000,1873.00000,1873.00000,,1861.00000,4769.00000,3186.00000,1163.03300,1172.69400,1.60000,1.59000,1.98930,0.31720,0.46750,64.25970,31.34280,31.34280,28.58830,18.30790,0.14410,2.93220,2.25940,39.83370,5.83870,5.83870,2.65460,3.98670,27.86470,2.943,1.633
2018-06-30,9240.00000,3133.00000,6107.00000,1704.00000,-108.00000,3250.00000,2857.00000,-238.00000,2619.00000,965.00000,1654.00000,1654.00000,,1640.00000,4384.00000,2857.00000,1172.37800,1181.16700,1.40000,1.39000,1.74870,0.32280,0.47960,66.09310,30.91990,30.91990,28.34420,17.74890,0.13400,2.86640,2.35110,38.27920,5.29750,5.29750,2.39930,3.58730,26.86700,2.8384,1.2586
2018-03-31,8961.00000,3809.00000,5152.00000,1453.00000,-209.00000,3074.00000,2078.00000,-302.00000,1776.00000,876.00000,900.00000,900.00000,,888.00000,3578.00000,2078.00000,1179.79200,1186.45400,0.75000,0.75000,1.85500,0.35230,0.55490,57.49360,23.18940,23.18940,19.81920,9.90960,0.12670,3.61730,2.13760,42.10240,2.92990,2.92990,1.27250,1.89770,26.25320,2.02200,0.87070
2017-12-31,8736.00000,3649.00000,5087.00000,1654.00000,-156.00000,3443.00000,1644.00000,-319.00000,1325.00000,-273.00000,1598.00000,1598.00000,,1579.00000,3363.00000,1644.00000,1221.03800,1221.03800,1.26000,1.27000,1.75720,0.35740,0.63970,58.23030,18.81870,18.81870,15.16710,18.07460,0.11910,3.44250,2.02220,44.50550,5.18810,5.18810,2.17820,3.33410,26.16670,2.0142,0.8292
2017-09-30,7195.00000,2999.00000,4196.00000,1507.00000,-83.00000,3198.00000,998.00000,-345.00000,653.00000,217.00000,436.00000,436.00000,,420.00000,2695.00000,998.00000,1212.45400,1215.34100,0.35000,0.34000,2.37750,0.39050,0.68390,58.31830,13.87070,13.87070,9.07570,5.83740,0.09610,2.93160,2.13880,42.07920,1.41960,1.41960,0.58240,0.86530,25.68930,0.9187,2.6155
2017-06-30,8882.00000,3019.00000,5863.00000,1618.00000,-6570.00000,9813.00000,-3950.00000,-411.00000,-4361.00000,-935.00000,-3426.00000,-3426.00000,,-3440.00000,-2233.00000,-3950.00000,1236.83100,1236.83100,-2.78000,-2.78000,2.00270,0.39210,0.76950,66.00990,-44.47200,-44.47200,-49.09930,-38.73000,0.11390,2.96270,2.80810,32.05020,-11.23320,-11.23320,-4.39210,-6.82890,25.06190,1.4295,9.2544
2017-03-31,7771.00000,3742.00000,4029.00000,1619.00000,-243.00000,3841.00000,188.00000,-420.00000,-232.00000,-831.00000,599.00000,599.00000,,586.00000,2262.00000,188.00000,1243.28000,1248.72200,0.47000,0.47000,1.42550,0.41580,0.74250,51.84660,2.41930,2.41930,-2.98550,7.54090,0.08830,3.41110,2.31350,38.90230,1.68250,1.68250,0.68090,0.98290,28.77770,1.43350,0.68790
2016-12-31,7254.00000,3288.00000,3966.00000,1436.00000,-95.00000,3592.00000,374.00000,-382.00000,-8.00000,11.00000,-19.00000,-19.00000,,-35.00000,2531.00000,374.00000,1245.44000,1245.44000,-0.03000,-0.03000,1.24610,0.42640,0.77430,54.67330,5.15580,5.15580,-0.11030,-0.48250,0.08080,3.22990,2.12480,42.35730,-0.05390,-0.05390,-0.02120,-0.03090,28.47080,1.1596,1.0525
2016-09-30,6516.00000,3276.00000,3240.00000,1890.00000,-123.00000,4438.00000,-1198.00000,-456.00000,-1654.00000,-628.00000,-1026.00000,-1026.00000,,-1040.00000,1335.00000,-1198.00000,1245.96100,1245.96100,-0.84000,-0.84000,1.27920,0.42870,0.78690,49.72380,-18.38550,-18.38550,-25.38370,-15.96070,0.06910,2.95670,1.96270,45.85640,-2.81440,-2.81440,-1.08820,-1.60790,29.42310,1.0262,0.3377
2016-06-30,5575.00000,2612.00000,2963.00000,1809.00000,-62.00000,4200.00000,-1237.00000,-407.00000,-1644.00000,-586.00000,-1058.00000,-1058.00000,,-1071.00000,1204.00000,-1237.00000,1244.89200,1244.89200,-0.86000,-0.86000,1.26010,0.41960,0.75800,53.14800,-22.18830,-22.18830,-29.48880,-19.21080,0.05800,2.27130,1.68120,53.53180,-2.79660,-2.79660,-1.10150,-1.62330,30.54570,1.0112,0.2846
2016-03-31,5015.00000,2730.00000,2285.00000,1720.00000,-136.00000,4103.00000,-1818.00000,-406.00000,-2224.00000,-768.00000,-1456.00000,-1456.00000,,-1469.00000,538.00000,-1818.00000,1244.55700,1244.55700,-1.18000,-1.18000,1.23900,0.40990,0.74750,45.56330,-36.25130,-36.25130,-44.34700,-29.29210,0.05020,2.54660,1.26830,70.95910,-3.69480,-3.69480,-1.45840,-2.18020,31.82120,0.33830,-1.01640
2015-12-31,6766.00000,4790.00000,1976.00000,2111.00000,-2127.00000,6620.00000,-4644.00000,-407.00000,-5051.00000,-1614.00000,-3437.00000,-3437.00000,,-3450.00000,-2144.00000,-4644.00000,1241.91900,1241.91900,-2.78000,-2.78000,0.94950,0.36910,0.62070,29.20490,-68.63730,-68.63730,-74.65270,-50.99030,0.06940,4.26160,1.49890,60.04430,-8.57490,-8.57490,-3.52570,-5.40960,32.42890,1.2859,0.8759
2015-09-30,7507.00000,4330.00000,3177.00000,2333.00000,-24.00000,4628.00000,-1451.00000,-290.00000,-1741.00000,-685.00000,-1056.00000,-1056.00000,,-1071.00000,942.00000,-1451.00000,1242.12500,1242.12500,-0.87000,-0.87000,1.16620,0.35680,0.55870,42.32050,-19.32860,-19.32860,-23.19170,-14.26670,0.07090,3.78830,1.68170,53.51810,-2.37010,-2.37010,-0.99670,-1.52440,36.08740,1.5541,-0.1689
2015-06-30,8660.00000,3779.00000,4881.00000,2241.00000,-78.00000,4648.00000,233.00000,-324.00000,-91.00000,73.00000,-164.00000,-164.00000,,-179.00000,2684.00000,233.00000,1241.02600,1241.02600,-0.15000,-0.15000,1.36750,0.33610,0.50900,56.36260,2.69050,2.69050,-1.05080,-2.06700,0.07730,2.95930,1.67210,53.82330,-0.33490,-0.33490,-0.14640,-0.22240,39.70060,1.5967,-0.2546
2015-03-31,8002.00000,3719.00000,4283.00000,2185.00000,-16.00000,4332.00000,-49.00000,-307.00000,-356.00000,-642.00000,286.00000,286.00000,,272.00000,2203.00000,-49.00000,1240.79100,1245.53100,0.22000,0.22000,1.13350,0.31290,0.45930,53.52410,-0.61230,-0.61230,-4.44890,3.39920,0.07270,3.01620,1.48760,60.49860,0.58360,0.58360,0.25990,0.40100,39.74870,1.66030,-0.87590
2014-12-31,11851.00000,5547.00000,6304.00000,3407.00000,-730.00000,6408.00000,-104.00000,-217.00000,-321.00000,-297.00000,-24.00000,-24.00000,,-39.00000,2294.00000,-104.00000,1237.32500,1245.86300,-0.04000,-0.04000,1.30610,0.29980,0.43170,53.19380,-0.87760,-0.87760,-2.70860,-0.32910,0.10170,4.16750,1.74100,51.69440,-0.04590,-0.04590,-0.02060,-0.03210,42.45170,2.2702,-1.102
2014-09-30,12917.00000,5162.00000,7755.00000,2737.00000,-108.00000,4941.00000,2814.00000,-261.00000,2553.00000,904.00000,1649.00000,1649.00000,1078.00000,2704.00000,5030.00000,2814.00000,1238.23400,1247.43600,2.18000,2.17000,1.14940,0.25940,0.38060,60.03720,21.78520,21.78520,19.76470,20.93370,0.10860,3.88120,1.73310,51.92920,2.96260,2.96260,1.38590,2.19400,45.21930,3.0886,0.5217
2014-06-30,14701.00000,6012.00000,8689.00000,2860.00000,-17.00000,4947.00000,3742.00000,-282.00000,3460.00000,1395.00000,2065.00000,2065.00000,33.00000,2081.00000,5932.00000,3742.00000,1236.05700,1245.15500,1.68000,1.67000,1.16340,0.26000,0.38130,59.10480,25.45410,25.45410,23.53580,14.15550,0.12080,4.65690,1.79190,50.22520,3.70830,3.70830,1.69750,2.74400,45.28910,2.8417,-0.5502
2014-03-31,16048.00000,7423.00000,8625.00000,2728.00000,-1.00000,4621.00000,4004.00000,-306.00000,3698.00000,1581.00000,2117.00000,2117.00000,20.00000,2123.00000,6013.00000,4004.00000,1234.96800,1242.66700,1.72000,1.71000,1.19180,0.26660,0.39550,53.74500,24.95020,24.95020,23.04340,13.22910,0.13370,6.07940,1.85500,48.51630,3.94810,3.94810,1.76380,2.89540,43.67580,5.09870,2.00300
2013-12-31,13985.00000,5901.00000,8084.00000,2850.00000,-498.00000,5241.00000,2843.00000,-285.00000,2558.00000,1050.00000,1508.00000,1508.00000,995.00000,2487.00000,4853.00000,2843.00000,1230.96300,1239.80300,2.02000,2.00000,1.25740,0.28650,0.41270,57.80480,20.32890,20.32890,18.29100,17.78330,0.11850,4.94220,1.64780,54.61780,2.87280,2.87280,1.27730,2.04990,42.81780,3.2025,5.4491
2013-09-30,15470.00000,6021.00000,9449.00000,2875.00000,-1.00000,4778.00000,4671.00000,-266.00000,4405.00000,1966.00000,2439.00000,2439.00000,57.00000,2480.00000,6679.00000,4671.00000,1231.05400,1240.36500,2.01000,2.00000,1.38090,0.29040,0.42040,61.07950,30.19390,30.19390,28.47450,16.03100,0.12920,4.74840,1.84060,48.89790,4.73250,4.73250,2.03660,3.35800,41.06210,2.9693,0.8152
2013-06-30,14142.00000,5842.00000,8300.00000,2507.00000,-28.00000,4367.00000,3933.00000,-237.00000,3696.00000,1630.00000,2066.00000,2066.00000,-3.00000,2050.00000,5870.00000,3933.00000,1229.77300,1237.15700,1.66000,1.65000,1.35220,0.30200,0.44390,58.69040,27.81080,27.81080,26.13490,14.49580,0.12090,5.15170,1.67960,53.58510,4.22220,4.22220,1.76660,2.94730,40.00960,3.0201,0.4651
2013-03-31,14651.00000,6111.00000,8540.00000,2744.00000,-2.00000,4553.00000,3987.00000,-200.00000,3787.00000,1763.00000,2024.00000,2024.00000,129.00000,2139.00000,5900.00000,3987.00000,1229.23200,1235.90700,1.74000,1.73000,1.32320,0.29210,0.44010,58.28950,27.21320,27.21320,25.84810,14.59970,0.12440,5.39360,1.64660,54.65980,4.11050,4.11050,1.71850,2.90980,40.27280,3.82710,2.00100
2012-12-31,16366.00000,7421.00000,8945.00000,2889.00000,-384.00000,5052.00000,3893.00000,-271.00000,3622.00000,1780.00000,1842.00000,1842.00000,-401.00000,1426.00000,5758.00000,3893.00000,1243.79900,1253.09300,1.19000,1.19000,1.37530,0.30020,0.44860,54.65600,23.78710,23.78710,22.13130,8.71320,0.13970,7.69020,1.78240,50.49370,3.80370,3.80370,1.57240,2.66200,39.69370,2.9334,0.3468
2012-09-30,14713.00000,6572.00000,8141.00000,2639.00000,0.00000,4289.00000,3852.00000,-261.00000,3591.00000,1851.00000,1740.00000,1740.00000,73.00000,1798.00000,5602.00000,3852.00000,1220.46200,1229.34300,1.47000,1.46000,0.90780,0.28180,0.44110,55.33200,26.18090,26.18090,24.40700,12.22050,0.12750,5.58840,1.60220,56.17280,3.63430,3.63510,1.50820,2.61030,39.44080,2.9851,0.6329
2012-06-30,14842.00000,5986.00000,8856.00000,2937.00000,-82.00000,4599.00000,4257.00000,-312.00000,3945.00000,2225.00000,1720.00000,1720.00000,569.00000,2267.00000,5940.00000,4257.00000,1248.30000,1258.18900,1.82000,1.80000,0.92110,0.28850,0.49540,59.66850,28.68210,28.68210,26.58000,15.27420,0.13020,5.08150,1.92280,46.80700,3.70350,3.70430,1.50870,2.63510,38.23890,1.9575,-0.6115
2012-03-31,16083.00000,6753.00000,9330.00000,2980.00000,-214.00000,4765.00000,4565.00000,-300.00000,4265.00000,2086.00000,2179.00000,2179.00000,776.00000,2937.00000,6241.00000,4565.00000,1283.49300,1293.10400,2.29000,2.27000,1.01750,0.24160,0.42300,58.01160,28.38400,28.38400,26.51870,18.26150,0.09870,1.11220,0.91990,97.83440,3.25020,3.46030,1.33780,2.46490,53.01700,3.23410,1.13370
2011-12-31,16118.00000,7681.00000,8437.00000,3023.00000,-321.00000,4967.00000,3470.00000,-282.00000,3188.00000,1908.00000,1280.00000,1280.00000,2130.00000,3390.00000,5061.00000,3470.00000,1312.18400,1322.77300,2.58000,2.56000,1.07660,0.24740,0.34410,52.34520,21.52870,21.52870,19.77910,21.03240,0.10520,1.65860,0.97530,92.27820,1.94680,2.07550,0.83530,1.46520,51.13990,4.7511,2.8905
2011-09-30,16695.00000,8242.00000,8453.00000,2816.00000,0.00000,4461.00000,3992.00000,-387.00000,3605.00000,2110.00000,1495.00000,1495.00000,1136.00000,2616.00000,5744.00000,3992.00000,1357.71000,1369.56200,1.93000,1.91000,1.11940,0.25360,0.34900,50.63190,23.91140,23.91140,21.59330,15.66940,0.10790,1.15050,1.01700,88.49600,2.25400,2.41300,0.96650,1.68240,49.94700,4.2794,1.8171
2011-06-30,17668.00000,7945.00000,9723.00000,2996.00000,0.00000,4842.00000,4881.00000,-367.00000,4514.00000,2214.00000,2300.00000,2300.00000,1119.00000,3402.00000,6605.00000,4881.00000,1399.47300,1412.14700,2.43000,2.41000,1.18180,0.24250,0.32870,55.03170,27.62620,27.62620,25.54900,19.25520,0.11040,1.13730,1.05140,85.60390,3.25880,3.47540,1.43690,2.46870,50.08220,4.4746,2.736
2011-03-31,58247.00000,42552.00000,15695.00000,7491.00000,0.00000,9561.00000,6134.00000,-338.00000,5796.00000,2754.00000,3042.00000,3042.00000,,3028.00000,8316.00000,6134.00000,1432.28500,1445.47700,2.11000,2.09000,1.21890,0.24270,0.32910,26.94560,10.53100,10.53100,9.95070,5.19860,0.36490,5.35650,3.54990,25.35270,4.31360,4.60250,1.90550,3.26660,48.62220,1.34700,0.58800
2010-12-31,53217.00000,38398.00000,14819.00000,7818.00000,-98.00000,10132.00000,4687.00000,-395.00000,4292.00000,2239.00000,2053.00000,2053.00000,,2041.00000,5919.00000,4687.00000,1453.53200,1465.79400,1.40000,1.39000,1.26410,0.24690,0.34140,27.84640,8.80730,8.80730,8.06510,3.83520,0.34040,7.38850,3.36560,26.74110,2.97070,3.17430,1.31340,2.23720,47.08800,4.359,5.3278
2010-09-30,49549.00000,34303.00000,15246.00000,7303.00000,-59.00000,9608.00000,5638.00000,-364.00000,5274.00000,2205.00000,3069.00000,3069.00000,,3055.00000,7994.00000,5638.00000,1481.52200,1493.08000,2.06000,2.05000,1.38930,0.24940,0.33760,30.76950,11.37860,11.37860,10.64400,6.16560,0.31900,4.43130,3.67630,24.48120,4.38950,4.68740,1.97580,3.29500,46.39410,2.9298,5.615
2010-06-30,50127.00000,32301.00000,17826.00000,7304.00000,-1532.00000,11116.00000,6710.00000,-516.00000,6194.00000,2011.00000,4183.00000,4183.00000,,4164.00000,9103.00000,6710.00000,1489.81400,1501.25700,2.79000,2.77000,1.03890,0.26020,0.39850,35.56170,13.38600,13.38600,12.35660,8.30690,0.33100,4.53730,3.79840,23.69440,6.34320,6.80170,2.76190,4.69250,43.35170,2.3178,4.8484
2010-03-31,45762.00000,31904.00000,13858.00000,7008.00000,-91.00000,9417.00000,4441.00000,-451.00000,3990.00000,1878.00000,2112.00000,2112.00000,,2098.00000,6873.00000,4441.00000,1492.86100,1503.56500,1.41000,1.40000,0.88680,0.29260,0.45710,30.28280,9.70460,9.70460,8.71900,4.58460,0.29560,4.37040,3.62330,24.83940,3.33030,3.58170,1.36430,2.35600,41.52920,2.02190,0.73230
2009-12-31,43695.00000,30385.00000,13310.00000,7284.00000,-425.00000,10100.00000,3210.00000,-471.00000,2739.00000,1425.00000,1314.00000,1314.00000,,1285.00000,5715.00000,3210.00000,1487.65000,1497.60800,0.86000,0.86000,0.89330,0.30070,0.45760,30.46120,7.34640,7.34640,6.26850,2.94080,0.28720,6.15080,3.30650,27.21940,2.09860,2.25960,0.86370,1.46750,41.05770,3.4034,1.8303
2009-09-30,41271.00000,28394.00000,12877.00000,7166.00000,-56.00000,9549.00000,3328.00000,-415.00000,2913.00000,1426.00000,1487.00000,1487.00000,,1470.00000,5751.00000,3328.00000,1488.35200,1498.20400,0.98000,0.97000,0.90250,0.30820,0.49050,31.20110,8.06380,8.06380,7.05820,3.56180,0.27080,4.53000,3.29380,27.32430,2.39460,2.58380,0.97550,1.65670,41.85300,1.9527,0.6958
2009-06-30,36186.00000,24852.00000,11334.00000,6764.00000,-51.00000,9162.00000,2172.00000,-234.00000,1938.00000,1063.00000,875.00000,875.00000,,859.00000,4627.00000,2172.00000,1486.49600,1495.70000,0.58000,0.57000,0.99940,0.32530,0.50600,31.32150,6.00230,6.00230,5.35570,2.37380,0.24110,4.02070,2.89560,31.08190,1.45820,1.57780,0.58300,0.98390,40.46590,1.7158,0.0276
2009-03-31,31238.00000,19984.00000,11254.00000,6484.00000,-3.00000,8717.00000,2537.00000,-545.00000,1992.00000,1176.00000,816.00000,816.00000,,800.00000,4871.00000,2537.00000,1485.89000,1495.24700,0.54000,0.54000,0.99380,0.34270,0.52280,36.02660,8.12150,8.12150,6.37680,2.56100,0.21810,3.08400,3.02720,29.73010,1.45210,1.58200,0.56960,0.95450,37.92840,1.26070,-0.62530
