Date,revenue,cost-goods-sold,gross-profit,selling-general-administrative-expenses,other-operating-income-expenses,operating-expenses,operating-income,total-non-operating-income-expense,pre-tax-income,total-provision-income-taxes,income-after-taxes,income-from-continuous-operations,income-from-discontinued-operations,net-income,ebitda,ebit,basic-shares-outstanding,shares-outstanding,eps-basic-net-earnings-per-share,eps-earnings-per-share-diluted,long-term-debt-capital,debt-equity-ratio,operating-margin,ebit-margin,pre-tax-profit-margin,net-profit-margin,asset-turnover,roe,return-on-tangible-equity,roa,roi,book-value-per-share,operating-cash-flow-per-share,free-cash-flow-per-share
2024-03-31,383.14100,138.54500,244.59600,16.69300,-15.65600,177.15100,67.44500,19.21900,86.66400,0.90500,85.75900,85.75900,,83.88900,212.24700,67.44500,108.70600,108.72900,0.77000,0.77000,0.41580,0.71160,17.60320,17.60320,22.61940,21.89510,0.04210,1.71740,1.71740,0.94200,1.00340,43.17470,1.24980,1.32690
2023-12-31,387.58700,136.53700,251.05000,15.74400,-19.18800,179.88810,71.16190,153.91000,225.07200,0.89700,224.17500,224.17500,,222.54200,216.11790,71.16190,108.65300,109.39900,2.04000,2.03000,0.42380,0.73550,18.36020,18.36020,58.07010,57.41730,0.04130,4.43760,4.43760,2.38900,2.55700,43.68520,1.7197,2.7725
2023-09-30,390.77800,140.10500,250.67300,15.54300,-4.99600,164.89800,85.77500,-35.20400,50.57100,0.75200,49.81900,49.81900,,47.90200,230.13400,85.77500,108.68300,108.70600,0.44000,0.44000,0.42540,0.74030,21.94980,21.94980,12.94110,12.25810,0.04240,1.00950,1.00950,0.54070,0.58010,42.67520,2.1952,1.2854
2023-06-30,385.49900,137.59700,247.90200,15.86300,-12.01500,170.93200,76.97000,16.82100,93.79100,0.85100,92.94000,92.94000,,90.94800,220.02400,76.97000,108.66300,109.39200,0.84000,0.84000,0.42450,0.73770,19.96630,19.96630,24.32980,23.59230,0.04160,1.86200,1.86190,1.00360,1.07150,43.16490,2.0652,1.669
2023-03-31,378.16300,134.68100,243.48200,15.35600,-14.62200,172.42200,71.06000,-26.29100,44.76900,1.15000,43.61900,43.61900,,41.91700,213.50400,71.06000,108.56800,108.60400,0.39000,0.39000,0.42830,0.74900,18.79080,18.79080,11.83860,11.08440,0.04070,0.87180,0.87180,0.46930,0.49840,43.26390,1.28640,0.44020
2022-12-31,375.90900,127.12900,248.78000,15.88700,-1.61800,164.77600,84.00400,-35.78000,48.22400,0.75300,47.47100,47.47100,,46.61000,231.27500,84.00400,107.60500,108.38800,0.44000,0.47000,0.42130,0.72790,22.34690,22.34690,12.82860,12.39930,0.04030,0.93870,0.93870,0.50890,0.54330,43.73130,1.5575,-9.267
2022-09-30,373.77200,132.83100,240.94100,14.00200,-1.01300,173.89200,67.04900,-34.76200,32.28700,0.73700,31.55000,31.55000,,29.80400,225.92600,67.04900,108.46600,108.50600,0.27000,0.27000,0.41930,0.72200,17.93850,17.93850,8.63820,7.97380,0.03970,0.61760,0.61760,0.33510,0.35870,44.17970,2.3006,1.4381
2022-06-30,361.71600,127.81100,233.90500,15.73400,7.03700,166.43100,67.47400,432.29800,499.77200,0.88600,498.88600,498.88600,,496.57500,225.20800,67.47400,108.10600,109.74500,4.59000,4.54000,0.41920,0.72180,18.65390,18.65390,138.16700,137.28310,0.03810,9.63610,9.63610,5.25920,5.59650,44.77610,1.8607,0.4049
2022-03-31,311.35900,110.31000,201.04900,14.79000,-15.88600,143.81400,57.23500,26.95600,84.19100,0.59000,83.60100,83.60100,,80.62400,170.37300,57.23500,105.33600,106.15200,0.77000,0.76000,0.46130,0.85650,18.38230,18.38230,27.03990,25.89420,0.03680,1.95030,1.95030,0.98790,1.05050,38.02310,1.15200,0.96360
2021-12-31,305.36400,103.05400,202.31000,14.94000,-20.77800,152.22100,50.08890,168.37100,218.46000,0.60100,217.85900,217.85900,,212.97100,166.59190,50.08890,101.99900,102.82900,2.07000,2.06000,0.42630,0.74310,16.40300,16.40300,71.54090,69.74330,0.03830,5.10660,5.10660,2.73120,2.92950,37.89600,1.3896,0.7796
2021-09-30,294.13000,110.06800,184.06200,14.96000,-6.95600,133.37800,50.68400,-19.59900,31.08500,0.48000,30.60500,30.60500,,29.45300,162.14600,50.68400,103.07100,103.17100,0.29000,0.29000,0.44490,0.80160,17.23180,17.23180,10.56850,10.01360,0.03830,0.77410,0.77410,0.39820,0.42960,35.48030,1.8081,-0.6605
2021-06-30,276.52300,102.97100,173.55200,15.24600,-13.85500,128.68700,44.86500,-12.96600,31.89900,0.46000,31.43900,31.43900,,30.17900,144.45100,44.86500,100.70100,100.76700,0.30000,0.30000,0.45560,0.83690,16.22470,16.22470,11.53580,10.91370,0.03710,0.83040,0.83040,0.42160,0.45210,34.47840,1.5302,-2.3029
2021-03-31,267.56800,100.93200,166.63600,14.22200,-3.63000,110.99300,55.64300,-22.81800,32.82500,0.35200,32.47300,32.47300,,31.30400,148.78400,55.64300,99.54700,99.62100,0.31000,0.31000,0.47690,0.91180,20.79580,20.79580,12.26790,11.69950,0.03770,0.93470,0.93470,0.45710,0.48890,32.47950,0.88790,-0.01880
2020-12-31,261.55400,99.95700,161.59700,13.27400,5.68000,92.99200,68.60510,-37.72800,30.87700,0.49600,30.38100,30.38100,,29.40100,160.53010,68.60500,99.38500,99.43800,0.29000,0.29000,0.47380,0.90050,26.22980,26.22980,11.80520,11.24090,0.03630,0.86390,0.86390,0.42200,0.45460,32.90840,1.067,-0.2693
2020-09-30,265.72100,101.05200,164.66900,12.72600,-11.98300,115.28400,49.38500,-12.55000,36.83500,0.61500,36.22000,36.22000,,34.88300,139.96000,49.38500,99.41900,99.45500,0.35000,0.35000,0.47500,0.90460,18.58530,18.58530,13.86230,13.12770,0.03630,1.01570,1.01570,0.49450,0.53330,33.37430,1.6389,0.6865
2020-06-30,250.68300,99.68100,151.00200,14.39100,-18.19400,125.38800,25.61400,-7.70900,17.90500,0.39400,17.51100,17.51100,,16.44200,118.41700,25.61400,99.39900,99.40800,0.17000,0.17000,0.47180,0.89320,10.21770,10.21770,7.14250,6.55890,0.03420,0.48500,0.48500,0.23920,0.25620,33.79290,1.4039,0.4984
2020-03-31,265.87900,100.66300,165.21600,13.23300,-15.70300,120.79500,44.42100,0.51300,44.93400,0.46700,44.46700,44.46700,,43.18500,136.28000,44.42100,99.29800,99.38000,0.43000,0.43000,0.41520,0.71010,16.70720,16.70720,16.90020,16.24240,0.03960,1.21120,1.21120,0.66210,0.70830,34.35610,1.11270,0.01790
2019-12-31,263.46110,90.40900,173.05210,13.17400,-42.19400,134.25090,38.80120,57.80400,96.60500,0.38000,96.22500,96.22500,,94.76500,124.34120,38.80120,98.46000,99.38400,0.96000,0.95000,0.40540,0.68190,14.72750,14.72750,36.66770,35.96930,0.03900,2.59950,2.59950,1.42590,1.54560,34.63500,1.4675,-1.146
2019-09-30,260.67200,93.87300,166.79900,13.45800,-8.25000,107.52200,59.27700,-14.18200,45.09500,0.31300,44.78200,44.78200,,43.50800,145.09100,59.27700,98.95900,99.06600,0.44000,0.44000,0.40380,0.67730,22.74010,22.74010,17.29950,16.69070,0.03920,1.22430,1.22430,0.67360,0.72990,34.35440,1.914,0.9688
2019-06-30,255.76100,91.22700,164.53400,13.26100,-11.47100,109.37800,55.15600,-11.38600,43.77000,0.22800,43.54200,43.54200,,42.28200,139.80200,55.15600,98.90300,98.99700,0.43000,0.43000,0.40170,0.67140,21.56540,21.56540,17.11360,16.53180,0.03860,1.18040,1.18040,0.65760,0.70620,34.64740,1.2541,-1.2012
2019-03-31,248.56700,97.49500,151.07200,13.30800,9.17200,84.41000,66.66200,-26.77300,39.88900,0.16800,39.72100,39.72100,,38.52900,146.93600,66.66200,96.89200,97.04100,0.40000,0.40000,0.36310,0.57020,26.81850,26.81850,16.04760,15.50050,0.03950,1.06600,1.06600,0.63200,0.67890,35.03930,0.95480,-0.84220
2018-12-31,244.91900,86.72000,158.19900,13.62200,-19.04600,105.04200,53.15700,-12.52400,40.63300,0.32600,40.30700,40.30700,,38.08900,131.83400,53.15700,95.20800,95.36600,0.41000,0.42000,0.40680,0.68580,21.70390,21.70390,16.59040,15.55170,0.03940,1.19070,1.19070,0.64810,0.70630,32.83960,1.3421,0.428
2018-09-30,241.77000,94.13600,147.63400,12.61800,-4.67900,93.77300,53.86100,-13.54100,40.32000,0.33000,39.99000,39.99000,,38.86600,130.33700,53.86100,95.25700,95.41700,0.41000,0.40000,0.39830,0.66190,22.27780,22.27780,16.67700,16.07560,0.03900,1.17140,1.17140,0.64520,0.70490,33.15230,1.5141,-0.281
2018-06-30,237.13300,85.06100,152.07200,12.27200,-7.99600,95.83700,56.23500,-15.98300,40.25200,0.38000,39.87200,39.87200,,38.67100,131.80400,56.23500,95.24300,95.33700,0.40000,0.40000,0.39140,0.64320,23.71450,23.71450,16.97440,16.30770,0.03870,1.16290,1.16290,0.65020,0.70770,33.40290,1.5186,0.3884
2018-03-31,230.68300,83.96500,146.71800,12.22300,-4.84600,87.29300,59.42500,-18.51200,40.91300,0.38800,40.52500,40.52500,,39.39500,129.64900,59.42500,95.06700,96.04600,0.41000,0.41000,0.38910,0.63680,25.76050,25.76050,17.73560,17.07760,0.03760,1.17040,1.17040,0.66130,0.71510,33.73350,0.90740,-1.94250
2017-12-31,229.82700,80.63800,149.18900,13.00200,-27.83800,95.80500,53.38400,35.91400,89.29800,0.21600,89.08200,89.08200,,87.98900,121.57700,53.38400,91.49900,92.51500,0.94000,0.93000,0.38750,0.63260,23.22790,23.22790,38.85440,38.28490,0.03720,2.55640,2.55640,1.44290,1.56580,33.90820,1.0705,1.0606
2017-09-30,228.17800,94.48400,133.69400,12.26600,-4.62100,83.90100,49.79300,-13.80600,35.98700,0.51200,35.47500,35.47500,,34.38400,116.80700,49.79300,91.01100,92.03300,0.38000,0.38000,0.38870,0.63590,21.82200,21.82200,15.77150,15.06890,0.03700,1.02330,1.02330,0.57510,0.62560,33.73240,1.393,0.6375
2017-06-30,223.37000,80.35300,143.01700,12.45100,-10.95600,88.44000,54.57700,-14.23800,40.33900,0.02500,40.31400,40.31400,,39.18800,119.61000,54.57700,90.10500,91.04100,0.43000,0.43000,0.43100,0.75760,24.43350,24.43350,18.05930,17.54400,0.03850,1.32560,1.32560,0.69520,0.75420,31.10790,1.4322,-0.1435
2017-03-31,219.52100,86.49500,133.02600,12.86800,-2.86900,79.47100,53.55500,-17.09500,36.46000,0.47100,35.98900,35.98900,,34.86100,117.28900,53.55500,89.92500,90.94900,0.39000,0.39000,0.44370,0.79770,24.39630,24.39630,16.60890,15.88050,0.03700,1.17170,1.17170,0.60640,0.65180,31.41880,0.80250,0.11220
2016-12-31,217.13900,73.67600,143.46300,12.57900,-26.84200,83.04100,60.42200,-17.92900,42.49300,0.41300,42.08000,42.08000,0.00000,40.89300,123.18900,60.42200,89.58000,89.90300,0.45000,0.46000,0.44490,0.80130,27.82640,27.82640,19.56950,18.83260,0.03600,1.35940,1.35940,0.69810,0.75460,31.64610,0.9564,0.0381
2016-09-30,220.23500,85.96400,134.27100,10.81000,-4.40500,78.04700,56.22400,247.59700,303.82100,0.40000,303.42100,303.42100,,290.89800,119.05600,56.22400,89.66900,90.01200,3.23000,3.21000,0.44280,0.79480,25.52910,25.52910,137.95310,132.08530,0.03620,9.72180,9.72180,4.98370,5.41660,31.91070,1.5006,5.6293
2016-06-30,221.47800,86.57300,134.90500,11.80300,-2.22200,76.48100,58.42400,14.08400,72.50800,0.48900,72.01900,72.01900,377.76600,446.30200,120.88000,58.42400,89.55900,89.86200,4.94000,4.92000,0.43120,0.75810,26.37920,26.37920,32.73820,201.51080,0.03570,2.20080,2.20080,1.16170,1.25180,33.47540,1.4049,0.8731
2016-03-31,217.59500,84.28900,133.30600,12.22300,-1.01500,75.32900,57.97700,-19.79800,38.17900,0.31500,37.86400,37.86400,5.07600,41.73000,120.06800,57.97700,89.34400,90.50900,0.46000,0.46000,0.49130,0.96570,26.64450,26.64450,17.54590,19.17780,0.03600,1.32200,1.32200,0.62680,0.67250,29.38950,1.06630,0.28110
2015-12-31,214.98500,75.05800,139.92700,13.11300,-25.98000,83.35400,56.57290,0.84900,57.42200,0.53800,56.88400,56.88400,4.91800,60.59300,118.25690,56.57300,89.12000,89.49000,0.67000,0.68000,0.48500,0.94190,26.31480,26.31480,26.70980,28.18480,0.03560,1.96630,1.96630,0.94220,1.01260,29.64910,1.1814,0.614
2015-09-30,212.59300,84.36400,128.22900,11.79000,2.21100,70.91500,57.31400,-23.52900,33.78500,0.49800,33.28700,33.28700,4.90700,37.04400,118.65000,57.31400,89.16400,89.53000,0.41000,0.41000,0.48390,0.93750,26.95950,26.95950,15.89190,17.42480,0.03520,1.14930,1.14930,0.55170,0.59320,29.68250,1.3916,0.315
2015-06-30,206.43200,79.68100,126.75100,11.58200,-0.82400,72.34600,54.40500,-21.85300,32.55200,0.40700,32.14500,32.14500,5.05600,36.07900,114.34500,54.40500,89.15300,90.25200,0.40000,0.40000,0.47820,0.91630,26.35490,26.35490,15.76890,17.47740,0.03440,1.10120,1.10120,0.53570,0.57470,29.91850,1.3104,-0.2026
2015-03-31,201.60800,79.32000,122.28800,9.74800,-2.94000,70.67200,51.61600,65.00900,116.62500,0.42900,116.19600,116.19600,4.86900,115.59900,109.60000,51.61600,88.98700,90.46400,1.29000,1.27000,0.48270,0.93310,25.60220,25.60220,57.84740,57.33850,0.03320,3.95240,3.95240,1.91200,2.04460,30.12630,0.84600,1.02220
2014-12-31,162.74400,61.78300,100.96100,20.59500,-6.10400,71.73300,29.22800,137.87400,167.10200,0.67500,166.42700,166.42700,,178.49800,74.26200,29.22800,88.08400,88.46800,2.01000,1.99000,0.48600,0.94540,17.95950,17.95950,102.67780,109.68020,0.02690,5.76190,5.76190,2.75360,2.96190,29.59310,1.0711,1.5543
2014-09-30,213.09800,84.09100,129.00700,10.33100,-2.00500,72.35100,56.65600,-16.97000,39.68600,0.35300,39.33300,39.33300,,38.28300,116.67100,56.65600,88.14600,89.35300,0.43000,0.43000,0.49930,0.99720,26.58680,26.58680,18.62340,17.96500,0.03600,1.42950,1.42950,0.66530,0.71570,28.25400,1.4793,0.217
2014-06-30,208.49200,81.73300,126.75900,10.53400,0.77100,68.53200,58.22700,-21.54200,36.68500,0.40100,36.28400,36.28400,,35.27200,116.99600,58.22700,87.84500,88.97200,0.40000,0.40000,0.49860,0.99460,27.92770,27.92770,17.59540,16.91770,0.03600,1.33650,1.33650,0.62670,0.67010,28.08940,1.1219,-0.5613
2014-03-31,205.92900,80.16300,125.76600,9.54500,-1.94000,69.72200,56.04400,-14.49700,41.54700,0.47400,41.07300,41.07300,,40.03600,114.28100,56.04400,87.65100,88.82400,0.45000,0.45000,0.48600,0.94550,27.21520,27.21520,20.17540,19.44170,0.03630,1.49950,1.49950,0.72310,0.77070,28.34840,1.05850,-0.11620
2013-12-31,204.31700,71.87900,132.43800,9.20900,-20.15700,73.85290,58.58510,-15.61800,42.96700,0.23900,42.72800,42.72800,92.39100,129.99600,113.86610,58.58510,87.20400,88.49400,1.48000,1.46000,0.47830,0.91690,28.67360,28.67360,21.02960,63.62470,0.03630,1.54800,1.54800,0.75860,0.80760,28.55560,1.0788,-1.9563
2013-09-30,199.74000,78.12200,121.61800,9.99300,-3.82000,68.97300,52.64500,-16.85200,35.79300,0.72000,35.07300,35.07300,36.72900,70.72000,109.30800,52.64500,87.44900,88.71600,0.80000,0.79000,0.49880,0.99520,26.35680,26.35680,17.91980,35.40600,0.03510,1.30970,1.30970,0.61630,0.65640,27.70470,1.4436,-0.2474
2013-06-30,194.98300,76.83900,118.14400,11.59000,-1.38400,66.50100,51.64300,-3.23600,48.40700,0.46800,47.93900,47.93900,26.99800,72.17200,106.85600,51.64300,87.19100,88.47200,0.82000,0.81000,0.48270,0.93300,26.48590,26.48590,24.82630,37.01450,0.03550,1.77220,1.77220,0.87380,0.91680,27.98630,1.0738,-0.8133
2013-03-31,189.81100,69.44600,120.36500,9.79400,-10.45900,72.77200,47.59300,-17.31800,30.27500,0.39900,29.87600,29.87600,34.55700,63.47600,101.97900,47.59300,86.70300,87.27600,0.72000,0.72000,0.48380,0.93720,25.07390,25.07390,15.95010,33.44170,0.03530,1.12740,1.12740,0.55500,0.58200,27.53300,0.97240,1.08530
2012-12-31,169.93800,59.18200,110.75600,9.81600,-29.76500,81.23000,29.52600,26.60200,56.12800,0.21600,55.91200,55.91200,90.23400,143.55400,83.86200,29.52600,83.77200,85.55600,1.63000,1.62000,0.48870,0.95570,17.37460,17.37460,33.02850,84.47440,0.03160,2.12860,2.12860,1.03830,1.08840,27.30440,0.8931,-2.6852
2012-09-30,181.76300,72.97200,108.79100,9.30300,-0.08300,59.70400,49.08700,-20.91400,28.17300,0.33400,27.83900,27.83900,3.96400,30.41500,102.80500,49.08700,85.63100,86.29300,0.36000,0.35000,0.48590,0.94500,27.00610,27.00610,15.49990,16.73330,0.03480,1.09900,1.09900,0.53350,0.56500,26.42320,1.2169,-0.964
2012-06-30,176.91800,66.29800,110.62000,9.73000,-4.11000,65.82700,44.79300,-24.25700,20.53600,0.43400,20.10200,20.10200,2.74500,21.55300,99.00300,44.79300,83.22300,83.84600,0.26000,0.26000,0.49300,0.97220,25.31850,25.31850,11.60760,12.18250,0.03460,0.81550,0.81550,0.39320,0.41350,26.07430,0.7655,-1.079
2012-03-31,169.69900,63.48700,106.21200,8.67900,0.75900,56.73800,49.47400,8.32300,57.79700,0.22400,57.57300,57.57300,35.53100,87.86800,100.69000,49.47400,79.88500,82.85500,1.10000,1.07000,0.51260,1.05170,29.15400,29.15400,34.05850,51.77870,0.03390,2.49070,2.49070,1.15050,1.21390,25.13710,0.91460,-0.31950
2011-12-31,116.17300,38.64900,77.52400,9.06400,8.22300,54.15700,23.36700,-12.63900,10.72800,0.33100,10.39700,10.39700,39.66700,46.85000,69.54100,23.36700,72.75600,73.46200,0.64000,0.63000,0.57090,1.33060,20.11400,20.11400,9.23450,40.32780,0.02510,0.56880,0.56880,0.22490,0.24410,21.62600,0.6293,0.14
2011-09-30,164.22400,65.62300,98.60100,8.57200,-0.28400,53.56700,45.03400,-31.46800,13.56600,0.31300,13.25300,13.25300,1.09800,11.84000,90.94100,45.03400,73.24200,74.27400,0.16000,0.16000,0.57780,1.36860,27.42230,27.42230,8.26070,7.20970,0.03570,0.74550,0.74550,0.28840,0.31470,21.19670,1.1173,-0.0434
2011-06-30,161.40200,63.79000,97.61200,8.03200,-8.15400,62.83000,34.78200,-49.47600,-14.69400,0.25600,-14.95000,-14.95000,0.89500,-16.59700,82.24900,34.78200,72.34300,72.34300,-0.23000,-0.23000,0.58060,1.38430,21.54990,21.54990,-9.10400,-10.28300,0.03540,-0.85020,-0.85020,-0.32790,-0.35660,21.09290,0.8387,0.4864
2011-03-31,157.60200,62.15000,95.45200,9.78800,-12.49300,69.65900,25.79300,-15.66400,10.12900,1.32000,8.80900,8.80900,0.79200,7.28600,73.91300,25.79300,71.90600,72.78300,0.10000,0.10000,0.58730,1.42290,16.36590,16.36590,6.42690,4.62300,0.03440,0.50650,0.50650,0.19220,0.20910,21.01710,0.74750,0.42960
2010-12-31,113.05500,39.35600,73.69900,8.42300,9.00100,54.63000,19.06910,-20.36600,-1.29700,0.29500,-1.59200,-1.59200,20.87300,16.88200,65.59310,19.06900,68.60800,68.60800,0.25000,0.25000,0.59330,1.45890,16.86710,16.86700,-1.14720,14.93260,0.02410,-0.09060,-0.09060,-0.03390,-0.03680,21.33100,0.6955,1.8842
2010-09-30,154.27400,63.65100,90.62300,7.56800,-12.86200,64.64900,25.97400,-22.51100,3.46300,0.71200,2.75100,2.75100,1.08100,1.65000,70.59100,25.97400,69.10000,69.44100,0.02000,0.02000,0.60430,1.52690,16.83630,16.83630,2.24470,1.06950,0.03350,0.16520,0.16520,0.05970,0.06540,20.71340,1.1081,0.8831
2010-06-30,151.29100,61.92400,89.36700,7.36700,-2.70200,52.79200,36.57500,-32.98700,3.58800,0.30400,3.28400,3.28400,0.96400,2.13400,79.76800,36.57500,68.09000,68.38600,0.03000,0.03000,0.60750,1.54800,24.17530,24.17530,2.37160,1.41050,0.03290,0.19760,0.19760,0.07150,0.07760,20.83300,0.8594,0.6249
2010-03-31,149.45200,61.84700,87.60500,7.40400,-9.85900,60.95700,26.64800,-23.29500,3.35300,0.27000,3.08300,3.08300,0.69800,2.28500,70.88100,26.64800,66.47500,69.29500,0.03000,0.03000,0.61620,1.60580,17.83050,17.83050,2.24350,1.52890,0.03300,0.19260,0.19260,0.06810,0.07390,20.57890,0.60250,0.44290
2009-12-31,134.08300,50.04000,84.04300,8.23300,9.57500,57.55700,26.48600,-111.20900,-84.72300,0.19500,-84.91800,-84.91800,5.53100,-79.28600,71.67300,26.48600,62.35900,62.35900,-1.27000,-1.27000,0.62000,1.63160,19.75340,19.75350,-63.18700,-59.13200,0.02910,-5.27760,-5.27760,-1.84280,-2.00550,20.89740,0.7073,0.3957
2009-09-30,155.22500,64.06900,91.15600,7.53200,-13.64500,64.55600,26.60000,-20.56100,6.03900,0.12600,5.91300,5.91300,0.27900,3.93700,69.87800,26.60000,66.09400,66.60200,0.06000,0.06000,0.60460,1.52920,17.13640,17.13640,3.89050,2.53630,0.03280,0.34480,0.34480,0.12490,0.13630,22.27770,1.0648,0.7434
2009-06-30,156.30800,62.58500,93.72300,7.24600,-13.50500,65.31000,28.41300,-25.49500,2.91800,0.34700,2.57100,2.57100,17.91600,18.31500,72.41100,28.41300,61.49900,61.49900,0.30000,0.30000,0.60780,1.54940,18.17760,18.17760,1.86680,11.71730,0.03260,0.14770,0.14770,0.05360,0.05790,22.63800,0.8058,1.0542
2009-03-31,157.03200,60.90500,96.12700,8.23200,-1.91200,54.94100,41.18600,-33.05700,8.12900,0.29900,7.83000,7.83000,0.67500,6.23400,85.06300,41.18600,55.55200,56.04700,0.11000,0.11000,0.65800,1.92390,26.22780,26.22780,5.17670,3.96990,0.03360,0.53190,0.53190,0.16750,0.18190,,0.91300,0.58080
