Date,revenue,cost-goods-sold,gross-profit,selling-general-administrative-expenses,other-operating-income-expenses,operating-expenses,operating-income,total-non-operating-income-expense,pre-tax-income,total-provision-income-taxes,income-after-taxes,income-from-continuous-operations,income-from-discontinued-operations,net-income,ebitda,ebit,basic-shares-outstanding,shares-outstanding,eps-basic-net-earnings-per-share,eps-earnings-per-share-diluted,current-ratio,long-term-debt-capital,debt-equity-ratio,gross-margin,operating-margin,ebit-margin,pre-tax-profit-margin,net-profit-margin,asset-turnover,inventory-turnover,receiveable-turnover,days-sales-in-receivables,roe,return-on-tangible-equity,roa,roi,book-value-per-share,operating-cash-flow-per-share,free-cash-flow-per-share
2024-03-31,168.45000,94.26360,74.18640,24.25920,-705.30120,729.56040,-655.37400,232.49400,-422.88000,-169.75920,-253.12080,-253.12080,,-61.98240,-658.30660,-655.37400,59.21360,59.21360,-1.04680,-1.04680,1.08240,0.25260,0.58150,44.04060,-389.06150,-389.06150,-251.04190,-36.79570,0.04700,0.43650,0.57550,156.38430,-15.80650,-16.56680,-7.06430,-11.81430,26.94560,-1.8999,-1.8393
2023-12-31,384.70820,168.14240,216.56580,71.78960,-38.72580,110.51540,106.05040,-198.72480,-92.67440,-97.05960,4.38520,4.38520,,-52.10180,113.87270,106.05040,59.20700,59.20700,-0.88000,-0.88000,1.18110,0.29670,0.64830,56.29350,27.56650,27.56650,-24.08950,-13.54320,0.03760,0.29730,0.44210,203.56170,0.10100,0.10470,0.04280,0.07100,73.06730,1.43,1.3843
2023-09-30,222.82590,140.80110,82.02480,41.43810,343.63230,-302.19420,384.21900,12.49380,396.71280,136.11510,260.59770,260.59770,,134.57400,387.29130,384.21900,59.17860,69.25950,2.27400,1.94300,1.09970,0.21610,0.45470,36.81120,172.43010,172.43010,178.03710,60.39420,0.04340,0.68220,0.56170,160.22010,10.95040,11.16110,5.07340,8.58410,40.10100,1.69990,1.53420
2023-06-30,496.71150,323.19250,173.51910,141.60620,-59.35120,200.95740,-27.43840,61.81320,34.37500,-216.33140,250.70640,250.70640,,140.07000,-20.70040,-27.43840,60.20000,68.50000,2.29690,2.08490,1.10220,0.24810,0.54250,34.93360,-5.52400,-5.52400,6.92050,28.19950,0.08290,1.22650,1.12330,80.12370,9.26840,9.46370,4.18660,6.96930,45.58460,2.4566,2.509
2023-03-31,147.33680,82.60200,64.73480,40.35200,-11.03960,51.39160,13.34320,27.59120,40.93440,-26.22360,67.15800,67.15800,,39.59800,15.92920,13.34320,58.25660,69.60410,0.67910,0.56890,1.17220,0.24600,0.54680,43.93660,9.05630,9.05630,27.78290,26.87580,0.03340,0.34540,0.46490,193.59820,3.43780,3.50990,1.52350,2.59230,32.98870,0.5168,0.5688
2022-12-31,201.23340,111.32100,89.91240,39.93420,-151.19940,191.13360,-101.22120,8.68000,-92.54120,-173.75500,81.21380,81.21380,,40.31860,-97.78640,-101.22120,59.80540,70.67850,0.67420,0.57050,1.00390,0.26020,0.61310,44.68070,-50.30040,-50.30040,-45.98700,20.03570,0.04550,0.50050,0.58610,153.54650,4.40910,4.50510,1.83560,3.26200,30.43560,-0.8774,-0.6969
2022-09-30,220.98620,150.03500,70.95120,36.24520,-33.57380,69.81900,1.13220,46.66440,47.79660,9.07240,38.72420,38.72420,,25.68540,3.42620,1.13220,59.66020,70.94720,0.43050,0.36200,0.91320,0.25320,0.58320,32.10660,0.51230,0.51230,21.62880,11.62310,0.04790,0.68360,0.75820,118.70010,2.08080,2.12700,0.83860,1.55380,30.75070,0.84490,0.53090
2021-12-31,169.90000,86.42000,83.48000,54.64000,341.87000,-287.23000,370.71000,50.14000,420.85000,71.83000,349.02000,349.02000,,189.59000,373.17820,370.71000,60.30520,71.02700,3.14380,2.66930,1.21750,0.35960,0.77660,49.13480,218.19310,218.19310,247.70460,111.58920,0.04160,0.49260,0.60990,147.56500,23.07940,23.60190,8.54730,14.77920,25.09300,-0.7305,-0.7898
2021-09-30,177.11880,118.29550,58.82330,28.80910,-58.64820,87.45730,-28.63400,31.00300,2.36900,-26.86240,29.23140,29.23140,,21.01200,-26.51220,-28.63400,42.94850,42.94850,0.48920,0.48920,1.13940,0.42230,1.04090,33.21120,-16.16660,-16.16660,1.33750,11.86320,0.04920,0.75770,0.76760,117.24700,2.50390,2.57450,0.81130,1.44650,19.30640,2.19050,1.97010
2021-06-30,217.77270,128.98000,88.79270,44.42450,23.19450,21.23000,67.56270,58.12790,125.69060,302.25460,-176.56400,-176.56400,-9.94380,-104.58240,102.52820,67.56270,53.88700,55.44760,-1.90070,-1.80280,0.99370,0.40880,1.12060,40.77310,31.02440,31.02440,57.71640,-48.02370,0.05400,0.61870,0.79960,112.55760,-14.01160,-14.41870,-4.37460,-8.28320,20.84040,2.9736,9.8314
2021-03-31,36.89450,-59.69790,96.59240,9.36770,-193.37690,202.74460,-106.15220,25.04080,-81.11140,-19.15350,-61.95790,-61.95790,-0.68930,-6.84780,-103.91390,-106.15220,53.83430,53.83430,-0.12720,-0.12720,0.75940,0.36950,1.06650,261.80700,-287.71820,-287.71820,-219.84680,-18.56050,0.01090,-0.33340,0.12950,694.75030,-5.30640,-5.44710,-1.82760,-3.34590,19.31040,-1.863,-2.1175
2020-12-31,117.46250,75.33750,42.12500,20.57500,-251.96250,272.53750,-230.41250,24.98750,-205.42500,-59.90000,-145.52500,-145.52500,,-77.77500,-228.79800,-230.41250,51.03440,51.03440,-1.52400,-1.52400,0.58860,0.38650,1.11000,35.86250,-196.15840,-196.15840,-174.88560,-66.21260,0.03440,0.65350,0.49600,181.43660,,-12.96390,-4.25700,-7.79800,22.33360,-0.333,-1.7842
2020-09-30,132.56120,92.84490,39.71630,36.46940,331.07420,-294.60480,334.32110,-34.30480,300.01630,109.28490,190.73140,190.73140,-87.62520,39.63410,336.58160,334.32110,51.27340,52.60530,0.77300,0.75340,0.60260,0.36050,1.07670,29.96070,252.20130,252.20130,226.32280,29.89870,0.03630,0.94570,0.63680,141.33420,15.02130,15.28880,5.21630,9.60560,24.76700,1.12950,2.58290
2020-06-30,613.57870,440.72810,172.85060,151.86510,647.08780,-495.22280,668.07340,-151.77290,516.30020,81.66160,434.63860,434.63860,13.77770,232.13080,753.04260,668.07340,50.99780,50.99780,4.61160,4.57210,1.33650,0.72400,3.42850,28.17090,108.88140,108.88140,84.14570,37.83230,0.05320,1.85280,0.82960,108.48290,21.17950,27.53410,3.76620,5.84570,40.02860,3.3916,1.4532
2020-03-31,456.43260,290.75940,165.67320,115.95820,24.61300,91.34520,74.32800,-212.82910,-138.50110,-0.47270,-138.02840,-138.02840,-12.33910,-82.62470,147.50580,74.32800,50.29630,50.29630,-1.64280,-1.64280,1.31800,0.76530,4.28290,36.29740,16.28460,16.28460,-30.34430,-18.10230,0.04860,1.27790,0.68020,132.30660,-10.07860,-14.29290,-1.46890,-2.36540,26.71310,1.8085,2.753
2019-12-31,462.24880,286.96200,175.28680,108.39660,-178.81890,287.21550,-111.92870,27.69910,-84.22960,14.65230,-98.88190,-98.88190,-4.03910,-36.09840,-54.95450,-111.92870,50.05760,50.05760,-0.72110,-0.72110,1.46070,0.76170,4.10720,37.92040,-24.21400,-24.21400,-18.22170,-7.80930,0.04990,1.57120,0.79460,113.27000,-6.99550,-9.78510,-1.06660,-1.66670,27.57130,3.0154,-2.637
2019-09-30,504.84070,333.73200,171.10870,108.05690,192.42370,-84.36680,255.47550,-380.62500,-125.14950,40.35640,-165.50590,-165.50590,306.42850,-47.40050,316.29430,255.47550,49.68560,49.68560,-0.95400,-0.95400,1.48580,0.77490,4.29020,33.89360,50.60520,50.60520,-24.78990,-9.38920,0.04430,2.12820,0.70090,128.39720,-9.59780,-13.18960,-1.45370,-2.16050,,3.55620,9.27580
2019-06-30,786.16580,457.49190,328.67380,207.62870,-897.74420,1105.37310,-776.69910,203.14930,-573.55000,95.62170,-669.17180,-669.17170,5.07760,-398.69260,-714.92790,-776.69930,51.30520,51.30520,-7.79370,-7.73460,1.70820,0.75750,3.75620,41.80720,-98.79590,-98.79590,-72.95540,-50.71360,0.05880,2.31900,1.09520,82.18020,-28.58850,-35.93960,-5.00870,-6.93170,44.47350,5.333,1.5339
2019-03-31,497.21790,305.39310,191.82480,117.60320,17.91290,99.69030,92.13450,-159.80260,-67.66810,13.08130,-80.74940,-80.74940,-12.28460,-63.81310,147.86280,92.13450,51.74060,51.74060,-1.23330,-1.23330,1.69110,0.04230,0.09560,38.57960,18.53000,18.53000,-13.60940,-12.83400,0.03690,1.12340,1.93490,46.51420,-2.99740,-3.62350,-0.59970,-2.87060,51.18580,1.0442,-9.9768
2018-12-31,469.74600,345.19500,124.55100,57.78000,-370.27800,428.05810,-303.50700,-36.15300,-339.66000,-87.96600,-251.69400,-251.69400,21.30300,-96.41700,-257.92300,-303.50700,50.98730,50.98730,-1.89100,-1.89100,1.72390,0.02400,0.07270,26.51450,-64.61090,-64.61090,-72.30720,-20.52540,0.03820,1.57660,2.28560,39.37690,-9.77180,-11.68420,-2.04580,-9.53740,48.93890,1.9356,14.6577
2018-09-30,420.96000,249.18400,171.77600,105.98400,533.40800,-427.42400,599.20000,-332.28800,266.91200,27.39200,239.52000,239.52000,-1.47200,65.82400,636.12800,599.20000,50.30000,52.67850,1.30860,1.24950,1.72880,0.02190,0.08140,40.80580,142.34130,142.34130,63.40560,15.63660,0.02560,0.95720,1.16740,77.09690,7.21790,8.68060,1.45590,7.05970,63.04990,0.84980,-2.57930
2018-06-30,-1848.43500,-1414.71400,-433.72070,-407.20810,408.99980,-816.20800,382.48710,-682.08370,-299.59650,18.97740,-318.57390,-318.57390,629.35930,-12.03440,382.48710,382.48690,54.38670,56.46590,0.20650,0.08290,1.79540,0.71340,2.91480,23.46420,-20.69250,-20.69250,16.20810,0.65110,-0.10190,-4.26300,-2.04630,-43.98110,-8.24470,-9.86370,-1.75540,-2.36320,70.39460,10.0377,27.4788
2018-03-31,1206.53400,810.22620,396.30740,302.60050,99.50950,203.09080,193.21640,-139.87320,53.34320,17.96770,35.37550,35.37550,-1.01800,25.04280,246.11280,193.21640,144.72990,184.38190,0.17300,0.13580,1.51050,0.70150,2.76000,32.84680,16.01420,16.01420,4.42120,2.07560,0.08030,1.63300,1.22080,73.72300,1.12370,1.44870,0.23540,0.33540,57.35490,-3.7101,1.7043
2017-12-31,1384.67500,949.17330,435.50180,350.47980,502.36580,-151.88610,587.38780,-129.16020,458.22750,-96.04220,554.26970,554.26970,11.07740,250.78320,669.14500,587.38780,55.70430,55.70430,4.50200,4.48120,1.50500,0.68340,2.55570,31.45160,42.42060,42.42060,33.09280,18.11130,0.08890,1.88680,1.29000,69.76580,16.09300,20.45780,3.55690,5.09480,62.74120,3.5842,2.8891
2017-09-30,1257.20800,857.53000,399.67800,281.18400,224.63400,56.55000,343.12810,-271.20800,71.92000,71.05000,0.87000,0.87000,0.75400,12.81800,417.36800,343.12810,54.34620,54.59140,0.23590,0.23480,1.49760,0.71460,2.96470,31.79090,27.29290,27.29290,5.72060,1.01960,0.08660,1.79320,1.18060,76.23180,0.03060,0.04060,0.00600,0.00870,,2.60300,1.41200
2017-06-30,1276.41300,858.56260,417.85050,288.11560,361.11430,-72.99830,490.84880,-137.13760,353.71160,201.86140,151.85020,151.85020,-52.19520,32.06940,490.84880,490.84860,54.49620,54.71500,0.58120,0.57940,1.33540,0.69500,2.75180,32.73630,38.45530,38.45530,27.71140,2.51250,0.08170,1.93890,1.05630,85.20000,4.77290,6.38980,0.97210,1.45600,57.51400,3.8579,3.0394
2017-03-31,1215.82500,862.71390,353.11140,301.79970,-15.84720,317.64710,35.46450,-11.50200,23.96250,15.27210,8.69040,8.69040,-28.17990,7.34850,35.46450,35.46450,54.69420,54.69420,0.13430,0.13430,1.32570,0.82070,5.53120,29.04290,2.91690,2.91690,1.97090,0.60440,0.10830,2.48910,1.24610,72.22420,0.63930,1.33480,0.07740,0.11460,,0.9106,-0.5325
2016-12-31,1225.80600,864.90960,360.89650,302.40780,-3.75260,306.16040,54.73620,-84.56290,-29.82670,-33.83810,4.01140,4.01140,299.62570,90.83880,54.73620,54.73620,54.29040,54.46880,1.67320,1.66770,1.40610,0.81910,5.47400,29.44160,4.46530,4.46530,-2.43320,7.41050,0.10850,2.49780,1.17020,76.91280,0.29080,0.62190,0.03550,0.05260,,3.2004,2.0942
2016-09-30,1323.25000,953.74500,369.50500,298.35100,1.07200,297.27900,72.22610,-104.85500,-32.62900,1.87600,-34.50500,-34.50500,-23.98600,-32.49500,168.84010,72.22610,54.62350,54.62350,-0.59490,-0.59490,1.17530,0.85290,7.08620,27.92410,5.45820,5.45820,-2.46580,-2.45570,0.11590,2.85960,1.29790,69.34330,-3.30420,-12.50910,-0.30210,-0.48620,,2.95850,2.36970
2016-06-30,1469.82100,969.29220,500.52890,458.99190,,393.04980,107.47950,-141.27010,-33.76470,-15.56520,-18.19950,-25.72850,,0.73400,107.47950,107.47940,29.96280,29.96280,-1.35300,-1.35300,0.98950,0.86030,7.70060,34.05480,7.31240,7.31240,-2.29720,0.04990,0.10140,2.41580,1.14540,78.57420,-1.93480,-8.62240,-0.17750,-0.27030,24.03870,8.2808,35.377
2016-03-31,1266.17000,953.07780,313.09230,215.02450,-21.53730,236.56220,76.53050,-93.60710,-17.07650,-3.13650,-13.94000,-13.94000,,-11.08230,76.53050,76.53050,54.79170,54.79170,-0.20230,-0.20230,1.14430,0.91010,12.69230,24.72750,6.04430,6.04430,-1.34870,-0.87530,0.11060,1.98430,1.22830,73.27430,-2.05740,-6.49560,-0.12180,-0.18510,,3.0318,7.9988
2015-12-31,177.27600,83.27050,94.00550,34.31150,88.98920,-54.67760,148.68320,-250.61430,-101.93120,-8.12640,-93.80480,-93.80480,,-48.65810,148.68320,148.68320,54.75040,54.75040,-0.88870,-0.88870,1.22210,0.91960,13.84240,53.02770,83.87100,83.87100,-57.49860,-27.44770,0.01260,0.14910,0.13300,676.55350,-12.50170,-52.35170,-0.66510,-1.00470,36.26110,-0.1819,5.6278
2015-09-30,175.75600,108.94000,66.81600,35.73000,,35.73000,31.08600,-60.57000,-29.51000,9.63000,-39.14000,-31.61100,0.00000,-31.61100,38.70600,31.08600,54.60400,54.60400,-0.58040,-0.58040,1.14000,0.63500,2.32980,38.00720,17.68700,17.68700,-16.79030,-17.98570,0.10320,1.71990,0.87760,102.54790,-7.67000,-8.03150,-1.85650,-2.79960,,0.68400,0.65010
2015-06-30,93.48400,114.61000,-21.12600,-32.96000,,-32.96000,11.83400,-14.36000,80.50000,7.46000,73.04000,67.18900,0.00000,67.18900,-10.70600,11.83400,54.36900,54.36900,1.23330,1.21520,0.94370,0.59920,2.12690,66.22520,12.65890,12.65890,86.11100,71.87220,0.05260,1.55170,0.44540,202.04850,14.79410,15.49130,3.77900,5.92980,,-0.0282,9.4651
2015-03-31,130.18600,74.09000,56.09600,26.27000,,26.27000,29.82600,-67.58000,-37.65000,-4.30000,-33.35000,-31.29200,0.00000,-31.29100,52.36600,29.82600,54.46000,54.46000,-0.57130,-0.57130,0.77980,0.63900,2.53380,43.16900,22.91030,22.91030,-28.92020,-24.03560,0.07830,0.83720,0.67160,134.01210,-8.44450,-8.92480,-1.88200,-3.04820,,-0.0092,-0.0892
2014-12-31,163.60600,96.40000,67.20600,23.21000,,23.21000,43.99600,-52.66000,-5.50000,16.30000,-21.80000,-10.55400,0.00000,-10.55400,43.99600,43.99600,53.05200,53.05200,-0.19950,-0.19950,0.92870,0.59950,2.21780,43.01800,26.89140,26.89140,-3.36170,-6.45090,0.09500,1.08140,0.94040,95.70130,-2.48060,-2.60750,-0.61250,-0.99360,,0.3702,0.2142
2014-09-30,184.45500,119.95000,64.50500,30.50000,,30.50000,34.00500,-15.33000,18.46000,15.84000,2.62000,-14.32900,0.00000,-14.32900,34.00500,34.00500,54.42700,54.42700,-0.26000,-0.26000,1.08350,0.55690,1.80570,34.85400,18.43540,18.43540,10.00790,-7.76830,0.10070,1.75750,0.97380,92.41770,-2.68250,-2.79260,-0.78250,-1.18860,,0.72570,0.57620
2014-06-30,170.39200,136.23000,34.16200,45.65000,,45.65000,-11.48800,-93.81000,-86.93000,-4.98000,-81.95000,-46.55600,0.00000,-46.55600,33.34200,-11.48800,39.60200,39.60200,-1.17460,-1.17460,1.03900,0.54520,1.79370,30.82300,-6.74210,-6.74210,-51.01770,-27.32290,0.07150,1.41950,0.78450,114.71840,-6.95230,-7.23780,-1.95340,-3.16220,,3.3673,2.8617
2014-03-31,136.77000,49.37000,87.40000,28.93000,,28.93000,58.47000,-106.47000,-47.99000,-25.00000,-22.99000,-22.99000,0.00000,-22.99000,34.68000,58.47000,,,,0.00000,1.04000,0.56380,1.70300,63.90290,42.75060,42.75060,-35.08810,-16.80920,0.06740,0.42960,0.75780,118.76950,-3.55610,-3.68320,-1.13220,-1.55100,,-1.3027,-1.1386
2013-12-31,35.59000,95.91000,-60.32000,35.20000,,35.20000,-95.52000,-100.56000,-64.70000,-20.66000,-44.04000,-29.93900,0.00000,-29.93900,-71.73000,-95.52000,55.57500,55.57500,-0.53800,-0.53800,0.97890,0.54120,1.60820,199.69090,-268.39000,-268.39000,-181.79260,-84.12190,0.01550,2.06610,0.17680,508.99690,-4.06040,-4.18970,-1.30430,-1.86310,,0.0757,0.0078
2013-09-30,83.98900,138.17000,-54.18100,35.43000,,35.43000,-89.61100,-53.28000,-24.19000,-8.16000,-16.03000,-16.22700,0.00000,-16.22700,-89.61100,-89.61100,54.53800,54.53800,-0.29590,-0.29590,0.96300,0.45770,1.23790,76.81960,-106.69370,-106.69370,-28.80140,-19.32040,0.03680,3.17410,0.38360,234.64140,-1.88700,-1.93940,-0.71160,-1.02330,,1.22700,1.13080
2013-06-30,206.75200,127.55000,79.20200,19.63000,,18.59000,60.61200,-134.49000,-20.95000,3.02000,-23.97000,-19.54000,0.00000,-19.54000,112.95200,60.61200,56.47400,62.12100,-0.34970,-0.31380,1.23390,0.47030,1.21150,63.90750,29.31630,29.31630,-10.13290,-9.45090,0.08140,2.46900,0.69620,129.28100,-2.02280,-2.07800,-0.76910,-1.07150,,0.7597,0.5223
2013-03-31,147.27400,139.55000,7.72400,25.45000,,25.45000,-17.72600,33.63000,16.35000,-0.94000,17.29000,4.53400,0.00000,4.53400,-41.73600,-17.72600,52.95400,66.19300,0.08970,0.07170,1.07070,0.43250,1.04360,5.54750,-12.03610,-12.03610,11.10180,3.07860,0.06050,4.03790,0.76320,117.93120,0.45250,0.46390,0.18640,0.25680,,0.0875,-0.0922
2012-12-31,170.70000,93.64000,77.06000,26.07000,,26.07000,50.99000,7.18000,38.31000,1.80000,36.51000,15.37500,0.00000,15.37500,65.22000,50.99000,57.45800,61.56200,0.26900,0.25110,0.94020,0.40880,0.98350,33.50910,29.87110,29.87110,22.44290,9.00700,0.07050,0.87850,0.79930,112.60280,1.51790,1.55680,0.63520,0.89740,,-0.0415,0.2885
2012-09-30,156.84500,94.10000,62.74500,36.88000,,37.92000,24.82500,-27.29000,4.72000,2.98000,1.74000,-3.44000,0.00000,-3.44000,39.52500,24.82500,63.94300,63.94300,-0.05380,-0.05380,0.99010,0.37650,0.85600,44.59180,15.82770,15.82770,3.00930,-2.19320,0.06800,1.03330,1.41100,63.78530,-0.33330,-0.33860,-0.14920,-0.20780,,1.33130,0.92380
2012-06-30,281.66000,202.27000,79.39000,54.20000,,77.42000,1.97000,-10.17000,-8.20000,-9.01000,0.81000,2.51600,0.00000,2.51600,17.16000,1.97000,56.12200,56.12200,0.04480,0.04480,0.91520,0.57470,1.88200,28.18290,0.69940,0.69940,-2.91130,0.89330,0.12380,1.59670,2.16210,41.62570,0.52290,0.41290,0.11060,0.22240,,1.4483,1.9611
2012-03-31,147.98000,86.19000,61.79000,34.43000,,31.28000,30.51000,-16.46000,14.03000,0.81000,13.22000,5.91000,0.00000,5.91000,30.51000,30.51000,55.38100,62.33600,0.10760,0.10760,0.89470,0.53540,1.82620,41.74890,20.61770,20.61770,9.48100,3.99380,0.06470,0.52080,1.41930,63.40990,1.16780,0.92060,0.25830,0.54260,,2.1772,1.4866
2011-12-31,171.72000,95.26000,76.46000,32.96000,,29.99000,46.47000,-18.84000,27.62000,5.60000,22.02000,9.52000,,9.52000,46.47000,46.47000,,,,0.00000,,,,44.52600,27.06150,27.06150,16.08430,5.54390,,,,,,,,,,-0.8191,-0.5748
2011-09-30,171.13700,135.35000,35.78700,30.80000,,26.96000,8.82700,-32.76000,9.93000,5.72000,4.21000,0.25000,0.00000,0.25000,18.95700,8.82700,57.88400,57.88400,0.00900,0.00900,0.98180,0.51850,1.72650,40.70420,5.15780,5.15780,5.80240,0.14610,0.07360,0.76500,1.67370,53.77270,,0.03760,0.01080,0.02340,,0.81910,0.57480
2011-06-30,188.15000,,188.15000,,,,188.15000,,188.15000,,188.15000,17.74300,0.00000,17.74300,188.15000,188.15000,56.40500,60.74400,0.31380,0.29590,0.95830,0.48520,1.53710,100.00000,100.00000,100.00000,100.00000,9.43020,0.07710,,1.65830,54.27270,,2.46300,0.72740,1.64660,,2.2824,1.5819
2011-03-31,21.52800,,21.52800,,,,21.52800,,21.52800,,21.52800,8.47800,0.00000,8.47800,21.52800,21.52800,55.43100,55.43100,0.15240,0.13450,0.81630,,,100.00000,100.00000,100.00000,100.00000,39.38130,0.01080,,,,,1.61420,0.42570,1.61420,,0,0
2010-12-31,136.15400,,136.15400,,,,136.15400,,136.15400,,136.15400,13.85600,0.00000,13.85600,136.15400,136.15400,51.22900,61.47500,0.26900,0.22420,0.70570,,,100.00000,100.00000,100.00000,100.00000,10.17670,0.06860,,,,,1.58480,0.69810,1.58480,,0,0
2010-09-30,128.54400,62.38000,66.16400,27.12000,,27.12000,39.04400,-7.62000,31.39000,6.10000,25.29000,13.22200,0.00000,13.22200,39.04400,39.04400,49.15400,49.15400,0.26900,0.17930,1.13340,,,51.46100,30.37400,30.37400,24.41970,10.28600,0.07060,,,,,2.53660,0.72660,2.53660,,0.00000,
2010-06-30,678.46400,,678.46400,,,,678.46400,,678.46400,,678.46400,0.74900,0.00000,0.74900,678.46400,678.46400,,,0.00000,0.00000,0.75360,0.30240,0.97190,100.00000,100.00000,100.00000,100.00000,0.11040,0.38050,,5.89870,15.25770,,0.12660,0.04200,0.10180,,0,0
2010-03-31,98.71000,,98.71000,,,,98.71000,,98.71000,,98.71000,11.19100,0.00000,11.19100,98.71000,98.71000,59.69100,59.69100,0.18830,0.18830,0.55410,,0.22440,100.00000,100.00000,100.00000,100.00000,11.33730,0.14510,,6.67410,13.48500,2.17900,2.18020,1.64460,2.17890,,0,0
2009-12-31,127.13000,,127.13000,,,,127.13000,,127.13000,,127.13000,21.04500,0.00000,21.04500,127.13000,127.13000,58.67900,58.67900,0.35870,0.35870,0.77820,,,100.00000,100.00000,100.00000,100.00000,16.55390,0.07590,,,,,4.16170,1.25650,4.16180,,-0.1644,-0.0505
2009-09-30,89.83600,50.06000,39.77600,25.69000,,25.69000,14.08600,22.27000,36.29000,4.02000,32.27000,16.19900,0.00000,16.19900,25.73600,14.08600,60.22300,60.22300,0.26900,0.26900,0.85390,0.31640,0.76970,44.19160,15.67970,15.67970,40.39580,18.03180,0.05650,1.42910,1.27350,70.66880,,2.73630,1.01950,2.22600,,0.16440,0.05050
2009-06-30,332.51000,194.84000,137.67000,83.07000,,84.27000,53.40000,50.40720,103.80000,25.00000,78.80000,48.82000,0.00000,48.82000,91.93000,53.40000,,,,0.00000,0.88110,0.32340,0.77420,41.40030,16.05970,16.05970,31.21710,14.68230,0.18790,4.72800,1.90190,47.32100,,7.61050,2.75900,6.15320,,0.0815,0.9367
2009-03-31,98.96000,36.06000,62.90000,19.08000,,17.88000,45.02000,-10.67720,0.89000,2.61000,-1.72000,-2.16600,0.00000,-2.16600,45.02000,45.02000,80.52400,80.52400,-0.02690,-0.02690,0.93030,0.37270,0.90330,29.75950,45.49310,45.49310,0.89940,-2.18880,0.06310,0.64580,1.34240,67.04530,,-0.39520,-0.13820,-0.28710,,-0.0815,-0.9367
