Date,revenue,gross-profit,research-development-expenses,selling-general-administrative-expenses,other-operating-income-expenses,operating-income,total-non-operating-income-expense,pre-tax-income,total-provision-income-taxes,income-after-taxes,income-from-continuous-operations,net-income,ebitda,ebit,basic-shares-outstanding,shares-outstanding,eps-basic-net-earnings-per-share,eps-earnings-per-share-diluted,current-ratio,gross-margin,operating-margin,ebit-margin,pre-tax-profit-margin,net-profit-margin,asset-turnover,receiveable-turnover,days-sales-in-receivables,roe,return-on-tangible-equity,roa,roi,book-value-per-share,operating-cash-flow-per-share,free-cash-flow-per-share
2024-03-31,0.50400,0.50400,76.17200,17.95300,-46.96600,-140.58700,24.72000,-115.86700,0.72400,-116.59100,-116.59100,-116.59100,-135.75400,-140.58700,81.79460,81.79460,-1.43000,-1.43000,17.81350,100.00000,-27894.25000,-27894.25000,-22989.48000,-23133.14000,0.00020,,,-5.59470,-5.59480,-4.78020,-5.59470,24.56380,1.34180,1.33300
2023-12-31,201.20600,201.20600,95.14400,16.47900,-20.00000,69.58300,19.99700,89.58000,0.23300,89.34700,89.34700,89.34700,74.48300,69.58300,79.22000,79.22000,1.12000,1.12000,17.53890,100.00000,34.58300,34.58300,44.52150,44.40570,0.09020,1.00600,89.46060,4.74540,4.74550,4.00740,4.74540,23.52200,-1.2178,-1.2274
2023-09-30,,,90.69800,18.29100,-23.42200,-132.41100,20.67100,-111.74000,0.41200,-112.15200,-112.15200,-112.15200,-127.48600,-132.41100,79.41400,79.41400,-1.41000,-1.41000,15.82780,,,,,,,,,-6.49110,-6.49120,-5.37430,-6.49110,21.75320,-0.4954,-0.5218
2023-06-30,70.00000,70.00000,101.55500,19.03200,-44.63600,-95.22300,18.40600,-76.81700,0.92300,-77.74000,-77.74000,-77.74000,-90.26200,-95.22300,79.09100,79.09100,-0.98000,-0.98000,13.99890,100.00000,-136.03280,-136.03280,-109.73860,-111.05710,0.03190,1.00000,90.00000,-4.28080,-4.28090,-3.53840,-4.28080,22.88000,-1.6853,-1.7301
2023-03-31,100.00000,100.00000,99.93500,22.36000,-42.19200,-64.48700,12.74200,-51.74500,1.32000,-53.06500,-53.06500,-53.06500,-59.43600,-64.48700,78.67700,78.67700,-0.67000,-0.67000,12.99760,100.00000,-64.48700,-64.48700,-51.74500,-53.06500,0.04460,,,-2.86080,-2.86090,-2.36440,-2.86080,23.52030,0.11180,0.07300
2022-12-31,0.00600,0.00600,103.55500,21.16900,-6.82300,-131.54100,11.49000,-120.05100,-9.47600,-110.57500,-110.57500,-110.57500,-125.69500,-131.54100,77.74700,77.74700,-1.40000,-1.40000,15.30070,100.00000,-2192357.00000,-2192357.00000,-2000856.00000,-1842922.00000,0.00000,,,-5.89580,-5.89610,-4.92970,-5.89580,23.88780,-1.475,-1.5561
2022-09-30,0.09400,0.09400,116.62200,27.00100,-38.85900,-182.38800,7.26400,-175.12400,-0.57500,-174.54900,-174.54900,-174.54900,-177.37000,-182.38800,78.02200,78.02200,-2.24000,-2.24000,12.81040,100.00000,-194029.80000,-194029.80000,-186302.10000,-185690.40000,0.00000,1.91840,46.91490,-8.93310,-8.93350,-7.41700,-8.93310,24.97130,-1.3252,-1.4002
2022-06-30,0.15800,0.15800,123.22300,26.27300,-33.92200,-183.26000,3.54400,-179.71600,6.11800,-185.83400,-185.83400,-185.83400,-175.99100,-183.26000,77.51300,77.51300,-2.40000,-2.40000,17.56510,100.00000,-115987.30000,-115987.30000,-113744.30000,-117616.50000,0.00010,2.39390,37.59490,-8.88800,-8.88850,-7.54390,-8.88800,26.87720,-1.822,-1.9452
2022-03-31,0.94000,0.94000,118.24500,28.02100,-30.64600,-175.97200,0.36300,-175.60900,3.60800,-179.21700,-179.21700,-179.21700,-169.93300,-175.97200,77.09830,77.09830,-2.32000,-2.32000,19.88280,100.00000,-18720.43000,-18720.43000,-18681.81000,-19065.64000,0.00040,6.57340,13.69150,-7.98320,-7.98360,-6.87660,-7.98320,29.00930,-1.75410,-1.95320
2021-12-31,12.89910,12.89910,104.11500,22.65800,-31.82400,-145.69790,2.19700,-143.50100,-2.25300,-141.24800,-141.24800,-141.24800,-139.43690,-145.69800,75.94900,80.39300,-1.86000,-1.56000,20.16560,100.00000,-1129.52500,-1129.52500,-1112.49300,-1095.02600,0.00470,42.29200,2.12810,-5.88670,-5.88700,-5.13280,-5.88670,31.16590,-1.4885,-1.5541
2021-09-30,0.82400,0.82400,83.50000,23.70900,-22.46400,-128.84900,1.10100,-127.74800,-0.59500,-127.15300,-127.15300,-127.15300,-123.52500,-128.84900,76.28900,76.28900,-1.67000,-1.67000,26.18270,100.00000,-15637.01000,-15637.01000,-15503.40000,-15431.19000,0.00030,5.42110,16.60190,-5.06000,-5.06020,-4.50620,-5.06000,32.94210,-0.5872,-1.0969
2021-06-30,900.70100,900.70100,82.33200,28.80600,-26.94500,762.61800,0.75000,763.36800,4.14300,759.22500,759.22500,759.22500,766.27100,762.61800,80.45000,80.45000,10.01000,9.44000,26.22960,100.00000,84.66940,84.66940,84.75270,84.29270,0.31060,6004.67300,0.01500,29.15840,29.16010,26.18450,29.15840,34.31330,10.122,9.7746
2021-03-31,0.53900,0.53900,70.62000,24.51700,-19.94500,-114.54300,1.95500,-112.58800,0.57500,-113.16300,-113.16300,-113.16300,-111.82800,-114.54300,75.00500,75.00500,-1.51000,-1.51000,22.05270,100.00000,-21251.02000,-21251.02000,-20888.31000,-20994.99000,0.00030,3.59330,25.04640,-6.26770,-6.26830,-5.77980,-6.26770,23.84090,-1.34210,-1.43570
2020-12-31,0.37000,0.37000,82.36500,25.76600,,-107.76100,0.57500,-107.18600,-0.14700,-107.03900,-107.03900,-107.03900,-103.33800,-107.76100,65.95000,65.95000,-1.52000,-1.52000,18.21170,100.00000,-29124.61000,-29124.60000,-28969.20000,-28929.46000,0.00020,2.56940,35.02700,-6.43170,-6.43240,-5.85560,-6.43170,22.51550,-1.3738,-1.4795
2020-09-30,0.14800,0.14800,71.00800,21.53900,,-92.39900,0.16000,-92.23900,0.20000,-92.43900,-92.43900,-92.43900,-90.06400,-92.39900,70.14350,70.14350,-1.32000,-1.32000,16.52950,100.00000,-62431.76000,-62431.76000,-62323.64000,-62458.78000,0.00010,1.34550,66.89190,-6.88150,-6.88250,-6.22480,-6.88150,19.02590,-0.9143,-0.9797
2020-06-30,0.04400,0.04400,59.38000,21.35300,,-80.68900,1.41200,-79.27700,0.37900,-79.65600,-79.65600,-79.65600,-78.49700,-80.68900,61.42100,61.42100,-1.30000,-1.30000,12.96050,100.00000,-183384.10000,-183384.10000,-180175.00000,-181036.40000,0.00000,1.33330,67.50000,-8.74700,-8.74900,-7.61140,-8.74700,14.55840,-0.4687,-0.5269
2020-03-31,0.15700,0.15700,54.19300,19.55000,,-73.58600,4.23200,-69.35400,0.37700,-69.73100,-69.73100,-69.73100,-71.49500,-73.58600,60.84800,60.84800,-1.15000,-1.15000,16.86970,100.00000,-46870.06000,-46870.06000,-44174.52000,-44414.65000,0.00020,0.00630,14398.28000,-7.86950,-7.87140,-6.92260,-7.86950,14.55240,-0.85750,-0.90660
2019-12-31,77.01600,77.01600,48.76100,17.27200,,10.98300,19.56300,30.54600,0.00400,30.54200,30.54200,30.54200,12.41500,10.98300,54.39200,56.93300,0.65000,0.71000,17.29320,100.00000,14.26070,14.26070,39.66190,39.65670,0.07220,777.93940,0.11570,3.25110,3.25200,2.86310,3.25110,15.45510,0.0701,0.0522
2019-09-30,211.92800,211.92800,57.24600,15.51900,,139.16300,-0.46600,138.69700,0.27400,138.42300,138.42300,138.42300,140.44600,139.16300,54.82900,57.59900,2.52000,2.40000,8.32380,100.00000,65.66520,65.66520,65.44530,65.31610,0.29410,5434.05100,0.01660,23.38710,23.39690,19.20970,23.38710,10.72460,2.4317,2.3937
2019-06-30,0.31800,0.31800,39.53300,15.76800,,-54.98300,1.36900,-53.61400,0.08500,-53.69900,-53.69900,-53.69900,-53.78500,-54.98300,53.18800,53.18800,-1.01000,-1.01000,13.95880,100.00000,-17290.25000,-17290.25000,-16859.75000,-16886.48000,0.00060,0.99070,90.84910,-14.60470,-14.61510,-10.86490,-14.60470,6.87270,-0.6667,-0.7071
2019-03-31,0.32800,0.32800,33.82200,14.92900,,-48.42300,0.10000,-48.32300,0.08500,-48.40800,-48.40800,-48.40800,-47.61100,-48.42300,52.09300,52.09300,-0.93000,-0.93000,15.83900,100.00000,-14763.11000,-14763.11000,-14732.62000,-14758.54000,0.00070,0.99090,90.82320,-12.74530,-12.75460,-9.72300,-12.74530,7.21580,-0.83960,-0.86070
2018-12-31,0.11500,0.11500,28.80100,16.54200,,-45.22800,-2.12800,-47.35600,0.23400,-47.59000,-47.59000,-47.59000,-44.28300,-45.22800,47.96400,47.96400,-0.93000,-0.93000,16.80950,100.00000,-39328.70000,-39328.70000,-41179.12000,-41382.61000,0.00020,1.30680,68.86960,-12.13430,-12.14320,-9.73180,-12.13430,7.56360,-0.5745,-0.5949
2018-09-30,0.56300,0.56300,39.82000,10.17500,,-49.43200,-1.14200,-50.57400,0.13700,-50.71100,-50.71100,-50.71100,-48.54900,-49.43200,47.39200,47.39200,-1.07000,-1.07000,15.38780,100.00000,-8780.10600,-8780.10600,-8982.94800,-9007.28100,0.00110,1.01990,88.24160,-12.15180,-12.16060,-9.77270,-12.15180,8.09470,-0.4093,-0.4237
2018-06-30,1.08800,1.08800,25.63300,12.74100,,-37.28600,-0.99800,-38.28400,0.09600,-38.38000,-38.38000,-38.38000,-36.42100,-37.28600,46.84200,46.84200,-0.82000,-0.82000,17.88590,100.00000,-3427.02200,-3427.02200,-3518.75000,-3527.57300,0.00310,1.15250,78.08820,-14.47460,-14.49190,-10.86850,-14.47460,5.63310,-0.5282,-0.5391
2018-03-31,1.35800,1.35800,19.51900,8.83600,,-26.99700,-1.21700,-28.21400,0.08600,-28.30000,-28.30000,-28.30000,-26.17100,-26.99700,45.87700,45.87700,-0.62000,-0.62000,24.41670,100.00000,-1987.99700,-1987.99700,-2077.61400,-2083.94700,0.00360,1.07780,83.50520,-9.74740,-9.75850,-7.55770,-9.74740,6.21960,-0.49450,-0.50660
2017-12-31,32.32500,32.32500,20.03000,11.32300,,0.97200,-0.41200,0.56000,0.42000,0.14000,0.14000,0.14000,1.77800,0.97200,40.05700,40.05700,0.01000,0.01000,17.11700,100.00000,3.00700,3.00690,1.73240,0.43310,0.11910,12.30960,7.31140,0.07450,0.07470,0.05160,0.07450,4.62730,-0.3716,-0.3769
2017-09-30,2.38700,2.38700,17.84500,8.11200,,-23.57000,-0.43000,-24.00000,0.70700,-24.70700,-24.70700,-24.70700,-22.77800,-23.57000,40.08900,40.08900,-0.62000,-0.62000,21.34080,100.00000,-987.43190,-987.43190,-1005.44600,-1035.06500,0.00850,0.74340,121.06830,-13.80600,-13.83370,-8.75140,-13.80600,4.43170,-0.3911,-0.4652
2017-06-30,3.58200,3.58200,17.12000,7.76800,,-21.30600,-0.66600,-21.97200,0.34300,-22.31500,-22.31500,-22.31500,-20.60000,-21.30600,39.89590,39.89590,-0.56000,-0.56000,17.78710,100.00000,-594.80730,-594.80730,-613.40030,-622.97600,0.01170,0.52570,171.20600,-11.28140,-11.30270,-7.31700,-11.28140,4.94030,-0.3978,-0.4308
2017-03-31,2.70300,2.70300,14.80500,8.64200,,-20.74400,-0.45200,-21.19600,0.27900,-21.47500,-21.47500,-21.47500,-20.02400,-20.74400,39.72600,39.72600,-0.54000,-0.54000,17.52660,100.00000,-767.44350,-767.44350,-784.16560,-794.48760,0.00840,0.47660,188.85680,-9.98020,-9.99810,-6.66210,-9.98020,5.34490,-0.58930,-0.67200
2016-12-31,2.34400,2.34400,15.57200,12.08200,,-25.31000,42.80800,17.49800,0.40000,17.09800,17.09800,17.09900,-24.89800,-25.31000,12.25750,12.25750,5.56000,5.56000,14.55530,100.00000,-1079.77800,-1079.77800,746.50170,729.47950,0.00680,0.74250,121.21590,7.34310,7.35570,4.95650,7.34310,5.86220,2.2699,2.5506
2016-09-30,1.54900,1.54900,12.05200,4.10700,,-14.61000,-0.07600,-14.68600,0.00800,-14.69400,-14.69400,-14.68000,-14.37400,-14.61000,5.29230,5.29230,-2.77000,-2.77000,2.96620,100.00000,-943.18910,-943.18910,-948.09550,-947.70830,0.00560,0.74040,121.54940,23.49840,-11.98340,-5.27320,-11.94310,23.17880,-4.9707,-5.4555
2016-06-30,,,,,,,,,,,,,,,,,,0.00000,,,,,,,,,,,,,,,,
2016-03-31,0.47600,0.47600,6.01200,6.11600,,-11.65200,3.28600,-8.36600,0.07600,-8.44200,-8.44200,-8.43900,-11.54600,-11.65200,5.52800,5.52800,-1.53000,-1.53000,,100.00000,-2447.89900,-2447.89900,-1757.56300,-1772.89900,,,,,,,,,-1.81150,-1.85350
2015-12-31,,,,,,,,,,,,,,,,,,0.00000,,,,,,,,,,,,,,,1.7323,1.85
2015-09-30,,,3.74900,2.45300,,-6.20200,0.00100,-6.20100,0.15300,-6.35400,-6.35400,-6.35300,-6.20200,-6.20200,5.52800,5.52800,-1.15000,-1.15000,,,,,,,,,,,,,,,-1.7323,-1.85
2014-12-31,,,,,,,,,,,,,,,,,,0.00000,,,,,,,,,,,,,,,0,0
