Date,revenue,cost-goods-sold,gross-profit,selling-general-administrative-expenses,operating-expenses,operating-income,total-non-operating-income-expense,pre-tax-income,total-provision-income-taxes,income-after-taxes,income-from-continuous-operations,net-income,ebitda,ebit,basic-shares-outstanding,shares-outstanding,eps-basic-net-earnings-per-share,eps-earnings-per-share-diluted,current-ratio,long-term-debt-capital,debt-equity-ratio,gross-margin,operating-margin,ebit-margin,pre-tax-profit-margin,net-profit-margin,asset-turnover,inventory-turnover,receiveable-turnover,days-sales-in-receivables,roe,return-on-tangible-equity,roa,roi,book-value-per-share,operating-cash-flow-per-share,free-cash-flow-per-share
2024-04-30,279.77100,164.35000,115.42100,89.27800,89.27800,26.14300,-9.48700,16.65600,4.48400,12.17200,12.17200,12.17200,45.95100,26.14300,104.26800,105.24700,0.12000,0.12000,0.82920,3.31310,-1.51360,41.25550,9.34440,9.34440,5.95340,4.35070,0.58320,1.13500,,,-6.12770,-5.87910,2.53750,14.17380,-1.90370,0.26250,0.19590
2024-01-31,293.53890,192.38200,101.15700,97.14200,97.14200,4.01500,-10.04400,-6.02900,-1.95900,-4.07000,-4.07000,-4.07000,24.64700,4.01500,103.99000,104.40000,-0.03000,-0.03000,0.77170,3.75540,-1.47350,34.46120,1.36780,1.36780,-2.05390,-1.38650,0.61550,1.35290,,,1.92240,1.84900,-0.85330,-5.29700,-2.03170,0.0856,-0.0172
2023-10-31,275.40800,183.90600,91.50200,84.62000,84.62000,6.88200,-10.02400,-3.14200,-0.39400,-2.74800,-2.74800,-2.74800,26.42200,6.88200,104.08100,104.08100,-0.03000,-0.03000,0.85680,3.51020,-1.49990,33.22420,2.49880,2.49880,-1.14090,-0.99780,0.54060,1.07530,,,1.31330,1.26270,-0.53940,-3.29680,-2.00990,0.0198,-0.0344
2023-07-31,289.14400,186.46700,102.67700,82.48900,82.48900,20.18800,-9.51700,10.67100,4.04200,6.62900,6.62900,6.62900,39.78500,20.18800,103.93000,104.17200,0.06000,0.06000,0.86630,3.33410,-1.50620,35.51070,6.98200,6.98200,3.69050,2.29260,0.58720,1.18150,,,-3.19230,-3.06820,1.34630,7.45100,-1.99590,0.1964,0.1587
2023-04-30,293.85400,183.21200,110.64200,84.57900,84.57900,26.06300,-9.52800,16.53500,4.72700,11.80800,11.80800,11.80800,45.66200,26.06300,103.80000,104.02700,0.11000,0.11000,0.85190,3.56530,-1.51970,37.65200,8.86940,8.86940,5.62690,4.01830,0.57010,1.04810,,,-5.45830,-5.25430,2.29070,14.00230,-2.08360,0.10790,0.05350
2023-01-31,301.22800,205.04900,96.17910,93.66400,93.66400,2.51500,-8.36900,-5.85400,-2.01000,-3.84400,-3.84400,-3.84400,22.61700,2.51500,104.34200,104.48900,-0.04000,-0.04000,0.80850,4.09140,-1.43000,31.92900,0.83490,0.83490,-1.94340,-1.27610,0.57130,1.13880,,,1.66970,1.61090,-0.72900,-5.16160,-2.21850,-0.0091,-0.0681
2022-10-31,300.20100,198.26300,101.93800,81.98500,81.98500,19.95300,-8.53700,11.41600,4.13900,7.27700,7.27700,7.27700,39.71900,19.95300,103.62300,103.80500,0.07000,0.07000,0.82640,3.87620,-1.42750,33.95660,6.64650,6.64650,3.80280,2.42400,0.53200,0.99190,,,-3.17660,-3.06420,1.28950,9.13630,-2.21040,0.0932,0.0387
2022-07-31,353.52200,222.03000,131.49200,92.07600,92.07600,39.41600,-6.74500,32.67100,9.96100,22.71000,22.71000,22.71000,59.10500,39.41600,103.83600,103.95300,0.22000,0.22000,0.79820,4.22020,-1.40310,37.19490,11.14950,11.14950,9.24160,6.42390,0.63520,1.22850,,,-9.51580,-9.19220,4.08050,30.64240,-2.30360,0.3398,0.2933
2022-04-30,333.19300,203.26300,129.93000,90.18900,90.18900,39.74100,-6.29200,33.44900,9.38300,24.06600,24.06600,24.06600,59.61500,39.74100,106.22600,106.24300,0.23000,0.23000,0.74770,5.11400,-1.40180,38.99540,11.92730,11.92730,10.03890,7.22280,0.58750,1.13660,,,-9.44300,-9.14170,4.24320,38.84810,-2.42770,0.08630,0.02270
2022-01-31,332.41300,214.76700,117.64600,101.43400,101.43390,16.21210,-6.23500,9.97700,32.73100,-22.75400,-22.75400,-22.75400,36.80810,16.21210,109.88600,109.88600,-0.20000,-0.20000,0.74380,5.13160,-1.32150,35.39150,4.87710,4.87710,3.00140,-6.84510,0.57460,1.25880,,,8.80850,8.53110,-3.93330,-36.39360,-2.39500,-0.0348,-0.0914
2021-10-31,306.24100,181.09400,125.14700,81.42200,81.42200,43.72500,-6.09200,37.63300,96.53500,-58.90200,-58.90200,-58.90200,63.04700,43.72500,110.07800,110.07800,-0.54000,-0.54000,0.89350,2.94530,-1.58930,40.86550,14.27800,14.27800,12.28870,-19.23390,0.48130,1.13540,,,27.45050,26.41640,-9.25690,-53.40070,-1.94910,0.1701,0.1205
2021-07-31,332.87000,183.15000,149.72000,189.76900,189.76900,-40.04900,-12.71100,-52.76000,-91.54700,38.78700,38.78700,38.78700,-20.77100,-40.04900,110.01600,110.01600,0.35000,0.35000,1.11920,1.91990,-2.16180,44.97850,-12.03140,-12.03140,-15.85000,11.65230,0.50240,1.66000,3.82340,23.53920,-24.61210,-23.36670,5.85460,22.64010,-1.43190,0.2966,0.2684
2021-04-30,325.74700,180.81500,144.93200,119.43800,119.43800,25.49400,-4.51500,20.97900,8.05400,12.92500,12.92500,12.92500,44.69400,25.49400,110.00000,110.00000,0.12000,0.12000,,,,44.49220,7.82630,7.82630,6.44030,3.96780,,,,,,,,,,0.67120,0.64590
2021-01-31,,,,,,,,,,,,,,,,,,0.00000,,,,,,,,,,,,,,,,,,-1.0949,-1.0085
2020-10-31,270.12900,174.60100,95.52800,80.79700,80.79700,14.73100,-4.65400,10.07700,5.82600,4.25100,4.25100,4.25100,33.62900,14.73100,110.00000,110.00000,0.04000,0.04000,,,,35.36390,5.45330,5.45330,3.73040,1.57370,,,,,,,,,,0.5364,0.5242
2020-07-31,249.22600,169.24500,79.98100,60.31200,60.31200,19.66900,-5.83500,13.83400,-2.94300,16.77700,16.77700,16.77700,19.66900,19.66900,110.00000,110.00000,0.15000,0.15000,,,,32.09180,7.89200,7.89200,5.55080,6.73160,,,,,,,,,,0.5585,0.4843
2020-01-31,,,,,,,,,,,,,,,,,,0.00000,,,,,,,,,,,,,,,,,,0,0
