Date,revenue,cost-goods-sold,gross-profit,selling-general-administrative-expenses,other-operating-income-expenses,operating-expenses,operating-income,total-non-operating-income-expense,pre-tax-income,total-provision-income-taxes,income-after-taxes,income-from-continuous-operations,net-income,ebitda,ebit,basic-shares-outstanding,shares-outstanding,eps-basic-net-earnings-per-share,eps-earnings-per-share-diluted,current-ratio,long-term-debt-capital,debt-equity-ratio,gross-margin,operating-margin,ebit-margin,pre-tax-profit-margin,net-profit-margin,asset-turnover,inventory-turnover,receiveable-turnover,days-sales-in-receivables,roe,return-on-tangible-equity,roa,roi,book-value-per-share,operating-cash-flow-per-share,free-cash-flow-per-share
2024-03-31,3061.00000,2470.00000,591.00000,456.00000,-1.00000,457.00000,134.00000,-86.00000,48.00000,-1.00000,49.00000,49.00000,28.00000,221.00000,134.00000,116.29800,212.23900,0.24000,0.23000,2.53690,1.05940,-19.33440,19.30740,4.37770,4.37770,1.56810,0.91470,0.43840,2.12560,2.51520,35.78240,-15.75560,-13.64900,0.70170,0.93640,-1.53830,0.47590,0.41460
2023-12-31,2424.00000,2022.00000,402.00000,439.00000,,438.00000,-36.00000,-166.00000,-202.00000,-2.00000,-200.00000,-200.00000,-114.00000,50.00000,-36.00000,109.32300,200.57800,-0.87000,-0.79000,2.16210,1.07630,-16.33590,16.58420,-1.48510,-1.48510,-8.33330,-4.70300,0.34280,1.75830,2.25910,39.83910,52.08330,45.87160,-2.82850,-3.97460,-1.92140,-1.0559,-1.0773
2023-09-30,2773.00000,2291.00000,482.00000,433.00000,,433.00000,49.00000,721.00000,770.00000,29.00000,741.00000,741.00000,782.00000,142.00000,49.00000,110.84400,205.95800,7.05000,3.60000,2.28390,1.03960,-29.37620,17.38190,1.76700,1.76700,27.76780,28.20050,0.39470,2.11150,2.86470,31.41720,-366.83170,-287.20930,10.54800,14.52090,-1.01210,0.8888,0.9954
2023-06-30,2968.00000,2469.00000,499.00000,452.00000,,452.00000,47.00000,-152.00000,-105.00000,,-105.00000,-105.00000,-58.00000,143.00000,47.00000,106.22200,106.22200,-0.55000,-0.55000,1.79530,1.27380,-5.62020,16.81270,1.58360,1.58360,-3.53770,-1.95420,0.37810,1.89630,2.07120,43.45350,7.46800,7.15750,-1.33780,-2.04440,-7.42470,4.7931,4.8217
2023-03-31,2606.00000,2265.00000,341.00000,472.00000,-1.00000,473.00000,-132.00000,-156.00000,-288.00000,-2.00000,-286.00000,-286.00000,-160.00000,-31.00000,-132.00000,106.01100,106.01100,-1.51000,-1.51000,1.61960,1.25270,-6.39710,13.08520,-5.06520,-5.06520,-11.05140,-6.13970,0.30140,1.52530,1.33780,67.27550,21.63390,20.62000,-3.30790,-5.46740,-6.99670,-0.62260,-0.81120
2022-12-31,2837.00000,2644.00000,193.00000,632.00000,,1479.00000,-1286.00000,-155.00000,-1441.00000,,-1441.00000,-1441.00000,-806.00000,-350.00000,-1286.00000,100.82800,100.82800,-7.83000,-7.83000,1.77240,1.19070,-7.89080,6.80300,-45.32960,-45.32960,-50.79310,-28.41030,0.32620,1.40940,1.78770,50.34540,136.84710,128.31700,-16.56700,-26.10030,-5.57330,-7.605,-7.986
2022-09-30,3386.00000,3027.00000,359.00000,656.00000,,656.00000,-297.00000,-211.00000,-508.00000,,-508.00000,-508.00000,-283.00000,-211.00000,-297.00000,105.85700,105.85700,-2.67000,-2.67000,2.37970,0.94650,19.79680,10.60250,-8.77140,-8.77140,-15.00300,-8.35790,0.35190,1.17460,4.01180,22.43360,-135.82890,92.53190,-5.28010,-7.26750,1.98060,-0.7259,-1.428
2022-06-30,3884.00000,3488.00000,396.00000,721.00000,,721.00000,-325.00000,-113.00000,-438.00000,1.00000,-439.00000,-439.00000,-238.00000,-255.00000,-325.00000,101.45000,101.45000,-2.35000,-2.35000,2.31880,0.88430,9.18400,10.19570,-8.36770,-8.36770,-11.27700,-6.12770,0.36980,1.21750,4.73080,19.02420,-50.81020,675.38460,-4.18020,-5.87760,4.57900,1.7815,0.665
2022-03-31,3497.00000,3199.00000,298.00000,727.00000,,727.00000,-429.00000,-77.00000,-506.00000,,-506.00000,-506.00000,-260.00000,-386.00000,-429.00000,90.09500,90.09500,-2.89000,-2.89000,1.35530,0.98440,120.19230,8.52160,-12.26770,-12.26770,-14.46950,-7.43490,0.46100,0.96820,5.81860,15.46750,-973.07690,-1297.43600,-6.67110,-15.15880,0.30060,-6.58190,-9.02380
2021-12-31,3753.00000,3237.00000,516.00000,620.00000,,620.00000,-104.00000,-77.00000,-181.00000,,-182.00000,-182.00000,-89.00000,-68.00000,-104.00000,82.80500,82.80500,-1.06000,-1.05000,1.69270,0.85940,10.31050,13.74900,-2.77110,-2.77110,-4.82280,-2.37140,0.53500,1.02790,6.67790,13.47720,-34.66670,-35.54690,-2.59440,-4.87540,3.03770,-14.5536,-16.6801
2021-09-30,3480.00000,2957.00000,523.00000,546.00000,,546.00000,-23.00000,-45.00000,-68.00000,,-68.00000,-68.00000,-32.00000,6.00000,-23.00000,84.77900,84.77900,-0.38000,-0.38000,2.92620,0.81570,4.53110,15.02870,-0.66090,-0.66090,-1.95400,-0.91950,0.64930,1.29410,6.37360,14.12070,-9.60450,-9.79830,-1.26870,-1.76990,4.09800,-10.302,-13.8
2021-06-30,3336.00000,2784.00000,552.00000,470.00000,,470.00000,82.00000,-37.00000,45.00000,,45.00000,45.00000,22.00000,109.00000,82.00000,81.39800,176.01500,0.27000,0.26000,2.43440,0.75140,3.99740,16.54680,2.45800,2.45800,1.34890,0.65950,0.72820,1.41030,5.43320,16.56480,5.84420,5.95240,0.98230,1.45300,4.46360,0.3405,0.2882
2021-03-31,2245.00000,1907.00000,338.00000,397.00000,,397.00000,-59.00000,-23.00000,-82.00000,,-82.00000,-82.00000,-36.00000,-35.00000,-59.00000,78.10300,78.10300,-0.46000,-0.46000,3.77590,0.75760,3.39110,15.05570,-2.62810,-2.62810,-3.65260,-1.60360,0.58790,1.32520,4.47210,20.12470,-11.37310,-11.59830,-2.14720,-2.75630,4.18330,-6.81150,-7.86140
2020-12-31,1827.00000,1583.00000,244.00000,342.00000,,342.00000,-98.00000,-56.00000,-154.00000,,-154.00000,-154.00000,-63.00000,-74.00000,-98.00000,64.98100,64.98100,-0.72000,-0.72000,4.11780,0.66850,2.14710,13.35520,-5.36400,-5.36400,-8.42910,-3.44830,0.60200,1.52800,5.16100,17.43840,-19.20200,-19.56800,-5.07410,-6.36630,4.66000,-2.9713,-4.6546
2020-09-30,1544.00000,1282.00000,262.00000,269.00000,,269.00000,-7.00000,-11.00000,-18.00000,,-18.00000,-18.00000,-7.00000,14.00000,-7.00000,70.00500,70.00500,-0.10000,-0.10000,3.18360,0.52920,1.31270,16.96890,-0.45340,-0.45340,-1.16580,-0.45340,0.56500,1.32500,3.86090,23.31050,-1.87190,-1.90230,-0.65870,-0.88130,5.59910,-3.7469,-5.0255
2020-06-30,1118.00000,968.00000,150.00000,239.00000,,239.00000,-89.00000,-17.00000,-106.00000,,-106.00000,-106.00000,-41.00000,-70.00000,-89.00000,66.32700,66.32700,-0.62000,-0.62000,4.21010,0.49810,1.07820,13.41680,-7.96060,-7.96060,-9.48120,-3.66730,0.45140,1.53800,2.76960,32.49560,-10.89320,-11.07180,-4.27970,-5.46740,5.70340,0.695,-0.0975
2020-03-31,1098.00000,960.00000,138.00000,276.00000,,276.00000,-138.00000,-46.00000,-184.00000,,-184.00000,-184.00000,-60.00000,-120.00000,-138.00000,50.39900,50.39900,-1.19000,-1.19000,1.23500,0.98610,136.21810,12.56830,-12.56830,-12.56830,-16.75770,-5.46450,0.49030,1.13650,4.86620,18.49480,-1391.20000,6543.55800,-8.21720,-19.38170,0.08710,-3.33340,-5.11910
2019-12-31,1103.69100,960.55900,143.13210,241.94600,,241.94600,-98.81400,-27.28700,-126.10100,,-126.10100,-126.10100,-41.47400,-82.88800,-98.81400,46.84700,46.84700,-0.85000,-0.85000,1.57180,0.82150,7.81830,12.96850,-8.95300,-8.95310,-11.42540,-3.75780,0.53640,1.25940,3.37690,26.65150,-65.69850,-71.91220,-6.12810,-11.73030,1.26500,-7.4283,-9.3186
2019-09-30,1094.85400,957.31100,137.54300,207.97000,,207.97000,-70.42700,-21.81700,-92.24400,,-92.24400,-92.24400,-30.08800,-58.35500,-70.42700,49.78700,49.78700,-0.60000,-0.60000,2.16370,0.71390,3.46750,12.56270,-6.43250,-6.43250,-8.42520,-2.74810,0.65000,1.52000,4.56380,19.72040,-29.64350,-31.36000,-5.47660,-8.48020,2.05340,-2.3266,-3.4527
2019-06-30,986.22100,848.42800,137.79300,181.84300,,181.84300,-44.05000,-20.00900,-64.05900,,-64.05900,-64.05900,-20.32300,-33.97000,-44.05000,46.03800,46.03800,-0.44000,-0.44000,3.83270,0.65360,2.04040,13.97180,-4.46650,-4.46650,-6.49540,-2.06070,0.66890,1.39880,4.48620,20.06140,-16.26620,-17.02030,-4.34470,-5.63430,2.60610,-1.2167,-2.0865
2019-03-31,755.23400,666.70200,88.53200,155.24100,,155.24100,-66.70900,-15.88700,-82.59600,,-82.59600,-82.59600,-23.11500,-57.78700,-66.70900,41.35200,41.35200,-0.56000,-0.56000,1.39170,0.69190,5.19050,11.72250,-8.83290,-8.83290,-10.93650,-3.06060,0.56430,1.26820,3.98820,22.56630,-54.03840,-61.18310,-6.17120,-16.64910,1.04980,-5.18740,-6.23210
2018-12-31,584.83800,528.70410,56.13390,130.65200,,130.65190,-74.51790,-11.88600,-86.40400,,-86.40400,-86.40400,-22.68200,-66.03000,-74.51810,30.04300,30.04300,-0.59000,-0.59000,2.01160,0.65160,2.78530,9.59820,-12.74160,-12.74170,-14.77400,-3.87830,0.59010,1.28250,4.22820,21.28590,-37.99180,-41.30090,-8.71880,-13.23640,1.56260,-6.1773,-7.8651
2018-09-30,534.92100,477.61500,57.30600,115.76800,,115.76800,-58.46200,-5.95700,-64.41900,,-64.41900,-64.41900,-17.27200,-51.61700,-58.46200,34.65500,34.65500,-0.50000,-0.50000,2.04410,0.58850,2.59440,10.71300,-10.92910,-10.92910,-12.04270,-3.22890,0.44130,1.40890,4.79110,18.78490,-22.83220,-22.35440,-5.31460,-8.64190,2.12910,-1.1534,-1.6045
2018-06-30,475.28600,426.25100,49.03500,95.65200,,95.65200,-46.61700,-4.63300,-51.25000,,-51.25000,-51.25000,-11.34000,-41.03400,-46.61700,27.78000,27.78000,-0.41000,-0.41000,1.46640,0.17630,1.19910,10.31700,-9.80820,-9.80820,-10.78300,-2.38590,0.53900,1.40680,4.71980,19.06870,-19.66600,-14.95810,-5.81220,-11.75510,2.56400,0.7041,-0.4122
2018-03-31,360.42200,326.18800,34.23400,83.18600,,83.18600,-48.95200,-3.72000,-52.67200,,-52.67200,-52.67200,-9.76800,-44.02400,-48.95200,18.34600,18.34600,-0.53000,-0.53000,1.28960,0.22740,1.85710,9.49830,-13.58190,-13.58190,-14.61400,-2.71020,0.50010,1.08810,4.31860,20.84030,-41.01130,-23.20970,-7.30810,-17.93220,1.70840,-7.16500,-8.69180
2017-12-31,265.05300,243.16300,21.89000,66.80500,,66.80490,-44.91490,-2.32300,-47.23800,,-47.23800,-47.23800,-7.13000,-40.85390,-44.91500,15.24100,15.24100,-0.46000,-0.46000,1.60020,0.14780,1.08170,8.25870,-16.94560,-16.94570,-17.82210,-2.69000,0.41340,1.06910,4.44210,20.26090,-25.89560,-16.89820,-7.36780,-14.40130,2.10560,-5.4064,-6.6076
2017-09-30,225.37900,204.96300,20.41600,58.67600,,58.67600,-38.26000,-1.50900,-39.76900,,-39.76900,-39.76900,-4.38000,-35.00200,-38.26000,15.04500,15.04500,-0.29000,-0.29000,1.49830,0.06710,0.94440,9.05850,-16.97590,-16.97590,-17.64540,-1.94340,0.45520,1.06620,4.58480,19.63010,-17.48270,-17.48270,-8.03140,-16.30950,1.71360,-3.6321,-4.7473
2017-06-30,209.36500,193.32600,16.03900,52.01100,,52.01100,-35.97200,-2.89800,-38.87000,,-38.87000,-38.87000,-14.54200,-32.31900,-35.97200,15.02600,15.02600,-0.28000,-0.28000,1.84880,0.03730,0.67430,7.66080,-17.18150,-17.18150,-18.56570,-6.94580,0.43180,1.10870,5.53760,16.25260,-14.64420,-14.64420,-8.01640,-14.09820,1.99930,-0.5533,-2.1497
2017-03-31,159.07300,149.32700,9.74600,45.90800,,45.90800,-36.16200,-2.27700,-38.43900,,-38.43900,-38.43900,-38.43900,-33.92000,-36.16200,15.00000,15.00000,-0.28000,-0.28000,1.18090,-0.18710,-1.34090,6.12670,-22.73300,-22.73300,-24.16440,-24.16440,0.45580,0.74710,4.82420,18.65600,23.80080,23.80080,-11.01400,28.25500,-1.46800,-3.52570,-4.76280
2016-12-31,106.83800,104.41100,2.42700,36.71600,,36.71600,-34.28900,-1.43800,-35.71200,0.00000,-35.71200,-35.71200,-35.71200,-32.65900,-34.28900,15.00000,15.00000,-0.20000,-0.20000,1.40130,-0.03950,-1.47270,2.29320,-32.09440,-32.09440,-33.42630,-33.42630,0.31810,0.56280,3.50710,25.66190,30.79660,30.79660,-10.63390,32.01230,,-6.3628,-7.5967
2016-09-30,98.84400,92.07800,6.76600,27.99500,,27.99500,-21.22900,-0.75600,-21.98500,,-21.98500,-21.98500,-21.98500,-20.03300,-21.22900,15.00000,15.00000,-0.16000,-0.16000,,,,6.84510,-21.47730,-21.47730,-22.24210,-22.24210,,,,,,,,,,-2.9458,-3.5011
2016-06-30,86.52600,80.48900,6.03700,23.34400,,23.34400,-17.30700,-0.80100,-18.10800,,-18.10800,-18.10800,-18.10800,-16.34900,-17.30700,15.00000,15.00000,-0.13000,-0.13000,,,,6.97710,-20.00210,-20.00210,-20.92780,-20.92780,,,,,,,,,,-6.141,-6.921
2016-03-31,72.95100,68.99400,3.95700,20.63200,,20.63200,-16.67500,-0.65000,-17.32500,,-17.32500,-17.32500,-19.35000,-15.80900,-16.67500,103.28600,103.28600,-0.19000,-0.19000,,,,5.42420,-22.85780,-22.85780,-23.74880,-26.52470,,,,,,,,,,-0.56510,-0.63120
2015-12-31,,,,,,,,,,,,,,,,,,,0.00000,,,,,,,,,,,,,,,,,,0,0
2014-12-31,,,,,,,,,,,,,,,,,,,0.00000,,,,,,,,,,,,,,,,,,0,0
