Date,revenue,cost-goods-sold,gross-profit,research-development-expenses,selling-general-administrative-expenses,operating-expenses,operating-income,total-non-operating-income-expense,pre-tax-income,total-provision-income-taxes,income-after-taxes,income-from-continuous-operations,net-income,ebitda,ebit,basic-shares-outstanding,shares-outstanding,eps-basic-net-earnings-per-share,eps-earnings-per-share-diluted,current-ratio,long-term-debt-capital,debt-equity-ratio,gross-margin,operating-margin,ebit-margin,pre-tax-profit-margin,net-profit-margin,asset-turnover,inventory-turnover,receiveable-turnover,days-sales-in-receivables,roe,return-on-tangible-equity,roa,roi,book-value-per-share,operating-cash-flow-per-share,free-cash-flow-per-share
2023-12-31,11.30500,1.72000,9.58500,2.24100,17.00500,19.24600,-9.66100,0.53700,-9.12400,0.03900,-9.16300,-9.16300,-9.16300,-9.49200,-9.66100,20.75400,20.75400,-0.45000,-0.45000,14.25360,0.27790,0.38480,84.78550,-85.45780,-85.45780,-80.70760,-81.05270,0.09810,0.15660,1.49720,60.11410,-12.06500,-12.06500,-7.95200,-8.71260,3.63750,-0.3811,-0.3892
2023-09-30,10.51100,1.69100,8.82000,2.69600,15.65200,18.34800,-9.52800,0.55700,-8.97100,0.04000,-9.01100,-9.01100,-9.01100,-9.35000,-9.52800,20.80100,20.80100,-0.43000,-0.43000,13.98640,0.14720,0.17260,83.91210,-90.64790,-90.64790,-85.34870,-85.72920,0.09880,0.15530,1.64960,54.56000,-10.87930,-10.87930,-8.46870,-9.27810,3.97940,-0.3859,-0.3877
2023-06-30,9.50000,1.51700,7.98300,3.28000,16.45500,19.73500,-11.75200,0.13500,-11.61700,0.03400,-11.65100,-11.65100,-11.65100,-11.58300,-11.75200,20.71200,20.71200,-0.56000,-0.56000,12.55040,0.13680,0.15840,84.03160,-123.70530,-123.70530,-122.28420,-122.64210,0.08260,0.13880,1.41240,63.72000,-12.95070,-12.95070,-10.13370,-11.17960,4.33540,-0.6179,-0.6248
2023-03-31,7.97900,1.32800,6.65100,3.41600,15.39700,18.81300,-12.16200,0.82200,-11.34000,0.03400,-11.37400,-11.37400,-11.37400,-12.00200,-12.16200,20.69300,20.69300,-0.55000,-0.55000,15.15420,0.12490,0.14270,83.35630,-152.42510,-152.42510,-142.12310,-142.54920,0.06500,0.16110,1.24010,72.57300,-11.41490,-11.41490,-9.27040,-9.98950,4.81150,-0.49530,-0.50690
2022-12-31,7.17600,1.50900,5.66700,3.04600,14.10000,17.14600,-11.47900,0.97100,-10.50800,0.02800,-10.53600,-10.53600,-10.53600,-11.32600,-11.47900,20.53300,20.53300,-0.51000,-0.51000,15.19260,0.05820,0.06180,78.97160,-159.96370,-159.96380,-146.43250,-146.82270,0.05740,0.21690,1.30380,69.03010,-9.65010,-9.65010,-8.43310,-9.08850,5.28360,-0.5313,-0.5352
2022-09-30,6.18600,1.34000,4.84600,2.29300,12.67900,14.97200,-10.12600,0.32800,-9.79800,0.03200,-9.83000,-9.83000,-9.83000,-9.99900,-10.12600,20.57700,20.57700,-0.48000,-0.48000,16.82150,,,78.33820,-163.69220,-163.69220,-158.38990,-158.90720,0.04890,0.22100,1.16780,77.06600,-8.31330,-8.31330,-7.76610,-8.31330,5.74590,-0.5357,-0.5485
2022-06-30,5.03100,1.20100,3.83000,2.35500,12.48900,14.84400,-11.01400,-0.03400,-11.04800,0.02300,-11.07100,-11.07100,-11.07100,-10.91900,-11.01400,20.50500,20.50500,-0.54000,-0.54000,22.32800,,,76.12800,-218.92270,-218.92270,-219.59850,-220.05560,0.03750,0.20590,1.39710,64.41860,-8.70730,-8.70730,-8.25970,-8.70730,6.17930,-0.4911,-0.4934
2022-03-31,4.07600,0.94900,3.12700,2.25800,10.77700,13.03500,-9.90800,-0.05700,-9.96500,0.02600,-9.99100,-9.99100,-9.99100,-9.84600,-9.90800,20.45300,20.45300,-0.49000,-0.49000,21.57180,,,76.71740,-243.08150,-243.08150,-244.47990,-245.11780,0.02820,0.18040,1.10970,81.10160,-7.30320,-7.30320,-6.91870,-7.30320,6.67790,-0.52040,-0.53470
2021-12-31,3.65800,0.98400,2.67400,1.79700,9.66500,11.46200,-8.78800,-1.75700,-10.54500,0.02500,-10.57000,-10.57000,-10.57000,-8.70900,-8.78800,10.36000,10.36000,68.54000,68.54000,25.57500,,,73.10000,-240.24050,-240.24060,-288.27220,-288.95570,0.02400,0.25360,1.42890,62.98520,-7.24180,-7.24180,-6.92900,-7.24180,7.15520,-1.6475,-1.7296
2021-09-30,3.39500,0.87600,2.51900,1.69900,8.11100,9.81000,-7.29100,1.18100,-6.11000,0.02300,-6.13300,-6.13300,-6.13300,-7.18000,-7.29100,20.12700,20.12700,-0.30000,-0.30000,20.41540,0.09390,0.12510,74.19740,-214.75700,-214.75700,-179.97060,-180.64800,0.01870,0.25470,0.99240,90.68930,-3.93740,-3.93740,-3.37520,-3.56750,7.65350,30.3913,31.6704
2021-06-30,3.12300,0.91300,2.21000,2.25500,5.62700,7.88200,-5.67200,-12.05000,-17.72200,0.02600,-17.74800,-17.74800,-17.74800,-5.56600,-5.67200,0.36610,0.36610,-48.48000,-48.48000,2.16480,0.62060,1.75670,70.76530,-181.62020,-181.62020,-567.46720,-568.29970,0.05670,0.28880,1.39230,64.63980,5.56480,-160.58630,-32.23280,-60.91850,30.19670,-17.4533,-18.4845
2021-03-31,2.86000,0.86700,1.99300,1.75000,4.46000,6.21000,-4.21700,-4.39300,-8.61000,0.01700,-8.62700,-8.62700,-8.62700,-4.11600,-4.21700,0.36070,0.36070,-23.92000,-23.92000,,,,69.68530,-147.44760,-147.44760,-301.04900,-301.64340,,,,,,,,,,-13.96730,-14.24730
2020-12-31,,,,,,,,,,,,,,,,,,,0.00000,,,,,,,,,,,,,,,,,,33.3667,33.95
2020-09-30,0.99700,0.21200,0.78500,1.50000,2.32700,3.82700,-3.04200,-0.16600,-3.20800,0.01900,-3.22700,-3.22700,-3.44400,-2.95700,-3.04200,0.36000,0.36000,-9.56000,-9.56000,,,,78.73620,-305.11540,-305.11540,-321.76530,-345.43630,,,,,,,,,,-14.325,-14.6528
2020-06-30,1.25000,0.34500,0.90500,2.13100,1.83400,3.96500,-3.06000,-0.58500,-3.64500,0.02200,-3.66700,-3.66700,-3.66700,-3.06000,-3.06000,0.36000,0.36000,-10.18000,-10.18000,,,,72.40000,-244.80000,-244.80000,-291.60000,-293.36000,,,,,,,,,,-19.0417,-19.2972
