Date,revenue,cost-goods-sold,gross-profit,other-operating-income-expenses,operating-expenses,operating-income,total-non-operating-income-expense,pre-tax-income,total-provision-income-taxes,income-after-taxes,income-from-continuous-operations,income-from-discontinued-operations,net-income,ebitda,ebit,basic-shares-outstanding,shares-outstanding,eps-basic-net-earnings-per-share,eps-earnings-per-share-diluted,current-ratio,long-term-debt-capital,debt-equity-ratio,gross-margin,operating-margin,ebit-margin,pre-tax-profit-margin,net-profit-margin,asset-turnover,inventory-turnover,receiveable-turnover,days-sales-in-receivables,roe,return-on-tangible-equity,roa,roi,book-value-per-share,operating-cash-flow-per-share,free-cash-flow-per-share
2024-03-31,88437.00000,48073.00000,40364.00000,-38093.00000,38093.00000,2271.00000,-691.00000,1580.00000,456.00000,1124.00000,1124.00000,,1113.00000,3409.00000,2271.00000,1260.00000,1267.00000,0.88000,0.88000,0.80980,0.43760,0.86510,45.64150,2.56790,2.56790,1.78660,1.25850,0.35410,2.94100,2.74500,32.78640,1.51580,-2.44920,0.45010,0.85250,59.22520,3.86980,3.31330
2023-12-31,93813.00000,57419.00000,36394.00000,-33021.00000,33021.00000,3373.00000,-668.00000,2705.00000,658.00000,2047.00000,2047.00000,,2046.00000,4507.00000,3373.00000,1285.00000,1290.00000,1.59000,1.59000,0.85690,0.43350,0.80390,38.79420,3.59550,3.59550,2.88340,2.18090,0.37570,3.18550,2.66310,33.79520,2.67110,-4.66610,0.81970,1.51320,59.50000,-2.0434,-2.7497
2023-09-30,89764.00000,54688.00000,35076.00000,-31375.00000,31386.00000,3690.00000,-671.00000,3019.00000,754.00000,2265.00000,2265.00000,,2261.00000,4817.00000,3690.00000,1287.00000,1290.00000,1.76000,1.75000,0.86010,0.44520,0.83090,39.07580,4.11080,4.11080,3.36330,2.51880,0.35720,3.04600,2.72620,33.01360,3.03990,-4.88410,0.90130,1.68660,57.89430,2.0813,1.6617
2023-06-30,88921.00000,53536.00000,35385.00000,-31655.00000,32151.00000,3234.00000,-664.00000,2570.00000,656.00000,1914.00000,1914.00000,,1901.00000,4338.00000,3234.00000,1283.00000,1287.00000,1.48000,1.48000,0.85540,0.45690,0.87420,39.79380,3.63690,3.63690,2.89020,2.13790,0.35560,3.09620,3.00960,29.90450,2.62180,-3.95650,0.76540,1.42390,56.94380,4.6085,4.1469
2023-03-31,85278.00000,51455.00000,33823.00000,-30377.00000,30377.00000,3446.00000,-567.00000,2879.00000,737.00000,2142.00000,2142.00000,,2136.00000,4447.00000,3446.00000,1283.00000,1291.00000,1.66000,1.65000,0.91540,0.44090,0.81350,39.66200,4.04090,4.04090,3.37600,2.50470,0.35630,2.81740,3.01010,29.89970,2.99250,-5.51420,0.89500,1.67300,55.96560,5.76140,4.99920
2022-12-31,83846.00000,51728.00000,32118.00000,-28459.00000,28459.00000,3659.00000,-509.00000,3150.00000,818.00000,2332.00000,2332.00000,,2334.00000,4702.00000,3659.00000,1312.00000,1323.00000,1.78000,1.79000,0.94540,0.41290,0.72810,38.30590,4.36400,4.36400,3.75690,2.78370,0.36730,2.70970,3.07400,29.27800,3.24930,-7.47820,1.02160,1.90760,55.20690,-1.5588,-2.0694
2022-09-30,81159.00000,50365.00000,30794.00000,-34713.00000,34713.00000,-3919.00000,-525.00000,-4444.00000,-1045.00000,-3399.00000,-3399.00000,,-3406.00000,-2869.00000,-3919.00000,1315.00000,1315.00000,-2.59000,-2.59000,0.94380,0.41730,0.73530,37.94280,-4.82880,-4.82880,-5.47570,-4.19670,0.35100,2.78910,3.08390,29.18380,-4.78660,10.54540,-1.47010,-2.78930,54.00080,6.9687,6.5226
2022-06-30,80636.00000,49290.00000,31346.00000,-26677.00000,26677.00000,4669.00000,-540.00000,4129.00000,1090.00000,3039.00000,3039.00000,,3029.00000,5751.00000,4669.00000,1313.00000,1321.00000,2.31000,2.29000,0.90780,0.40220,0.72600,38.87350,5.79020,5.79020,5.12050,3.75640,0.35020,2.83680,2.96100,30.39550,4.02480,-9.74380,1.31970,2.40610,57.55030,4.1346,3.8215
2022-03-31,76826.00000,45509.00000,31317.00000,-27772.00000,27772.00000,3545.00000,-544.00000,3001.00000,646.00000,2355.00000,2355.00000,,2354.00000,4594.00000,3545.00000,1312.00000,1328.00000,1.79000,1.77000,0.88110,0.41250,0.75910,40.76360,4.61430,4.61430,3.90620,3.06410,0.32990,2.50600,2.90450,30.98680,3.17640,-7.03760,1.01130,1.86600,56.76880,2.68300,1.89160
2021-12-31,76604.00000,46378.00000,30226.00000,-27880.00000,27880.00000,2346.00000,-659.00000,1687.00000,300.00000,1387.00000,1387.00000,,1397.00000,3435.00000,2346.00000,1319.00000,1329.00000,1.06000,1.04000,0.88500,0.40810,0.74520,39.45750,3.06250,3.06250,2.20220,1.82370,0.32880,2.61140,3.13550,28.70330,1.84000,-4.23300,0.59530,1.08910,57.02040,3.0135,2.5644
2021-09-30,73794.00000,45011.00000,28783.00000,-25291.00000,25722.00000,3061.00000,-916.00000,2145.00000,558.00000,1587.00000,1587.00000,,1598.00000,4626.00000,3061.00000,1321.00000,1329.00000,1.21000,1.20000,0.94020,0.43230,0.78260,39.00450,4.14800,4.14800,2.90670,2.16550,0.31420,2.58700,2.91870,30.83540,2.12680,-4.66110,0.67560,1.20730,56.48600,4.1444,3.6883
2021-06-30,72616.00000,43520.00000,29096.00000,-24770.00000,24770.00000,4326.00000,-591.00000,3735.00000,944.00000,2791.00000,2791.00000,,2783.00000,5463.00000,4326.00000,1319.00000,1327.00000,2.11000,2.10000,0.95360,0.44630,0.80680,40.06830,5.95740,5.95740,5.14350,3.83250,0.31410,2.56320,3.00510,29.94880,3.79390,-7.73840,1.20740,2.10070,55.81560,4.3979,4.0341
2021-03-31,69097.00000,40894.00000,28203.00000,-24626.00000,24626.00000,3577.00000,-607.00000,2970.00000,746.00000,2224.00000,2224.00000,,2223.00000,4703.00000,3577.00000,1313.00000,1322.00000,1.69000,1.68000,0.92700,0.45440,0.87040,40.81650,5.17680,5.17680,4.29830,3.21720,0.30090,2.32110,2.89650,31.07150,3.12520,-5.69860,0.96860,1.70510,54.19950,2.18760,1.56050
2020-12-31,69554.00000,42452.00000,27102.00000,-24578.00000,24578.00000,2524.00000,-1299.00000,1225.00000,241.00000,984.00000,984.00000,,973.00000,3663.00000,2524.00000,1309.00000,1314.00000,0.74000,0.74000,0.90890,0.45930,0.92750,38.96540,3.62880,3.62880,1.76120,1.39890,0.30150,2.29520,3.19910,28.13330,1.41170,-2.40040,0.42650,0.76330,53.20690,2.7217,2.1781
2020-09-30,67056.00000,40940.00000,26116.00000,-22867.00000,22867.00000,3249.00000,-1443.00000,1806.00000,587.00000,1219.00000,1219.00000,,1224.00000,4363.00000,3249.00000,1310.00000,1315.00000,0.93000,0.93000,0.95430,0.47110,0.96940,38.94660,4.84520,4.84520,2.69330,1.82530,0.28790,2.34240,2.81560,31.96490,1.76380,-2.89110,0.52340,0.93290,52.79760,1.4191,1.0137
2020-06-30,65341.00000,40242.00000,25099.00000,-20419.00000,20419.00000,4680.00000,-720.00000,3960.00000,974.00000,2986.00000,2986.00000,,2975.00000,5782.00000,4680.00000,1309.00000,1314.00000,2.27000,2.26000,0.98130,0.48150,1.04850,38.41230,7.16240,7.16240,6.06050,4.55300,0.27750,2.43610,2.90150,31.01880,4.36840,-6.79760,1.26800,2.26490,52.29920,5.4139,5.0739
2020-03-31,66755.00000,40347.00000,26408.00000,-22950.00000,22950.00000,3458.00000,-679.00000,2779.00000,767.00000,2012.00000,2012.00000,,2007.00000,4544.00000,3458.00000,1306.00000,1312.00000,1.54000,1.53000,0.98990,0.50100,1.09690,39.55960,5.18010,5.18010,4.16300,3.00650,0.28940,2.37670,2.89770,31.05880,3.07300,-4.25860,0.87240,1.53340,50.17170,2.51910,1.95350
2019-12-31,66889.00000,42065.00000,24824.00000,-21787.00000,21787.00000,3037.00000,-703.00000,2334.00000,590.00000,1744.00000,1744.00000,,1747.00000,4133.00000,3037.00000,1301.00000,1305.00000,1.35000,1.33000,0.94370,0.50210,1.06720,37.11220,4.54040,4.54040,3.48940,2.61180,0.30070,2.40150,3.40970,26.39490,2.71780,-3.58110,0.78400,1.35330,49.28570,2.0184,1.584
2019-09-30,64810.00000,40437.00000,24373.00000,-21445.00000,21445.00000,2928.00000,-795.00000,2133.00000,604.00000,1529.00000,1529.00000,,1530.00000,4020.00000,2928.00000,1302.00000,1305.00000,1.17000,1.17000,0.91700,0.50500,1.09730,37.60690,4.51780,4.51780,3.29120,2.36070,0.29440,2.52290,3.27510,27.48050,2.42960,-3.04160,0.69460,1.20260,48.37280,2.2308,1.7725
2019-06-30,63431.00000,38970.00000,24461.00000,-21129.00000,21129.00000,3332.00000,-741.00000,2591.00000,660.00000,1931.00000,1931.00000,,1936.00000,4404.00000,3332.00000,1301.00000,1302.00000,1.49000,1.49000,0.94990,0.52080,1.15720,38.56320,5.25300,5.25300,4.08480,3.05210,0.28980,2.51240,3.49020,25.78650,3.13480,-3.71000,0.88210,1.50230,47.42030,4.0998,3.6598
2019-03-31,61646.00000,37247.00000,24399.00000,-21709.00000,21709.00000,2690.00000,-751.00000,1939.00000,512.00000,1427.00000,1427.00000,,1421.00000,3801.00000,2690.00000,1298.00000,1302.00000,1.09000,1.09000,0.94520,0.53080,1.24630,39.57920,4.36360,4.36360,3.14540,2.30510,0.28050,2.41110,3.15990,28.48210,2.37810,-2.63210,0.64930,1.11580,46.22960,1.49620,0.94620
2018-12-31,54424.00000,40564.00000,13860.00000,-10808.00000,13036.00000,824.00000,-722.00000,102.00000,524.00000,-422.00000,-422.00000,1.00000,-419.00000,3859.00000,824.00000,1044.00000,1044.00000,-0.39000,-0.39000,1.02800,0.54960,1.25430,25.46670,1.51400,1.51400,0.18740,-0.76990,0.27700,2.46590,3.08680,29.15610,-0.72080,0.74480,-0.21480,-0.32460,45.20700,2.2429,1.7124
2018-09-30,47490.00000,39502.00000,7988.00000,-5414.00000,5414.00000,2574.00000,-675.00000,1899.00000,509.00000,1390.00000,1390.00000,0.00000,1390.00000,3194.00000,2574.00000,1020.00000,1022.00000,1.36000,1.36000,2.44330,0.62390,1.71720,16.82040,5.42010,5.42010,3.99870,2.92690,0.36110,2.66580,3.20080,28.11810,3.79550,-12.91820,1.05700,1.42760,35.93920,1.053,0.5282
2018-06-30,46922.00000,38876.00000,8046.00000,-5498.00000,9419.00000,-1373.00000,-692.00000,-2065.00000,497.00000,-2562.00000,-2562.00000,-1.00000,-2563.00000,3195.00000,-1373.00000,1018.00000,1018.00000,-2.52000,-2.52000,2.34310,0.63360,1.82830,17.14760,-2.92610,-2.92610,-4.40090,-5.46230,0.35200,2.60530,3.31420,27.15610,-7.19440,21.47350,-1.92210,-2.63630,35.01570,2.8844,2.4615
2018-03-31,45743.00000,37505.00000,8238.00000,-6242.00000,6242.00000,1996.00000,-526.00000,1470.00000,472.00000,998.00000,998.00000,,998.00000,2640.00000,1996.00000,1016.00000,1019.00000,0.98000,0.98000,2.37360,0.61410,1.68300,18.00930,4.36350,4.36350,3.21360,2.18180,0.33850,2.53000,3.27580,27.47440,2.58030,-7.78110,0.73850,0.99570,38.06790,2.31110,1.83810
2017-12-31,48406.00000,37682.00000,10724.00000,-7549.00000,7595.00000,3129.00000,-320.00000,2809.00000,-478.00000,3287.00000,3287.00000,,3287.00000,3797.00000,3129.00000,1020.00000,1024.00000,3.22000,3.19000,1.01900,0.37040,0.71630,22.15430,6.46410,6.46410,5.80300,6.79050,0.50880,2.46350,3.67240,24.50710,8.72000,-22.84860,3.45520,5.48970,37.17460,-0.164,-0.6723
2017-09-30,46181.00000,39064.00000,7117.00000,-4618.00000,4618.00000,2499.00000,-437.00000,2062.00000,777.00000,1285.00000,1285.00000,0.00000,1285.00000,3114.00000,2499.00000,1016.00000,1020.00000,1.26000,1.26000,1.04950,0.40140,0.73960,15.41110,5.41130,5.41130,4.46500,2.78250,0.49740,2.76130,3.71230,24.24370,3.68530,-7.73910,1.38390,2.20590,34.42050,2.581,2.0707
2017-06-30,45685.00000,38759.00000,6926.00000,-4674.00000,4809.00000,2117.00000,-254.00000,1863.00000,766.00000,1097.00000,1097.00000,1.00000,1098.00000,2875.00000,2117.00000,1019.00000,1024.00000,1.07000,1.07000,1.09480,0.42870,0.78380,15.16030,4.63390,4.63390,4.07790,2.40340,0.49380,2.71590,3.72210,24.17990,3.21260,-6.32750,1.18560,1.83540,33.64240,1.9888,1.5711
2017-03-31,44514.00000,37943.00000,6571.00000,-4778.00000,4778.00000,1793.00000,-259.00000,1534.00000,572.00000,962.00000,962.00000,-9.00000,952.00000,2412.00000,1793.00000,1030.00000,1035.00000,0.92000,0.92000,1.07950,0.43090,0.81060,14.76170,4.02790,4.02790,3.44610,2.13870,0.48030,2.65220,3.67460,24.49250,2.84260,-5.40120,1.03810,1.61780,32.95230,3.41350,2.97680
2016-12-31,45991.00000,36229.00000,9762.00000,-6742.00000,6742.00000,3020.00000,-267.00000,2753.00000,1046.00000,1707.00000,1707.00000,,1707.00000,3648.00000,3020.00000,1073.00000,1079.00000,1.59000,1.57000,1.18260,0.41020,0.74740,21.22590,6.56650,6.56650,5.98600,3.71160,0.48690,2.45450,3.78090,23.80380,4.63430,-11.43640,1.80710,2.73340,34.71630,1.9241,1.3401
2016-09-30,44615.00000,37123.00000,7492.00000,-4668.00000,4668.00000,2824.00000,-361.00000,2463.00000,921.00000,1542.00000,1542.00000,-1.00000,1540.00000,3435.00000,2824.00000,1068.00000,1073.00000,1.44000,1.43000,1.15700,0.41600,0.74350,16.79260,6.32970,6.32970,5.52060,3.45180,0.47380,2.58730,3.27450,27.48520,4.28880,-9.74280,1.63770,2.50470,33.72800,3.6735,3.2112
2016-06-30,43725.00000,36710.00000,7015.00000,-4658.00000,4658.00000,2357.00000,-829.00000,1528.00000,604.00000,924.00000,924.00000,0.00000,924.00000,2976.00000,2357.00000,1070.00000,1075.00000,0.86000,0.86000,1.10840,0.42410,0.82370,16.04350,5.39050,5.39050,3.49460,2.11320,0.47140,2.58940,3.31680,27.13480,2.65780,-5.41520,0.99620,1.53070,32.64410,1.5816,1.109
2016-03-31,43215.00000,36471.00000,6744.00000,-4559.00000,4559.00000,2185.00000,-292.00000,1893.00000,746.00000,1147.00000,1147.00000,0.00000,1146.00000,2802.00000,2185.00000,1092.00000,1099.00000,1.04000,1.04000,1.19870,0.42160,0.76240,15.60570,5.05610,5.05610,4.38040,2.65190,0.46650,2.62160,3.31790,27.12600,3.18340,-7.24390,1.23820,1.84120,33.33120,2.21930,1.67700
2015-12-31,41145.00000,33844.00000,7301.00000,-4551.00000,4551.00000,2750.00000,-298.00000,2452.00000,952.00000,1500.00000,1500.00000,-1.00000,1498.00000,3332.00000,2750.00000,1118.00000,1126.00000,1.34000,1.33000,1.25850,0.41380,0.73820,17.74460,6.68370,6.68370,5.95940,3.64080,0.44510,2.41730,3.46110,26.00360,4.03190,-10.14820,1.62270,2.36330,33.79020,3.265,2.4981
2015-09-30,38644.00000,31983.00000,6661.00000,-4330.00000,4330.00000,2331.00000,-261.00000,2070.00000,833.00000,1237.00000,1237.00000,10.00000,1246.00000,2863.00000,2331.00000,1114.00000,1121.00000,1.11000,1.11000,1.43480,0.41860,0.73220,17.23680,6.03200,6.03200,5.35660,3.22430,0.41840,2.40800,3.01810,29.81990,3.32710,-9.19090,1.33930,1.93430,33.49550,1.6498,1.1654
2015-06-30,37169.00000,30767.00000,6402.00000,-4140.00000,4140.00000,2262.00000,-166.00000,2096.00000,824.00000,1272.00000,1272.00000,,1272.00000,2750.00000,2262.00000,1124.00000,1132.00000,1.13000,1.12000,1.29510,0.23850,0.35400,17.22400,6.08570,6.08570,5.63910,3.42220,0.49780,2.48440,3.41250,26.37360,3.42550,-189.28570,1.70350,2.60840,33.21380,0.9222,0.4642
2015-03-31,36332.00000,30168.00000,6164.00000,-4032.00000,4032.00000,2132.00000,-134.00000,1998.00000,777.00000,1221.00000,1221.00000,,1221.00000,2622.00000,2132.00000,1128.00000,1136.00000,1.08000,1.07000,1.29980,0.24010,0.34500,16.96580,5.86810,5.86810,5.49930,3.36070,0.49140,2.46650,3.57530,25.17290,3.30040,-137.65500,1.65160,2.50800,32.82610,1.74650,1.38470
2014-12-31,37055.00000,30422.00000,6633.00000,-4312.00000,4312.00000,2321.00000,-131.00000,2190.00000,868.00000,1322.00000,1322.00000,,1321.00000,2810.00000,2321.00000,1161.00000,1169.00000,1.13000,1.14000,1.36560,0.23450,0.33950,17.90040,6.26370,6.26370,5.91010,3.56500,0.49950,2.55000,3.82520,23.52800,3.48230,2812.76600,1.78200,2.66570,33.30090,2.9109,2.3199
2014-09-30,35021.00000,28553.00000,6468.00000,-4222.00000,4222.00000,2246.00000,-674.00000,1572.00000,624.00000,948.00000,948.00000,0.00000,948.00000,2723.00000,2246.00000,1157.00000,1164.00000,0.82000,0.81000,1.39110,0.23500,0.34260,18.46890,6.41330,6.41330,4.48870,2.70690,0.47600,2.45870,3.23430,27.82670,2.48760,911.53850,1.28850,1.90290,33.05200,1.4357,0.9618
2014-06-30,34602.00000,28278.00000,6324.00000,-4116.00000,4116.00000,2208.00000,-158.00000,2050.00000,804.00000,1246.00000,1246.00000,,1246.00000,2696.00000,2208.00000,1165.00000,1174.00000,1.07000,1.06000,1.45160,0.24320,0.35070,18.27640,6.38110,6.38110,5.92450,3.60090,0.47670,2.48930,3.62970,24.79540,3.26760,1246.00000,1.71640,2.47300,32.87240,0.7889,0.3578
2014-03-31,32689.00000,26747.00000,5942.00000,-3918.00000,3918.00000,2024.00000,-158.00000,1866.00000,737.00000,1129.00000,1129.00000,,1129.00000,2501.00000,2024.00000,1180.00000,1190.00000,0.96000,0.95000,1.50870,0.25160,0.35090,18.17740,6.19170,6.19170,5.70830,3.45380,0.44890,2.39070,3.59770,25.01580,2.95460,1297.70100,1.55040,2.21130,32.57630,1.82520,1.50340
2013-12-31,32830.00000,26492.00000,6338.00000,-4121.00000,4121.00000,2217.00000,-135.00000,2082.00000,816.00000,1266.00000,1266.00000,-1.00000,1265.00000,2675.00000,2217.00000,1217.00000,1226.00000,1.05000,1.04000,1.64180,0.25290,0.35330,19.30550,6.75300,6.75300,6.34180,3.85320,0.45900,2.39860,3.76100,23.92960,3.33700,67.80930,1.77000,2.49320,32.15090,1.2545,0.7544
2013-09-30,31932.00000,25905.00000,6027.00000,-3873.00000,3873.00000,2154.00000,-122.00000,2032.00000,777.00000,1255.00000,1255.00000,-6.00000,1249.00000,2615.00000,2154.00000,1218.00000,1226.00000,1.03000,1.02000,1.41950,0.18620,0.26480,18.87450,6.74560,6.74560,6.36350,3.91140,0.47090,2.39310,3.97410,22.64660,3.25690,52.35710,1.85090,2.65030,32.00500,1.4059,0.9733
2013-06-30,31248.00000,25407.00000,5841.00000,-3869.00000,3869.00000,1972.00000,-126.00000,1846.00000,721.00000,1125.00000,1125.00000,-1.00000,1124.00000,2421.00000,1972.00000,1227.00000,1236.00000,0.92000,0.91000,1.56570,0.19390,0.24100,18.69240,6.31080,6.31080,5.90760,3.59700,0.47140,2.40190,4.40550,20.42920,2.89160,41.74400,1.69720,2.33090,31.70820,0.7351,0.3457
2013-03-31,30751.00000,25174.00000,5577.00000,-3883.00000,3883.00000,1694.00000,-126.00000,1568.00000,614.00000,954.00000,954.00000,,954.00000,2196.00000,1694.00000,1232.00000,1241.00000,0.77000,0.77000,1.49500,0.19660,0.25290,18.13600,5.50880,5.50880,5.09900,3.10230,0.46540,2.37670,4.63470,19.41890,2.49680,50.31650,1.44400,2.00580,31.11480,1.32150,1.06930
2012-12-31,31381.00000,25102.00000,6279.00000,-3995.00000,3995.00000,2284.00000,-507.00000,1777.00000,661.00000,1116.00000,1116.00000,,1116.00000,2740.00000,2284.00000,1271.00000,1280.00000,0.88000,0.89000,1.42480,0.19520,0.26100,20.00890,7.27830,7.27830,5.66270,3.55630,0.47390,2.27540,4.84350,18.58160,2.96390,74.15280,1.68530,2.38530,30.58730,1.3341,0.7976
2012-09-30,30227.00000,24580.00000,5647.00000,-3833.00000,3833.00000,1814.00000,-134.00000,1680.00000,669.00000,1011.00000,1011.00000,-5.00000,1006.00000,2257.00000,1814.00000,1265.00000,1274.00000,0.80000,0.79000,1.42340,0.19970,0.27200,18.68200,6.00130,6.00130,5.55790,3.32820,0.46650,2.34390,4.71780,19.07670,2.73870,145.88750,1.56030,2.19180,29.62760,0.7564,0.3606
2012-06-30,30714.00000,25265.00000,5449.00000,-3741.00000,3741.00000,1708.00000,-132.00000,1576.00000,610.00000,966.00000,966.00000,-1.00000,966.00000,2139.00000,1708.00000,1278.00000,1287.00000,0.76000,0.75000,1.46920,0.19540,0.24830,17.74110,5.56100,5.56100,5.13120,3.14510,0.46830,2.42280,5.01530,17.94490,2.54790,60.48840,1.47280,2.05000,29.82930,0.9929,0.6445
2012-03-31,30798.00000,25685.00000,5113.00000,-3709.00000,3709.00000,1404.00000,-132.00000,1272.00000,496.00000,776.00000,776.00000,-1.00000,776.00000,1827.00000,1404.00000,1299.00000,1309.00000,0.60000,0.59000,1.48310,0.19480,0.24210,16.60170,4.55870,4.55870,4.13010,2.51960,0.46660,2.40560,5.04140,17.85210,2.03930,42.56720,1.17570,1.64200,29.49850,2.12830,1.84110
2011-12-31,28297.00000,22741.00000,5556.00000,-3598.00000,3598.00000,1958.00000,-147.00000,1811.00000,711.00000,1100.00000,1100.00000,-36.00000,1065.00000,2354.00000,1958.00000,1338.00000,1347.00000,0.82000,0.80000,1.55520,0.19480,0.26320,19.63460,6.91950,6.91950,6.40000,3.76370,0.43840,2.26370,4.67950,19.23280,2.89090,63.80510,1.70430,2.32760,29.31510,0.5899,0.0741
2011-09-30,26674.00000,21496.00000,5178.00000,-3594.00000,3594.00000,1584.00000,-155.00000,1429.00000,562.00000,867.00000,867.00000,0.00000,868.00000,1991.00000,1584.00000,1332.00000,1340.00000,0.65000,0.65000,1.53340,0.21340,0.28720,19.41220,5.93840,5.93840,5.35730,3.25410,0.40880,2.07110,4.52030,19.91040,2.31280,83.84910,1.32870,1.81940,28.65980,1.5046,1.1542
2011-06-30,26414.00000,21328.00000,5086.00000,-3602.00000,3602.00000,1484.00000,-148.00000,1336.00000,523.00000,813.00000,813.00000,2.00000,816.00000,1875.00000,1484.00000,1355.00000,1364.00000,0.60000,0.60000,1.62230,0.21000,0.28980,19.25490,5.61820,5.61820,5.05790,3.08930,0.40330,2.10940,4.48300,20.07570,2.12580,53.31150,1.24150,1.67930,28.41310,0.8918,0.588
2011-03-31,25695.00000,20953.00000,4742.00000,-3437.00000,3437.00000,1305.00000,-134.00000,1171.00000,462.00000,709.00000,709.00000,3.00000,713.00000,1679.00000,1305.00000,1362.00000,1371.00000,0.52000,0.52000,1.60310,0.18610,0.25780,18.45500,5.07880,5.07880,4.55730,2.77490,0.40900,2.05800,4.80460,18.73210,1.86980,27.68450,1.12850,1.52190,28.00520,1.36110,1.14440
2010-12-31,24300.00000,18862.00000,5438.00000,-3690.00000,3690.00000,1748.00000,-136.00000,1612.00000,599.00000,1013.00000,1013.00000,12.00000,1026.00000,2121.00000,1748.00000,1367.00000,1377.00000,0.76000,0.75000,1.59950,0.18670,0.26680,22.37860,7.19340,7.19340,6.63370,4.22220,0.39090,1.76360,4.93400,18.24070,2.68700,45.08230,1.62940,2.18550,27.65960,1.2747,0.8513
2010-09-30,23711.00000,18696.00000,5015.00000,-3537.00000,3537.00000,1478.00000,-137.00000,1341.00000,526.00000,815.00000,815.00000,-7.00000,809.00000,1848.00000,1478.00000,1360.00000,1368.00000,0.59000,0.59000,1.48530,0.19110,0.30410,21.15050,6.23340,6.23340,5.65560,3.41190,0.38420,1.76630,4.63920,19.39990,2.22450,74.90810,1.32060,1.79950,26.97870,0.9454,0.5699
2010-06-30,24007.00000,18987.00000,5020.00000,-3519.00000,3519.00000,1501.00000,-135.00000,1366.00000,544.00000,822.00000,822.00000,-1.00000,821.00000,1869.00000,1501.00000,1359.00000,1369.00000,0.60000,0.60000,1.50710,0.20860,0.33340,20.91060,6.25230,6.25230,5.69000,3.41980,0.39020,1.82760,4.70630,19.12320,2.29150,327.49010,1.33610,1.81350,26.45430,0.4912,0.1459
2010-03-31,23760.00000,19014.00000,4746.00000,-3336.00000,3336.00000,1410.00000,-128.00000,1282.00000,510.00000,772.00000,772.00000,-2.00000,771.00000,1768.00000,1410.00000,1386.00000,1396.00000,0.56000,0.55000,1.39050,0.19150,0.31860,19.97480,5.93430,5.93430,5.39560,3.24500,0.38770,1.85050,4.61450,19.50380,2.16280,-4541.17700,1.25970,1.74870,26.03500,0.75930,0.47210
2009-12-31,25308.00000,19762.00000,5546.00000,-3664.00000,3664.00000,1882.00000,-132.00000,1750.00000,705.00000,1045.00000,1045.00000,6.00000,1051.00000,2234.00000,1882.00000,1434.00000,1450.00000,0.75000,0.74000,1.42580,0.19670,0.31240,21.91400,7.43640,7.43640,6.91480,4.15280,0.41060,1.91070,4.63770,19.40610,2.92160,-2679.48700,1.69530,2.34700,25.71390,1.2395,0.7106
2009-09-30,24642.00000,19630.00000,5012.00000,-3446.00000,3446.00000,1566.00000,-123.00000,1443.00000,420.00000,1023.00000,1023.00000,-2.00000,1021.00000,1867.00000,1566.00000,1429.00000,1445.00000,0.71000,0.71000,1.36990,0.19710,0.33530,20.33930,6.35500,6.35500,5.85590,4.14330,0.39820,1.96770,4.32860,20.79220,2.86760,-675.24750,1.65320,2.30240,25.14510,0.6445,0.1732
2009-06-30,24871.00000,19819.00000,5052.00000,-3452.00000,3452.00000,1600.00000,-128.00000,1472.00000,583.00000,889.00000,889.00000,-3.00000,886.00000,1982.00000,1600.00000,1457.00000,1472.00000,0.61000,0.60000,1.31400,0.16810,0.30530,20.31280,6.43320,6.43320,5.91850,3.56240,0.40750,2.10830,4.50580,19.97440,2.45910,239.62260,1.45650,2.04570,24.77010,0.374,-0.05
2009-03-31,23394.00000,18646.00000,4748.00000,-3371.00000,3371.00000,1377.00000,-142.00000,1235.00000,492.00000,743.00000,743.00000,-5.00000,738.00000,1731.00000,1377.00000,1450.00000,1469.00000,0.51000,0.50000,1.39920,0.20420,0.31530,20.29580,5.88610,5.88610,5.27910,3.15470,0.38570,2.05980,4.36600,20.61380,2.10550,-130.92600,1.22490,1.67550,24.21440,0.52480,0.20760
