Date,revenue,cost-goods-sold,gross-profit,research-development-expenses,selling-general-administrative-expenses,other-operating-income-expenses,operating-expenses,operating-income,total-non-operating-income-expense,pre-tax-income,total-provision-income-taxes,income-after-taxes,income-from-continuous-operations,net-income,ebitda,ebit,basic-shares-outstanding,shares-outstanding,eps-basic-net-earnings-per-share,eps-earnings-per-share-diluted,current-ratio,debt-equity-ratio,gross-margin,operating-margin,ebit-margin,pre-tax-profit-margin,net-profit-margin,asset-turnover,inventory-turnover,receiveable-turnover,days-sales-in-receivables,roe,return-on-tangible-equity,roa,roi,book-value-per-share,operating-cash-flow-per-share,free-cash-flow-per-share
2023-09-30,395.87110,270.11670,125.75440,12.99480,144.66610,2.83930,154.82160,-29.06720,5.97240,-23.09470,-0.17300,-22.92170,-22.92170,-22.92170,-29.06720,-29.06720,260.51140,260.51140,-0.08840,-0.08840,3.26490,,31.76650,-7.34260,-7.34260,-5.83390,-5.79020,0.32890,199.40360,2.00150,44.96610,-2.43160,-3.90140,-1.90460,-2.43160,3.59770,0,0
2023-06-30,400.79140,244.81680,155.97460,14.54010,170.13410,0.61430,184.05980,-28.08520,5.27210,-22.81320,-0.17870,-22.63450,-22.63450,-22.63450,-28.08520,-28.08520,260.40600,260.40600,-0.08560,-0.08560,3.80170,,38.91670,-7.00740,-7.00740,-5.69200,-5.64740,0.33060,250.19060,1.87980,47.87860,-2.28010,-3.71790,-1.86680,-2.28010,3.79100,0,0
2023-03-31,376.53810,210.12380,166.41430,18.82980,203.97970,-0.09170,222.90120,-56.48690,5.06820,-51.41870,-0.18320,-51.23550,-51.23550,-51.23550,-56.48690,-56.48690,255.85350,255.85350,-0.19880,-0.19880,3.52720,0.01500,44.19590,-15.00160,-15.00160,-13.65560,-13.60700,0.30880,152.55650,1.72330,52.22640,-5.26070,-8.37720,-4.20220,-5.26070,3.80090,0.00000,
2022-12-31,346.58090,201.89270,144.68820,14.96470,177.56670,2.07070,190.46080,-45.77260,3.56630,-42.20620,-0.15710,-42.04910,-42.04910,-42.04900,-45.77260,-45.77250,253.81650,253.81650,-0.14950,-0.14950,3.16820,0.01430,41.74730,-13.20690,-13.20690,-12.17790,-12.13250,0.26430,157.72870,1.73910,51.74970,-4.14330,-6.62630,-3.20610,-4.14330,3.97240,-0.5401,-0.5417
2022-09-30,347.50130,214.15980,133.34150,26.35810,183.48110,5.61600,204.22320,-70.88170,4.39070,-66.49100,-0.15800,-66.33310,-66.33310,-66.33310,-70.88170,-70.88170,257.23100,257.23100,-0.25680,-0.25680,3.14860,0.08140,38.37150,-20.39750,-20.39750,-19.13400,-19.08860,0.24940,163.00120,1.99790,45.04770,-6.16340,-9.88090,-4.76020,-6.16340,4.21080,0,0
2022-06-30,344.90110,216.41040,128.49070,24.19780,195.07610,-1.25530,220.52920,-92.03850,4.32730,-87.71110,-0.18950,-87.52170,-87.52170,-87.52170,-92.03850,-92.03850,242.21530,242.21530,-0.36290,-0.36290,3.19020,0.07730,37.25440,-26.68550,-26.68550,-25.43080,-25.37590,0.23130,167.87310,1.42460,63.17440,-7.46110,-11.68300,-5.86850,-7.46110,4.53260,0,0
2022-03-31,319.19060,200.19500,118.99560,25.95250,191.52700,-0.12450,217.60400,-98.60840,3.18270,-95.42570,-0.19750,-95.22820,-95.22820,-95.22820,-98.60840,-98.60840,243.15200,243.15200,-0.39080,-0.39080,4.68570,0.01220,37.28040,-30.89330,-30.89330,-29.89620,-29.83430,0.21040,219.80840,1.57550,57.12420,-7.34600,-11.18770,-6.27600,-7.34600,4.98060,0.00000,
2021-12-31,330.16800,224.10450,106.06350,27.52530,183.84280,5.65770,205.71030,-99.64690,3.32940,-96.31750,-1.23290,-95.08460,-95.08460,-95.08460,-99.64690,-99.64690,237.67450,237.67450,-0.40950,-0.40950,2.42690,0.02640,32.12410,-30.18070,-30.18070,-29.17230,-28.79890,0.39840,225.00450,1.76370,51.03050,-15.99350,-24.25000,-11.47480,-15.99350,2.56320,-1.7546,-1.7657
2021-09-30,260.77600,191.04430,69.73170,22.87800,135.87180,1.54150,157.20830,-87.47660,3.38740,-84.08910,-0.19370,-83.89540,-83.89540,-83.89540,-87.47660,-87.47660,236.11300,236.11300,-0.35250,-0.35250,2.96930,0.08040,26.74010,-33.54470,-33.54470,-32.24570,-32.17140,0.27580,170.96470,2.01490,44.66680,-11.78850,-16.59210,-8.87400,-11.78850,3.04220,0,0
2021-06-30,228.41460,176.04110,52.37360,20.49790,143.17030,8.16730,155.50100,-103.12740,3.73400,-99.39340,-0.19410,-99.19940,-99.19940,-99.19940,-103.12740,-103.12740,237.85900,237.85900,-0.41700,-0.41700,3.28970,0.09880,22.92920,-45.14920,-45.14920,-43.51450,-43.42950,0.19450,140.20260,2.06740,43.53210,-11.10230,-14.57800,-8.44840,-11.10230,3.74660,0,0
2021-03-31,258.10730,215.24710,42.86020,19.16380,137.86010,-0.24150,157.26540,-114.40520,4.61710,-109.78800,-0.19330,-109.59470,-109.59470,-109.59470,-114.40520,-114.40520,237.56300,237.56300,-0.46100,-0.46100,3.20860,0.10530,16.60560,-44.32460,-44.32460,-42.53580,-42.46090,0.19710,180.41790,1.99780,45.04850,-11.16380,-14.38290,-8.36700,-11.16380,4.14580,0.00000,
2020-12-31,348.93480,284.24690,64.68790,20.33630,141.23780,-0.28350,161.85750,-97.16960,2.56150,-94.60830,-0.23480,-94.37340,-94.37340,-98.84240,-97.16960,-97.16960,166.96100,166.96100,-0.16240,-0.16240,3.11990,0.10960,18.53870,-27.84750,-27.84750,-27.11340,-28.32690,0.23850,342.87920,2.16850,41.50270,-8.76200,-11.07050,-6.45000,-8.76200,4.57630,-1.0173,-1.0391
2020-09-30,188.19720,147.22710,40.97010,14.91070,89.69320,-1.42650,106.03040,-65.06030,2.11850,-62.94180,-0.18120,-62.76060,-62.76060,-62.76060,-65.06030,-65.06030,224.60700,224.60700,-0.27760,-0.27760,2.80520,0.11500,21.76980,-34.57030,-34.57030,-33.44460,-33.34830,0.20200,179.95190,2.48380,36.23450,-9.07180,-13.31700,-6.73680,-9.07180,3.08010,0,0
2020-06-30,187.26500,155.71300,31.55200,18.20200,77.99700,-2.14800,98.34700,-66.79500,1.86500,-64.93000,-0.17700,-64.75300,-64.75300,-87.33500,-66.79500,-66.79500,122.32800,122.32800,-0.72000,-0.72000,3.50640,0.06650,16.84890,-35.66870,-35.66870,-34.67280,-46.63710,0.19410,213.30550,2.14620,41.93400,-8.69720,-12.45320,-6.71240,-8.69720,3.31480,0.3741,0.3885
2020-03-31,155.29500,136.38600,18.90900,12.27500,50.85100,2.88400,60.24200,-41.33300,1.69500,-39.63800,-0.19500,-39.44300,-39.44300,-69.96300,-34.11800,-41.33300,92.32300,92.32300,-0.76000,-0.76000,2.53200,0.03150,12.17620,-26.61580,-26.61580,-25.52430,-45.05170,0.25720,278.90800,2.72170,33.06810,-8.78980,-18.09120,-6.53290,-8.78980,2.22230,-0.37410,-0.38850
2019-12-31,,,,,,,,,,,,,,,,,,,,0.00000,,,,,,,,,,,,,,,,,0,0
