Date,revenue,cost-goods-sold,gross-profit,research-development-expenses,selling-general-administrative-expenses,operating-expenses,operating-income,total-non-operating-income-expense,pre-tax-income,total-provision-income-taxes,income-after-taxes,income-from-continuous-operations,net-income,ebitda,ebit,basic-shares-outstanding,shares-outstanding,eps-basic-net-earnings-per-share,eps-earnings-per-share-diluted,current-ratio,long-term-debt-capital,debt-equity-ratio,gross-margin,operating-margin,ebit-margin,pre-tax-profit-margin,net-profit-margin,asset-turnover,receiveable-turnover,days-sales-in-receivables,roe,return-on-tangible-equity,roa,roi,book-value-per-share,operating-cash-flow-per-share,free-cash-flow-per-share
2024-03-31,611.25300,110.09800,501.15500,269.98800,219.17100,489.15900,11.99600,34.18900,46.18500,3.55400,42.63100,42.63100,42.63100,23.45900,11.99600,331.80600,355.97900,0.13000,0.12000,3.42690,0.25230,0.33740,81.98810,1.96250,1.96250,7.55580,6.97440,0.14760,1.35520,66.41300,1.93570,2.31240,1.02940,1.44740,6.59460,0.59630,0.52460
2023-12-31,589.64890,104.82900,484.81990,253.25000,203.82800,457.07810,27.74180,29.52500,57.26700,3.27400,53.99300,53.99300,53.99300,36.24080,27.74190,324.03300,350.29200,0.17000,0.17000,3.16850,0.26820,0.36650,82.22180,4.70480,4.70480,9.71210,9.15680,0.14980,1.15780,77.73290,2.66590,3.24660,1.37170,1.95090,6.11740,0.6323,0.578
2023-09-30,547.53600,103.31900,444.21700,240.22500,208.22200,448.44700,-4.23000,28.53000,24.30000,1.67000,22.63000,22.63000,22.63000,5.48900,-4.23000,325.55700,351.30900,0.07000,0.06000,3.34670,0.29100,0.41040,81.13020,-0.77250,-0.77250,4.43810,4.13310,0.15450,1.36660,65.85580,1.25270,1.56320,0.63870,0.88820,5.50340,0.3612,0.327
2023-06-30,509.46000,101.84600,407.61400,239.49400,190.12600,429.62000,-22.00600,21.09800,-0.90800,3.06100,-3.96900,-3.96900,-3.96900,-9.35800,-22.00600,322.21500,322.21500,-0.01000,-0.01000,3.41500,0.30990,0.44900,80.00900,-4.31950,-4.31950,-0.17820,-0.77910,0.15380,1.52940,58.84500,-0.24060,-0.30840,-0.11980,-0.16610,5.08160,0.4715,0.4365
2023-03-31,481.71400,99.91400,381.80000,229.47800,187.29200,416.77000,-34.97000,14.54600,-20.42400,3.66200,-24.08600,-24.08600,-24.08600,-20.39700,-34.97000,319.28600,319.28600,-0.08000,-0.08000,3.18650,0.32850,0.48920,79.25860,-7.25950,-7.25950,-4.23990,-5.00010,0.15340,1.31240,68.57630,-1.59290,-2.09550,-0.76710,-1.06960,4.70400,0.41900,0.36440
2022-12-31,469.39900,96.75700,372.64200,218.65600,188.61400,407.26990,-34.62790,8.77400,-25.85400,3.18000,-29.03400,-29.03400,-29.03400,-18.40890,-34.62790,315.41000,315.41000,-0.09000,-0.09000,3.08550,0.34380,0.52380,79.38710,-7.37710,-7.37710,-5.50790,-6.18540,0.15620,1.17480,76.60770,-2.05840,-2.77610,-0.96620,-1.35080,4.41900,0.3647,0.307
2022-09-30,436.53300,93.59900,342.93400,205.38800,168.88800,374.27600,-31.34200,8.28300,-23.05900,2.92600,-25.98500,-25.98500,-25.98500,-13.30500,-31.34200,315.99000,315.99000,-0.08000,-0.08000,3.22740,0.36400,0.57230,78.55860,-7.17980,-7.17980,-5.28230,-5.95260,0.15600,1.25140,71.91830,-2.01520,-2.76090,-0.92880,-1.28170,4.06090,0.2619,0.21
2022-06-30,406.13800,81.92500,324.21300,177.69900,149.65300,327.35200,-3.13900,3.12800,-0.01100,4.86800,-4.87900,-4.87900,-4.87900,15.11700,-3.13900,314.79500,314.79500,-0.02000,-0.02000,3.30670,0.37760,0.60670,79.82830,-0.77290,-0.77290,-0.00270,-1.20130,0.15300,1.32940,67.69890,-0.40150,-0.56570,-0.18380,-0.24990,3.84030,0.2736,0.228
2022-03-31,363.03000,74.46200,288.56800,150.60800,127.54600,278.15400,10.41400,0.44000,10.85400,1.11600,9.73800,9.73800,9.73800,28.62900,10.41400,313.45600,345.66800,0.03000,0.03000,3.32850,0.39730,0.65930,79.48880,2.86860,2.86860,2.98980,2.68240,0.14350,1.31850,68.26100,0.87190,1.20110,0.38510,0.52550,3.54650,0.42640,0.37580
2021-12-31,326.19800,67.14900,259.04900,133.04900,117.54500,250.59410,8.45490,0.07700,8.53200,1.36300,7.16900,7.16900,7.16900,25.88590,8.45500,309.04800,309.04800,0.02000,0.02000,3.53880,0.41400,0.70640,79.41470,2.59200,2.59200,2.61560,2.19770,0.13700,1.21340,74.17020,0.68850,0.97760,0.30110,0.40350,3.32260,0.3768,0.347
2021-09-30,270.48800,63.33200,207.15600,112.67500,99.37600,212.05100,-4.89500,0.12800,-4.76700,0.71700,-5.48400,-5.48400,-5.48400,10.56000,-4.89500,310.24700,310.24700,-0.02000,-0.02000,3.94440,0.43420,0.76730,76.58600,-1.80970,-1.80970,-1.76240,-2.02740,0.12330,1.20430,74.73230,-0.57280,-0.79610,-0.24990,-0.32410,3.06960,0.2148,0.1819
2021-06-30,233.54900,57.09800,176.45100,94.77900,91.55800,186.33700,-9.88600,0.22800,-9.65800,-0.29600,-9.36200,-9.36200,-9.36200,4.34200,-9.88600,308.01900,308.01900,-0.03000,-0.03000,4.31010,0.44560,0.80380,75.55200,-4.23290,-4.23290,-4.13530,-4.00860,0.11250,1.24010,72.57300,-1.02550,-1.45720,-0.45080,-0.56850,2.94630,0.1668,0.1364
2021-03-31,198.54900,46.66600,151.88300,79.26600,85.44700,164.71300,-12.83000,0.30100,-12.52900,0.53900,-13.06800,-13.06800,-13.06800,0.44500,-12.83000,306.03400,306.03400,-0.04000,-0.04000,5.44510,0.46560,0.87120,76.49650,-6.46190,-6.46190,-6.31030,-6.58180,0.10170,1.28840,69.85680,-1.55330,-1.65540,-0.66940,-0.83010,2.73330,0.16880,0.14530
2020-12-31,177.53100,40.85600,136.67500,67.69800,77.91500,145.61300,-8.93800,-6.22900,-15.16700,0.99300,-16.16000,-16.16000,-16.16000,10.83400,-8.93800,300.35000,300.35000,-0.05090,-0.05090,5.76840,0.37560,0.60150,76.98650,-5.03460,-5.03460,-8.54330,-9.10260,0.09390,1.08680,82.81540,-1.68780,-1.72330,-0.85490,-1.05390,3.13010,0.0814,0.057
2020-09-30,154.67500,33.98400,120.69100,56.44000,73.51800,129.95800,-9.26700,-5.28800,-14.55500,0.59500,-15.15000,-15.15000,-15.15000,9.37200,-9.26700,302.55400,302.55400,-0.05000,-0.05000,6.49120,0.37750,0.60640,78.02880,-5.99130,-5.99130,-9.41010,-9.79470,0.08530,1.27840,70.40100,-1.61830,-1.65280,-0.83500,-1.00740,3.07560,0.1337,0.1054
2020-06-30,140.01200,28.87800,111.13400,45.66400,64.81600,110.48000,0.65400,0.17200,0.82600,0.54200,0.28400,0.28400,0.28400,10.50300,0.65400,299.26700,330.84700,0.00090,0.00090,6.73580,0.38010,0.61300,79.37460,0.46710,0.46710,0.58990,0.20280,0.07850,1.12840,79.75760,0.03110,0.03180,0.01590,0.01930,3.02020,0.0741,0.0557
2020-03-31,131.24800,26.47900,104.76900,40.82400,60.16700,100.99100,3.77800,2.89600,6.67400,0.19500,6.47900,6.47900,6.47900,9.89500,3.77800,295.45500,327.80100,0.02000,0.02000,4.42970,,,79.82520,2.87850,2.87850,5.08500,4.93650,0.12300,1.21040,74.35790,0.80700,0.81720,0.60740,0.80700,2.68770,0.07400,0.05890
2019-12-31,113.64400,25.72400,87.92000,35.89400,54.29200,90.18600,-2.26600,3.51800,1.25200,0.36100,0.89100,0.89100,0.89100,3.05200,-2.26600,139.87300,139.87300,0.09000,0.09000,4.51430,,,77.36440,-1.99390,-1.99390,1.10170,0.78400,0.10950,1.10990,81.09060,0.11390,0.11540,0.08580,0.11390,2.63960,0.1078,0.1026
2019-09-30,95.86400,23.29700,72.56700,28.68400,48.10100,76.78500,-4.21800,0.09000,-4.12800,0.03300,-4.16100,-4.16100,-4.16100,1.22500,-4.21800,103.87600,103.87600,-0.04000,-0.04000,4.93870,,,75.69790,-4.40000,-4.40000,-4.30610,-4.34050,0.09520,1.09930,81.87350,-0.53950,-0.54550,-0.41330,-0.53950,2.60810,0.0292,-0.0188
2019-06-30,83.22200,20.97800,62.24400,24.03200,42.20600,66.23800,-3.99400,0.32600,-3.66800,0.28100,-3.94900,-3.94900,-3.94900,-0.11200,-3.99400,82.04400,82.04400,-0.05000,-0.05000,,,,74.79270,-4.79920,-4.79920,-4.40750,-4.74510,,,,,,,,,-0.0081,-0.0667
2019-03-31,70.05000,18.95000,51.10000,22.81500,37.94700,60.76200,-9.66200,0.23000,-9.43200,0.05900,-9.49100,-9.49100,-9.49100,-6.52300,-9.66200,77.06100,77.06100,-0.12000,-0.12000,,,,72.94790,-13.79300,-13.79300,-13.46470,-13.54890,,,,,,,,,0.04440,-0.01140
2018-12-31,,,,,,,,,,,,,,,,,,,0.00000,,,,,,,,,,,,,,,,,-0.2097,-0.036
2018-09-30,51.07400,12.09800,38.97600,14.15900,29.45200,43.61100,-4.63500,0.31100,-4.32400,0.34900,-4.67300,-4.67300,-4.67300,-4.63500,-4.63500,73.35300,73.35300,-0.06000,-0.06000,,,,76.31280,-9.07510,-9.07510,-8.46610,-9.14950,,,,,,,,,0.2097,0.036
2017-12-31,,,,,,,,,,,,,,,,,,,0.00000,,,,,,,,,,,,,,,,,0,0
