Date,revenue,cost-goods-sold,gross-profit,selling-general-administrative-expenses,other-operating-income-expenses,operating-expenses,operating-income,total-non-operating-income-expense,pre-tax-income,income-after-taxes,income-from-continuous-operations,net-income,ebitda,ebit,basic-shares-outstanding,shares-outstanding,eps-basic-net-earnings-per-share,eps-earnings-per-share-diluted,long-term-debt-capital,debt-equity-ratio,operating-margin,ebit-margin,pre-tax-profit-margin,net-profit-margin,asset-turnover,roe,return-on-tangible-equity,roa,roi,book-value-per-share,operating-cash-flow-per-share,free-cash-flow-per-share
2023-12-31,72.62000,25.26100,47.35900,6.69200,,30.47400,16.88500,-12.09800,4.78700,4.78700,4.78700,4.43600,38.51300,16.88500,94.26400,94.55600,0.04000,0.04000,0.47880,0.91860,23.25120,23.25120,6.59190,6.10850,0.02520,0.33960,0.37960,0.16620,0.17700,13.95930,0.1777,-0.6495
2023-09-30,72.01400,26.56000,45.45400,6.10700,,28.67300,16.78100,-10.70000,6.08100,6.08100,6.08100,5.37400,37.29500,16.78100,93.53700,93.84900,0.06000,0.06000,0.45880,0.84780,23.30240,23.30240,8.44420,7.46240,0.02550,0.42370,0.46970,0.21520,0.22930,15.08880,0.4024,0.2968
2023-06-30,71.37300,25.24800,46.12500,7.02400,,30.08700,16.03800,-10.26000,5.77800,5.77800,5.77800,5.10300,36.81800,16.03800,93.35900,93.64100,0.05000,0.05000,0.46200,0.85870,22.47070,22.47070,8.09550,7.14980,0.02540,0.40630,0.45270,0.20580,0.21860,15.22300,0.3938,0.2857
2023-03-31,71.22000,25.35600,45.86400,7.29500,,30.83700,15.02700,-10.61300,4.41400,4.41400,4.41400,3.89100,36.38400,15.02700,91.09900,91.32900,0.04000,0.04000,0.45840,0.84630,21.09940,21.09940,6.19770,5.46340,0.02530,0.30650,0.34250,0.15660,0.16600,15.41960,0.23680,0.12100
2022-12-31,73.50600,25.01600,48.49000,6.96600,,32.09900,16.39100,2.02900,18.42000,18.42000,18.42000,16.29400,39.33300,16.39100,90.61400,90.94900,0.17000,0.17000,0.47000,0.88690,22.29880,22.29890,25.05920,22.16690,0.02600,1.30550,1.46930,0.65100,0.69190,15.53710,0.2457,2.3592
2022-09-30,75.04100,25.97900,49.06200,5.87000,,31.19500,17.86700,-17.11800,0.74900,0.74900,0.74900,0.64200,41.12300,17.86700,90.77300,91.11900,0.01000,0.01000,0.49130,0.96600,23.80970,23.80970,0.99810,0.85550,0.02530,0.05280,0.06040,0.02530,0.02690,15.62310,0.4325,0.1688
2022-06-30,72.75700,23.40200,49.35500,5.96600,,30.61100,18.74400,-10.61400,8.13000,8.13000,8.13000,7.19700,41.35100,18.74400,90.75100,91.08400,0.08000,0.08000,0.48110,0.92700,25.76250,25.76250,11.17420,9.89180,0.02470,0.56380,0.64580,0.27640,0.29260,15.87800,0.4403,-0.524
2022-03-31,72.30200,23.28400,49.01800,5.98300,,30.50400,18.51400,-10.25100,8.26300,8.26300,8.26300,7.34100,40.85100,18.51400,90.15100,90.57200,0.08000,0.08000,0.46090,0.85480,25.60650,25.60650,11.42850,10.15330,0.02550,0.57410,0.65590,0.29170,0.30950,15.85530,0.26620,0.19180
2021-12-31,71.63700,23.07900,48.55800,6.05300,,30.15500,18.40300,-10.62200,7.78100,7.78100,7.78100,6.88900,40.11400,18.40300,84.04300,84.61900,0.08000,0.08000,0.45660,0.84010,25.68920,25.68920,10.86170,9.61650,0.02530,0.53980,0.61990,0.27530,0.29330,15.99130,0.2804,-0.9463
2021-09-30,69.60800,22.81400,46.79400,5.89300,,29.17600,17.61800,-8.57600,9.04200,9.04200,9.04200,7.97700,38.52400,17.61800,83.96200,84.47200,0.09000,0.09000,0.42380,0.73550,25.31030,25.31030,12.98990,11.45990,0.02720,0.65970,0.74550,0.35380,0.38010,15.91680,0.445,0.1683
2021-06-30,68.61400,21.84900,46.76500,5.76800,,28.77600,17.98900,-8.73500,9.25400,9.25400,9.25400,8.20100,38.47100,17.98900,83.81800,84.24700,0.10000,0.10000,0.43670,0.77520,26.21770,26.21770,13.48700,11.95240,0.02700,0.69340,0.78870,0.36380,0.39060,15.90040,0.3583,-0.001
2021-03-31,65.00100,19.38000,45.62100,5.80800,,28.62000,17.00100,-9.12100,7.88000,7.88000,7.88000,6.99100,37.19600,17.00100,82.12000,82.59700,0.08000,0.08000,0.43150,0.75920,26.15500,26.15500,12.12290,10.75520,0.02590,0.59390,0.67670,0.31420,0.33760,15.82210,0.31490,-0.55790
2020-12-31,65.20300,21.08700,44.11600,5.06500,,28.55000,15.56600,-12.94000,2.62600,2.62600,2.62600,2.33400,36.44200,15.56600,78.21900,78.79100,0.03000,0.03000,0.42940,0.75250,23.87310,23.87310,4.02740,3.57960,0.02650,0.20200,0.23100,0.10690,0.11530,15.83280,0.5006,-0.9418
2020-09-30,61.13100,19.11600,42.01500,4.57700,,28.56600,13.44900,-8.62800,4.82100,4.82100,4.82100,4.26400,35.36600,13.44900,80.33500,80.92900,0.05000,0.05000,0.40900,0.69200,22.00030,22.00030,7.88630,6.97520,0.02550,0.37080,0.42380,0.20120,0.21910,16.00780,0.3588,-0.0657
2020-06-30,60.52600,17.53200,42.99400,5.50500,,29.82700,13.16700,-9.00400,4.16300,4.16300,4.16300,3.66600,35.18100,13.16700,76.17200,76.87000,0.05000,0.05000,0.41240,0.70180,21.75430,21.75430,6.87800,6.05690,0.02570,0.32450,0.37380,0.17640,0.19070,16.10740,0.4737,-0.6375
2020-03-31,58.21800,17.82000,40.39800,5.48300,,29.57700,10.82100,-8.90300,1.91800,1.91800,1.91800,1.69700,32.72400,10.82100,74.89270,75.61620,0.02000,0.02000,0.43910,0.78280,18.58700,18.58700,3.29450,2.91490,0.02520,0.16020,0.18710,0.08310,0.08990,15.94630,0.50970,-0.19500
2019-12-31,60.77700,20.38900,40.38800,5.90200,,29.92100,10.46700,-8.85600,1.61100,1.61100,1.61100,1.43200,32.29100,10.46700,68.77000,69.20900,0.02000,0.02000,0.42910,0.75160,17.22200,17.22200,2.65070,2.35620,0.02720,0.13430,0.15620,0.07210,0.07670,16.03380,0.3943,-1.0337
2019-09-30,57.58900,19.41600,38.17300,5.29800,,29.11600,9.05700,-8.45400,0.60300,0.60300,0.60300,0.54900,30.99300,9.05700,71.44400,71.82900,0.01000,0.01000,0.43260,0.76240,15.72700,15.72700,1.04710,0.95330,0.02590,0.05090,0.05960,0.02710,0.02890,16.14040,1.1003,0.1363
2019-06-30,52.74900,16.39900,36.35000,4.66700,,28.08600,8.26400,-1.77300,6.49100,6.49100,6.49100,5.64200,29.97200,8.26400,68.24800,68.42000,0.08000,0.08000,0.43950,0.78410,15.66670,15.66670,12.30550,10.69590,0.02500,0.57040,0.67500,0.30800,0.31970,16.34930,0.3334,-0.9228
2019-03-31,50.60700,15.71800,34.88900,4.31700,,27.23800,7.65100,-8.13200,-0.48100,-0.48100,-0.48100,-0.41600,28.62800,7.65100,61.22600,61.22600,-0.01000,-0.01000,0.41920,0.72180,15.11850,15.11850,-0.95050,-0.82200,0.02510,-0.04260,-0.05010,-0.02390,-0.02470,16.61250,0.22830,-2.51490
2018-12-31,48.20800,14.88700,33.32100,4.12800,,25.75600,7.56500,-6.92200,0.64300,0.64300,0.64300,0.59000,27.03500,7.56500,53.51100,54.93100,0.01000,0.00000,0.42770,0.74750,15.69250,15.69250,1.33380,1.22390,0.02590,0.06270,0.07480,0.03450,0.03590,16.84910,0.3508,-2.1665
2018-09-30,39.43700,12.00800,27.42900,3.61400,,20.02300,7.40600,-4.92400,2.48200,2.48200,2.48200,2.15500,21.53400,7.40600,60.44600,61.97900,0.03000,0.03000,0.38990,0.63920,18.77930,18.77930,6.29360,5.46440,0.02220,0.23840,0.28390,0.13960,0.14540,17.12130,0.2096,-4.8717
2018-06-30,36.97200,11.06800,25.90400,3.62300,,18.71000,7.19400,-5.47500,1.71900,1.71900,1.71900,1.44000,19.81600,7.19400,47.53100,49.12500,0.02000,0.02000,0.31440,0.45850,19.45800,19.45800,4.64950,3.89480,0.02310,0.16280,0.18610,0.10750,0.11160,17.49090,0.3193,-0.3264
2018-03-31,35.97400,10.26000,25.71400,3.45900,,18.31700,7.39700,-5.58200,1.81500,1.81500,1.81500,1.51900,19.99000,7.39700,45.00800,46.01800,0.03000,0.03000,0.41950,0.72250,20.56210,20.56210,5.04530,4.22250,0.02530,0.22840,0.27580,0.12740,0.13260,17.48150,0.26320,0.01060
2017-12-31,36.32500,10.56700,25.75800,3.39400,,18.47500,7.28300,-5.75500,1.52800,1.52800,1.52800,1.28700,20.11900,7.28300,39.60800,41.56400,0.03000,0.03000,0.42130,0.72800,20.04960,20.04960,4.20650,3.54300,0.02550,0.19320,0.23580,0.10720,0.11180,17.66340,0.1625,-1.0012
2017-09-30,33.85800,10.17000,23.68800,2.92000,,17.07600,6.61200,-5.49500,1.11700,1.11700,1.11700,0.94200,18.78000,6.61200,39.96200,41.90400,0.02000,0.02000,0.41070,0.69700,19.52860,19.52860,3.29910,2.78220,0.02470,0.14520,0.17520,0.08170,0.08560,17.53050,0.406,-1.5725
2017-06-30,30.60300,8.81600,21.78700,3.14200,,16.87000,4.91700,-3.71400,1.20300,1.20300,1.20300,0.98200,16.29900,4.91700,37.40900,39.84500,0.03000,0.02000,0.44540,0.80300,16.06710,16.06710,3.93100,3.20880,0.02400,0.17710,0.21780,0.09420,0.09820,17.73680,0.342,-4.9119
2017-03-31,29.88700,9.08400,20.80300,3.44400,,16.84500,3.95800,-2.41700,1.54100,1.54100,1.54100,1.23700,14.91800,3.95800,36.89200,39.14400,0.03000,0.03000,0.32900,0.49030,13.24320,13.24320,5.15610,4.13890,0.02770,0.22400,0.26720,0.14290,0.15030,18.59920,0.27400,-0.85440
2016-12-31,28.75100,9.01500,19.73600,3.13500,,15.30300,4.43300,-2.21000,2.22300,2.22300,2.22300,1.64200,14.41500,4.43300,30.64500,32.37300,0.06000,0.05000,0.29560,0.41960,15.41860,15.41860,7.73190,5.71110,0.02750,0.31830,0.38100,0.21230,0.22430,18.93700,0.4819,-0.9517
2016-09-30,26.97500,7.84100,19.13400,3.06600,,15.96300,3.17100,-2.04300,1.12800,1.12800,1.12800,0.87000,13.76100,3.17100,34.96700,36.90500,0.02000,0.02000,0.29860,0.42580,11.75530,11.75530,4.18160,3.22520,0.02640,0.16660,0.20110,0.11050,0.11690,19.25220,0.2626,0.8802
2016-06-30,24.92100,7.41700,17.50400,3.05200,,14.47200,3.03200,-1.99500,1.03700,1.03700,1.03700,0.67400,12.56200,3.03200,27.48400,29.26700,0.02000,0.02000,0.29040,0.40920,12.16640,12.16640,4.16110,2.70450,0.02450,0.15130,0.18080,0.10190,0.10740,19.77900,0.3354,-2.7714
2016-03-31,23.97100,6.70100,17.27000,3.03600,,14.23200,3.03800,-1.92900,1.10900,1.10900,1.10900,0.67500,12.37500,3.03800,24.14200,25.74500,0.03000,0.03000,0.30380,0.43630,12.67370,12.67370,4.62640,2.81590,0.02560,0.18090,0.22280,0.11870,0.12600,25.36180,0.38360,-0.95360
2015-12-31,22.17400,6.50300,15.67100,2.70500,,13.21400,2.45700,-1.61000,0.84700,0.84700,0.84700,0.48900,10.63500,2.45700,21.43000,21.43000,0.12000,0.12000,0.27760,0.38430,11.08050,11.08060,3.81980,2.20530,0.02430,0.13660,0.16830,0.09290,0.09870,25.64940,0.6532,-5.2204
2015-09-30,19.85700,5.81800,14.03900,2.30100,,11.88000,2.15900,-1.34100,0.81800,0.81800,0.81800,0.47400,10.31100,2.15900,24.14200,25.21700,0.02000,0.02000,0.15930,0.18950,10.87270,10.87270,4.11950,2.38710,0.02500,0.13030,0.15640,0.10310,0.10960,25.96760,0.4687,-0.2657
2015-06-30,19.25600,5.31300,13.94300,2.23900,-0.07200,11.65700,2.28600,-1.32100,0.96500,0.96500,0.96500,0.57500,10.32400,2.28600,24.14200,25.43500,0.02000,0.02000,0.13940,0.16200,11.87160,11.87160,5.01140,2.98610,0.02460,0.15210,0.18300,0.12320,0.13090,26.25200,0.38,0.5616
2015-03-31,10.09100,2.68900,7.40200,1.64700,-1.59400,9.58100,-2.17900,-5.82200,-8.00100,-8.00100,-8.00100,-2.88500,2.14900,-2.17900,13.14400,13.14400,-0.22000,-0.22000,0.13670,0.15830,-21.59350,-21.59350,-79.28850,-28.58980,0.01290,-1.25520,-1.50520,-1.02560,-1.08370,26.37430,-0.10430,-1.64060
2014-12-31,1.74000,,1.74000,4.64000,0.00000,,-2.90000,-0.47000,-3.38000,-3.38000,-3.38000,7.04000,-2.90000,-2.90000,,,,0.00000,,,-166.66670,-166.66670,-194.25290,404.59770,0.00580,-1.13730,-1.13730,-1.12480,-1.13730,12.29660,0,0
2014-09-30,1.85900,,1.85900,3.47200,,,-1.61300,24.64500,23.03200,23.03200,23.03200,-3.30900,-1.61300,-1.61300,,,,0.00000,,,-86.76710,-86.76710,1238.94600,-177.99890,,,,,,,0,0
2014-06-30,1.62600,,1.62600,0.65300,,,0.97300,39.74000,40.71300,40.71300,40.71300,-7.87500,0.97300,0.97300,,,,0.00000,,,59.84010,59.84010,2503.87500,-484.31740,,,,,,,0,0
2014-03-31,1.11600,,1.11600,1.17500,,,-0.05900,7.48000,7.42100,7.42100,7.42100,6.52000,-0.05900,-0.05900,,,,0.00000,,,-5.28670,-5.28670,664.96410,584.22940,,,,,,,0.00000,
2013-12-31,,,,,,,,,,,,,,,,,,0.00000,,,,,,,,,,,,,0,0
2012-12-31,,,,,,,,,,,,,,,,,,0.00000,,,,,,,,,,,,,0,0
