Date,revenue,cost-goods-sold,gross-profit,research-development-expenses,selling-general-administrative-expenses,other-operating-income-expenses,operating-expenses,operating-income,total-non-operating-income-expense,pre-tax-income,total-provision-income-taxes,income-after-taxes,income-from-continuous-operations,net-income,ebitda,ebit,basic-shares-outstanding,shares-outstanding,eps-basic-net-earnings-per-share,eps-earnings-per-share-diluted,current-ratio,long-term-debt-capital,debt-equity-ratio,gross-margin,operating-margin,ebit-margin,pre-tax-profit-margin,net-profit-margin,asset-turnover,inventory-turnover,receiveable-turnover,days-sales-in-receivables,roe,return-on-tangible-equity,roa,roi,book-value-per-share,operating-cash-flow-per-share,free-cash-flow-per-share
2023-09-30,34.53900,6.42900,28.11000,2.22900,8.63600,,10.86500,17.24500,-0.36100,16.88400,0.09500,16.78900,16.78900,16.78900,18.13900,17.24500,18.41600,21.03500,0.91000,0.80000,0.92120,,,81.38630,49.92910,49.92910,48.88390,48.60880,0.52400,0.58320,4.32330,20.81730,96.63290,-450.34890,25.46950,96.63290,0.93930,0.8672,0.8672
2023-06-30,17.17200,7.76700,9.40500,1.77400,12.14100,,17.05800,-7.65300,-0.71000,-8.36300,0.00000,-8.36300,-8.36300,-8.36300,-3.14100,-7.65300,18.00500,18.00500,-0.46000,-0.46000,0.69920,,1988.40000,54.76940,-44.56670,-44.56670,-48.70140,-48.70140,0.24620,0.63840,1.02600,87.72010,-167351.90000,38.16810,-11.99050,-167260.00000,0.00030,0.221,0.221
2023-03-31,12.21300,6.44900,5.76400,2.03300,13.29200,,15.32500,-9.56100,-0.57500,-10.13600,0.00000,-10.13600,-10.13600,-10.13600,-8.45300,-9.56100,17.80700,17.80700,-0.57000,-0.57000,0.78960,0.56990,3.04900,47.19560,-78.28540,-78.28540,-82.99350,-82.99350,0.12740,0.48570,0.44220,203.50770,-135.29100,54.38930,-10.57450,-58.18270,0.42010,-0.05370,-0.05370
2022-12-31,15.96600,7.71800,8.24800,4.25600,13.98700,,18.24300,-9.99500,-0.63400,-10.62900,0.01300,-10.64200,-10.64200,-10.64200,-8.73100,-9.99500,17.53100,17.53100,-0.61000,-0.61000,1.16230,0.53860,1.34110,51.65980,-62.60180,-62.60180,-66.57270,-66.65410,0.15180,0.54510,0.56600,159.00790,-62.66630,104.18010,-10.11980,-28.91220,0.95590,-0.2215,-0.2215
2022-09-30,16.11600,7.22100,8.89500,2.81200,15.57500,,18.38700,-9.49200,-0.57800,-10.07000,0.01000,-10.08000,-10.08000,-10.08000,-8.43600,-9.49200,17.61800,17.61800,-0.57000,-0.57000,1.30960,,,55.19360,-58.89800,-58.89800,-62.48450,-62.54650,0.14900,0.47410,0.56480,159.34290,-38.49680,449.99970,-9.32080,-38.49680,1.48410,-0.4121,-0.4121
2022-06-30,18.29100,7.63300,10.65800,2.60900,15.19100,,17.80000,-7.14200,-0.45000,-7.59200,-0.06400,-7.52800,-7.52800,-7.52800,-6.08700,-7.14200,17.45600,17.45600,-0.43000,-0.43000,1.39600,0.29830,0.42510,58.26910,-39.04650,-39.04650,-41.50680,-41.15690,0.16120,0.47550,0.63800,141.07430,-21.63530,-140.57880,-6.63280,-15.18110,1.98190,-0.1894,-0.1894
2022-03-31,23.29600,8.20300,15.09300,1.26600,14.71500,,15.98100,-0.88800,-0.38600,-1.27400,0.10400,-1.37800,-1.37800,-1.37800,0.16500,-0.88800,17.31800,17.31800,-0.08000,-0.08000,1.48040,0.26290,0.35660,64.78800,-3.81180,-3.81180,-5.46880,-5.91520,0.19270,0.50830,0.74710,120.47000,-3.32550,-12.54900,-1.13980,-2.45130,2.39280,0.05100,0.05100
2021-12-31,17.51700,9.52500,7.99200,1.99200,15.05700,,17.04900,-9.05700,-4.35900,-13.41600,8.33500,-21.75100,-21.75100,-21.75100,-6.62000,-9.05700,10.19000,10.19000,-1.89000,-1.88000,1.63700,,0.01930,45.62430,-51.70410,-51.70410,-76.58850,-124.17080,0.18010,0.96580,0.75790,118.74640,-51.73510,-73.75470,-22.35830,-51.73510,2.42800,-0.3259,-0.3259
2021-09-30,19.61000,11.16700,8.44300,0.79400,10.75500,-9.54000,21.08900,-12.64600,-1.37500,-14.02100,-3.37500,-10.64600,-10.64600,-10.64600,-11.58800,-12.64600,9.16130,9.16130,-1.16000,-1.16000,1.11720,4.58840,-1.27870,43.05460,-64.48750,-64.48750,-71.49920,-54.28860,0.22020,0.96150,0.61790,145.66140,90.92150,43.01070,-11.95390,-326.26410,-1.27810,0.7753,0.7753
2021-06-30,15.28800,7.48400,7.80400,13.77200,7.79500,,21.56700,-13.76300,-1.52400,-15.28700,-3.42200,-11.86500,-11.86500,-11.86500,-12.73100,-13.76300,9.16100,9.16100,-1.30000,-1.30000,,,,51.04660,-90.02490,-90.02490,-99.99350,-77.60990,,,,,,,,,,-0.7883,-0.7883
2021-03-31,10.71900,3.90800,6.81100,0.00000,6.22600,,6.22600,0.58500,-0.22100,0.36400,0.09600,0.26800,0.26800,0.26800,1.19000,0.58500,9.15800,10.89700,0.03000,0.02000,,,,63.54140,5.45760,5.45760,3.39580,2.50020,,,,,,,,,,0.12490,0.12490
2020-12-31,,,,,,,,,,,,,,,,,,,,0.00000,,,,,,,,,,,,,,,,,,-0.0072,-0.0072
2020-09-30,9.44700,3.37900,6.06800,,5.82900,,5.82900,0.23900,-0.18700,0.05200,0.02300,0.02900,0.02900,0.02900,0.23900,0.23900,9.13330,10.80050,0.00000,0.00000,,,,64.23200,2.52990,2.52990,0.55040,0.30700,,,,,,,,,,0.0072,0.0072
2019-12-31,,,,,,,,,,,,,,,,,,,,0.00000,,,,,,,,,,,,,,,,,,0,0
