Date,revenue,cost-goods-sold,gross-profit,selling-general-administrative-expenses,operating-expenses,operating-income,total-non-operating-income-expense,pre-tax-income,total-provision-income-taxes,income-after-taxes,income-from-continuous-operations,net-income,ebitda,ebit,basic-shares-outstanding,shares-outstanding,eps-basic-net-earnings-per-share,eps-earnings-per-share-diluted,current-ratio,debt-equity-ratio,gross-margin,operating-margin,ebit-margin,pre-tax-profit-margin,net-profit-margin,asset-turnover,inventory-turnover,receiveable-turnover,days-sales-in-receivables,roe,return-on-tangible-equity,roa,roi,book-value-per-share,operating-cash-flow-per-share,free-cash-flow-per-share
2024-03-31,827.80000,678.64000,149.16000,81.79300,81.79300,67.36700,3.45700,70.82400,15.14100,55.68300,55.68300,51.11900,71.40000,67.36700,93.32600,99.93600,0.55000,0.55000,1.46730,1.03130,18.01880,8.13810,8.13810,8.55570,6.17530,0.30470,0.39150,29.34110,3.06740,5.71690,8.32410,2.04950,5.71690,10.40090,-2.47690,-2.49720
2023-12-31,1137.99700,902.32790,235.66890,94.36200,94.36200,141.30690,-5.87500,135.43200,30.48300,104.94900,104.94900,98.57500,145.78190,141.30700,93.06700,106.02800,1.05000,0.94000,1.53550,0.87910,20.70910,12.41720,12.41720,11.90090,8.66210,0.44410,0.62650,36.85940,2.44170,11.19280,13.71090,4.09570,11.19280,10.07060,2.0131,2.0077
2023-09-30,895.83000,709.28600,186.54400,79.96300,79.96300,106.58100,-2.82300,103.75800,24.15800,79.60000,79.60000,73.17400,108.80900,106.58100,93.10800,102.05200,0.79000,0.75000,1.51060,0.86110,20.82360,11.89750,11.89750,11.58230,8.16830,0.37580,0.48120,26.88970,3.34700,9.50370,9.78050,3.33890,8.07240,10.59060,0.8736,0.8653
2023-06-30,945.33900,762.85500,182.48400,73.70900,73.70900,108.77500,-12.92700,95.84800,24.20600,71.64200,71.64200,65.16900,115.54300,108.77500,93.10800,105.44000,0.70000,0.65000,1.47740,0.95240,19.30360,11.50650,11.50650,10.13900,6.89370,0.41310,0.53830,30.07470,2.99250,9.38950,9.58710,3.13090,7.79160,9.87540,0.9699,0.9544
2023-03-31,769.42000,637.34400,132.07600,60.76100,60.76100,71.31500,-1.92800,69.38700,17.63600,51.75100,51.75100,45.50000,75.74000,71.31500,92.94000,108.82200,0.49000,0.45000,1.39080,1.07700,17.16570,9.26870,9.26870,9.01810,5.91350,0.33330,0.44420,22.92400,3.92600,7.45460,7.62990,2.24150,6.08500,9.14470,-0.32700,-0.33950
2022-12-31,1099.46600,909.39290,190.07320,74.47600,74.47610,115.59700,5.66000,121.25700,31.28300,89.97400,89.97400,82.66700,120.52800,115.59700,92.74600,106.69100,0.89000,0.79000,1.33340,1.23760,17.28780,10.51390,10.51390,11.02870,7.51880,0.46370,0.65980,25.28090,3.56000,13.95710,14.31600,3.79460,11.23700,8.63190,2.3305,2.3186
2022-09-30,785.66900,638.45600,147.21300,68.83900,68.83900,78.37400,3.61500,81.98900,10.37100,71.61800,71.61800,65.98100,81.95500,78.37400,92.76000,108.28600,0.71000,0.64000,1.27560,1.36300,18.73730,9.97550,9.97550,10.43560,8.39810,0.34350,0.42200,20.71420,4.34480,12.77660,13.30930,3.13120,9.99730,7.72290,-0.5261,-0.5468
2022-06-30,793.13400,635.42200,157.71200,66.01500,66.01500,91.69700,-1.99900,89.69800,23.32700,66.37100,66.37100,59.00800,96.46100,91.69700,92.75900,104.56600,0.64000,0.60000,1.23090,1.35450,19.88470,11.56140,11.56140,11.30930,7.43990,0.37540,0.46860,26.19330,3.43600,13.50280,14.17750,3.14140,10.25580,6.97670,-0.8682,-0.877
2022-03-31,664.06600,538.86800,125.19800,61.71000,61.71000,63.48800,-0.27600,63.21200,16.87800,46.33400,46.33400,40.14400,67.30300,63.48800,92.75900,102.49700,0.43000,0.42000,1.21860,1.29530,18.85330,9.56050,9.56050,9.51890,6.04520,0.33330,0.43740,19.80280,4.54480,10.52150,11.14460,2.32550,7.77690,6.43950,-1.19510,-1.20430
2021-12-31,852.09000,712.31910,139.77090,61.04600,61.04610,78.72490,-3.30500,75.42000,14.04900,61.37100,61.37100,53.69600,81.78990,78.72500,92.52100,95.31400,0.58000,0.58000,1.21300,1.37190,16.40330,9.23900,9.23900,8.85120,6.30170,0.44980,0.66780,25.44920,3.53650,15.29830,16.35180,3.23990,11.03040,6.01360,1.9598,1.9495
2021-09-30,362.98400,303.38700,59.59700,33.90700,33.90700,25.69000,1.98900,27.67900,4.11100,23.56800,23.56800,18.94200,27.42500,25.69000,92.52100,92.69500,0.20000,0.20000,1.53180,0.88850,16.41860,7.07740,7.07740,7.62540,5.21840,0.29450,0.45520,11.39810,7.89600,6.83110,5.04080,1.91210,4.71450,5.40310,-0.2699,-0.2746
2021-06-30,365.27600,303.58900,61.68700,30.13700,30.13700,31.55000,4.98800,36.53800,4.47900,32.05900,32.05900,28.38500,33.95700,31.55000,92.52100,92.67100,0.31000,0.31000,1.39800,1.12120,16.88780,8.63730,8.63730,10.00290,7.77080,0.39180,0.48110,7.15930,12.57110,9.93460,10.79860,3.43880,9.73250,3.56030,-0.766,-0.7707
2021-03-31,343.56000,291.03700,52.52300,29.31500,29.31500,23.20800,-0.79600,22.41200,4.81600,17.59600,17.59600,16.50900,25.85200,23.20800,92.52100,92.59700,0.18000,0.18000,1.29530,1.07990,15.28790,6.75520,6.75520,6.52350,4.80530,0.39640,0.52880,,,5.99150,6.57770,2.03020,5.86140,3.24470,-0.24220,-0.24630
2020-12-31,461.10100,387.24400,73.85700,35.92100,35.92100,37.93600,2.24000,40.17400,0.00000,40.17400,40.17400,38.22800,41.35090,37.93600,,,,0.00000,1.26670,1.50870,16.01710,8.22730,8.22730,8.71260,8.29060,0.62850,0.79950,27.50260,3.27240,25.68920,22.22050,5.47570,18.94790,,0,0
2020-09-30,284.16680,240.70110,43.46580,19.85680,19.85680,23.60890,0.46890,24.07780,,24.07780,24.07780,22.56110,25.75550,23.60890,,,,0.00000,,,15.29590,8.30810,8.30810,8.47310,7.93940,,,,,,,,,,0,0
2020-06-30,199.80110,171.23660,28.56450,17.06230,17.06230,11.50220,0.98840,12.49100,,12.49100,12.49100,11.72410,14.05840,11.50220,,,,0.00000,,,14.29650,5.75680,5.75680,6.25170,5.86790,,,,,,,,,,0,0
2020-03-31,188.73840,163.74570,24.99280,17.51880,17.51880,7.47400,0.29650,7.77050,,7.77050,7.77050,6.58000,9.30040,7.47400,,,,0.00000,,,13.24200,3.96000,3.96000,4.11710,3.48630,,,,,,,,,,0.00000,
2019-12-31,,,,,,,,,,,,,,,,,,0.00000,,,,,,,,,,,,,,,,,0,0
2018-12-31,,,,,,,,,,,,,,,,,,0.00000,,,,,,,,,,,,,,,,,0,0
