Date,revenue,cost-goods-sold,gross-profit,research-development-expenses,selling-general-administrative-expenses,other-operating-income-expenses,operating-expenses,operating-income,total-non-operating-income-expense,pre-tax-income,total-provision-income-taxes,income-after-taxes,income-from-continuous-operations,income-from-discontinued-operations,net-income,ebitda,ebit,basic-shares-outstanding,shares-outstanding,eps-basic-net-earnings-per-share,eps-earnings-per-share-diluted,current-ratio,long-term-debt-capital,debt-equity-ratio,gross-margin,operating-margin,ebit-margin,pre-tax-profit-margin,net-profit-margin,asset-turnover,receiveable-turnover,days-sales-in-receivables,roe,return-on-tangible-equity,roa,roi,book-value-per-share,operating-cash-flow-per-share,free-cash-flow-per-share
2023-12-31,37.28700,4.94800,32.33900,4.49300,20.00400,,28.83600,3.50300,-0.79200,2.71100,0.56300,2.14800,2.14800,,2.14800,7.87800,3.50300,43.57100,44.49600,0.05290,0.05290,0.44850,0.26110,0.35340,86.73000,9.39470,9.39470,7.27060,5.76070,0.16560,1.66120,54.17810,1.99740,-4.84240,0.95380,1.47590,2.29420,0.1701,0.0531
2023-09-30,37.43300,4.97100,32.46200,4.43200,21.24600,,30.22100,2.24100,-0.47200,1.76900,0.75900,1.01000,1.01000,,1.01000,6.51900,2.24100,43.40500,44.32400,0.02000,0.02000,0.41610,0.27950,0.38800,86.72030,5.98670,5.98670,4.72580,2.69820,0.17040,2.01350,44.69830,0.97970,-2.06920,0.45960,0.70590,2.20800,0.1238,-0.0022
2023-06-30,38.53800,4.95600,33.58200,4.15800,23.17600,,33.61100,-0.02900,-0.77500,-0.80400,-0.67700,-0.12700,-0.12700,,-0.12700,4.16900,-0.02900,43.46000,43.46000,-0.00290,-0.00290,0.39550,0.29970,0.42800,87.14000,-0.07530,-0.07530,-2.08630,-0.32950,0.17230,1.90910,47.14390,-0.12640,0.24700,-0.05680,-0.08850,2.13320,0.1856,0.0803
2023-03-31,38.62000,4.91200,33.70800,4.69400,24.26800,,33.13500,0.57300,-0.62700,-0.05400,-0.51400,0.46000,0.46000,,0.46000,4.78200,0.57300,43.88600,45.24000,0.01000,0.01000,0.48280,0.31240,0.45430,87.28120,1.48370,1.48370,-0.13980,1.19110,0.16570,1.54600,58.21340,0.45430,-0.90820,0.19740,0.31240,2.10430,0.00020,-0.10660
2022-12-31,39.76200,4.76600,34.99600,4.69200,24.66300,,32.18700,2.80900,-0.10000,2.70900,0.35800,2.35100,2.35100,,2.35100,7.73800,2.80900,44.27400,46.53300,0.05000,0.05000,0.37520,0.22020,0.28240,88.01370,7.06450,7.06450,6.81300,5.91270,0.17540,1.94020,46.38750,2.21290,-5.14880,1.03700,1.72560,2.24290,0.1252,0.042
2022-09-30,38.52700,4.56100,33.96600,4.68000,23.66000,,32.74800,1.21800,-2.15600,-0.93800,-0.01200,-0.92600,-0.92600,,-0.92600,5.66300,1.21800,44.19000,44.19000,-0.02000,-0.02000,0.36020,0.22170,0.28480,88.16150,3.16140,3.16140,-2.43470,-2.40350,0.17290,2.04270,44.05980,-0.87910,1.98860,-0.41560,-0.68420,2.19430,0.2351,0.1136
2022-06-30,37.05700,4.18100,32.87600,4.36000,23.38300,,31.97100,0.90500,0.38300,1.28800,-0.16200,1.45000,1.45000,,1.45000,5.16900,0.90500,44.68200,46.96100,0.03000,0.03000,0.37720,0.21720,0.27750,88.71740,2.44220,2.44220,3.47570,3.91290,0.16380,2.02030,44.54710,1.34130,-3.31090,0.64100,1.04990,2.22780,0.2187,0.1238
2022-03-31,34.33400,4.09900,30.23500,3.94200,21.70700,,29.60700,0.62800,-0.09000,0.53800,-0.76300,1.30100,1.30100,,1.30100,4.62300,0.62800,44.70200,47.17000,0.03000,0.03000,0.43450,0.23240,0.30280,88.06140,1.82910,1.82910,1.56700,3.78920,0.15030,1.54620,58.20620,1.20230,-2.97750,0.56960,0.92290,2.19880,0.19540,0.10870
2021-12-31,33.74800,4.00200,29.74600,4.85200,20.42100,,29.58700,0.15900,-0.04500,0.11400,-0.11800,0.23200,0.23200,0.00000,0.23200,4.51000,0.15900,46.33300,46.33300,-0.01000,0.00000,0.38540,0.16340,0.19530,88.14150,0.47120,0.47120,0.33780,0.68740,0.15230,1.80100,49.97360,0.19940,-0.65280,0.10470,0.16680,2.38660,0.0575,-0.0175
2021-09-30,30.75800,3.79100,26.96700,4.05600,18.84800,-1.91900,29.18200,-2.21500,-0.79100,-3.00600,-0.57200,-2.43400,-2.43400,,-2.43400,2.18000,-2.21500,45.80700,45.80700,-0.05000,-0.05000,0.38680,0.12830,0.14720,87.67480,-7.20140,-7.20140,-9.77310,-7.91340,0.14030,1.99200,45.18140,-2.02560,7.66830,-1.11050,-1.76570,2.40950,0.1508,0.0614
2021-06-30,28.72100,3.59300,25.12800,3.51000,17.09000,,24.64000,0.48800,-0.76100,-0.27300,-0.06100,-0.21200,-0.21200,-29.99900,-30.21100,4.87400,0.48800,47.22700,47.22700,-0.64000,-0.64000,0.46720,0.10940,0.12280,87.49000,1.69910,1.69910,-0.95050,-105.18780,0.12880,2.09230,43.01490,-0.16630,0.86880,-0.09510,-0.14810,2.47860,0.2764,0.2082
2021-03-31,26.67600,3.70200,22.97400,3.60200,15.92500,,23.15800,-0.18400,2.31800,2.13400,0.12200,2.01200,2.01200,0.65900,2.67100,3.94900,-0.18400,46.99300,48.60600,0.06000,0.05000,0.54860,0.13160,0.15160,86.12240,-0.68980,-0.68980,7.99970,10.01270,0.10870,1.10050,81.78140,1.55450,-7.17190,0.82020,1.34990,2.48140,0.13220,0.05600
2020-12-31,19.78900,3.06200,16.72700,3.62400,11.37700,,17.04400,-0.31700,-0.21400,-0.53100,-0.51500,-0.01600,-0.01600,2.01100,1.99500,2.66000,-0.31700,48.27800,48.27800,0.04000,0.04000,0.51210,0.13310,0.15350,84.52680,-1.60190,-1.60190,-2.68330,10.08140,0.08210,1.18730,75.80120,-0.01250,0.06580,-0.00660,-0.01090,2.49060,0.0858,0.0136
2020-09-30,27.14900,3.54900,23.60000,3.69700,15.38400,-8.00000,52.07800,-28.47800,-0.27300,-28.75100,-1.75800,-26.99300,-26.99300,-0.32900,-27.32200,-2.00900,-28.47800,47.95500,47.95500,-0.57000,-0.57000,0.80460,0.22610,0.29210,86.92770,-104.89520,-104.89520,-105.90080,-100.63720,0.10720,1.41450,63.62560,-21.57420,90.53500,-10.66310,-16.69710,2.37440,0.0996,0.0073
2020-06-30,27.59600,3.49900,24.09700,3.40100,16.46800,,22.44200,1.65500,-0.16100,1.49400,0.33200,1.16200,1.16200,0.70000,1.86200,4.71100,1.65500,48.42700,49.69100,0.04000,0.04000,0.77980,0.19650,0.24460,87.32060,5.99720,5.99720,5.41380,6.74740,0.09780,1.36270,66.04540,0.77850,-3.35670,0.41170,0.62550,2.81980,0.1419,0.0601
2020-03-31,36.63300,4.17600,32.45700,4.16500,23.08900,-7.20000,37.70700,-5.25000,-2.18500,-7.43500,-0.88500,-6.55000,-6.55000,,-6.55000,-1.96000,-5.25000,49.13400,49.13400,-0.13000,-0.13000,0.79910,0.19600,0.24380,88.60050,-14.33130,-14.33130,-20.29590,-17.88010,0.12730,1.46220,61.55270,-4.37840,18.98220,-2.27650,-3.52020,2.76640,0.05970,-0.02760
2019-12-31,5.61700,1.54200,4.07500,1.99500,3.64100,0.28600,6.57700,-2.50200,-0.19100,-2.69300,-0.29400,-2.39900,-2.39900,,3.52100,0.07700,-2.50200,48.73900,51.63300,0.08000,0.07000,0.44630,0.05530,0.05850,72.54760,-44.54310,-44.54310,-47.94370,62.68460,0.02020,0.23890,376.71120,-1.48830,7.08420,-0.86200,-1.40600,2.98960,0.0798,0.0034
2019-09-30,37.17600,4.25000,32.92600,4.12100,21.11700,,27.65300,5.27300,-0.18800,5.08500,0.70400,4.38100,4.38100,,4.38100,7.72400,5.27300,48.97400,52.13700,0.09000,0.08000,0.33800,0.04600,0.04830,88.56790,14.18390,14.18390,13.67820,11.78450,0.14370,2.27100,39.63040,2.85810,-11.63180,1.69360,2.72650,2.83610,0.0871,0.0099
2019-06-30,37.35900,3.91600,33.44300,4.39100,21.56400,-1.36200,29.67800,3.76500,-0.21900,3.54600,0.48500,3.06100,3.06100,,3.06100,6.16300,3.76500,48.91800,51.87500,0.06000,0.06000,0.38300,0.05830,0.06190,89.51790,10.07790,10.07790,9.49170,8.19350,0.13970,1.90710,47.19100,2.02310,-7.37250,1.14500,1.90520,2.74460,0.2128,0.1522
2019-03-31,37.12000,3.82500,33.29500,4.19600,22.20700,-0.87500,29.70300,3.59200,-0.10500,3.48700,1.89900,1.58800,1.58800,,1.58800,6.05400,3.59200,48.10300,50.33000,0.03000,0.03000,0.44900,0.09890,0.10970,89.69560,9.67670,9.67670,9.39390,4.27800,0.13470,1.43770,62.60000,1.06710,-3.48500,0.57620,0.96160,2.70840,0.06430,0.00370
2018-12-31,37.98700,4.01400,33.97300,4.40100,22.67000,-2.47100,31.66700,2.30600,-0.67800,1.62800,-1.31800,2.94600,2.94600,,2.94600,4.62700,2.30600,48.52000,49.60500,0.06420,0.05420,0.48020,0.10630,0.11890,89.43330,6.07050,6.07050,4.28570,7.75530,0.14700,1.51630,59.35640,2.02680,-6.18660,1.14020,1.81130,2.72220,0.1282,0.0567
2018-09-30,38.91700,4.42400,34.49300,5.21900,22.81700,-2.45000,33.02600,1.46700,-0.34400,1.12300,0.19300,0.93000,0.93000,,0.93000,4.05600,1.46700,48.78000,50.39000,0.02000,0.02000,0.44450,0.10340,0.11530,88.63220,3.76960,3.76960,2.88560,2.38970,0.15480,1.82160,49.40670,0.64610,-1.84480,0.36990,0.57930,2.70620,0.0022,-0.042
2018-06-30,41.59500,4.74900,36.84600,5.12900,25.17400,-2.95700,35.77600,1.07000,-0.51300,0.55700,0.76200,-0.20500,-0.20500,,-0.20500,3.63400,1.07000,48.72200,48.72200,-0.00420,-0.00420,0.49560,0.11520,0.13020,88.58280,2.57240,2.57240,1.33910,-0.49280,0.15900,1.71680,52.42270,-0.14390,0.38880,-0.07840,-0.12730,2.65050,0.029,-0.0206
2018-03-31,43.07100,5.15700,37.91400,5.46300,26.64900,3.62800,31.06500,6.84900,-0.55500,6.29400,2.79100,3.50300,3.50300,,3.50300,9.47900,6.84900,48.25800,48.97400,0.07000,0.07000,0.52870,0.20530,0.25830,88.02670,15.90170,15.90170,14.61310,8.13310,0.14600,1.50240,59.90390,2.41330,-4.76730,1.18740,1.91790,2.80710,0.14130,0.10400
2017-12-31,50.93600,7.29300,43.64300,5.75400,30.84000,7.48200,31.61300,12.03000,-0.68100,11.34900,-0.40900,11.75800,11.75800,,11.75800,14.57900,12.03000,47.90800,48.23000,0.24000,0.24000,0.54730,0.23810,0.31250,85.68200,23.61790,23.61790,22.28090,23.08390,0.17220,1.23080,73.12590,8.86450,-14.01650,3.97610,6.75390,2.62760,0.153,0.0884
2017-09-30,52.42400,7.61600,44.80800,6.42300,29.44200,-3.27500,42.27000,2.53800,-1.17600,1.36200,0.30400,1.05800,1.05800,,1.05800,6.14800,2.53800,48.02100,48.50200,0.02000,0.02000,0.59650,0.36630,0.57810,85.47230,4.84130,4.84130,2.59800,2.01820,0.17130,1.48560,60.57970,0.89420,-1.00030,0.34570,0.56660,2.35380,0.0691,0.0198
2017-06-30,52.40000,7.66800,44.73200,6.35600,29.79700,-1.18700,40.73000,4.00200,-0.80500,3.19700,1.37500,1.82200,1.82200,,1.82200,7.47300,4.00200,47.95300,48.26800,0.04000,0.04000,0.56560,0.38060,0.61440,85.36640,7.63740,7.63740,6.10110,3.47710,0.17150,1.58440,56.80310,1.60100,-1.67180,0.59620,0.99170,2.25730,0.1897,0.1166
2017-03-31,52.19000,7.39700,44.79300,6.45100,31.17800,,40.49800,4.29500,-0.80600,3.48900,2.14900,1.34000,1.34000,,1.34000,7.24500,4.29500,47.59600,48.13600,0.03000,0.03000,0.60990,0.41650,0.71380,85.82680,8.22960,8.22960,6.68520,2.56750,0.16810,1.33560,67.38360,1.24480,-1.18250,0.43160,0.72630,2.12740,0.30160,0.21450
2016-12-31,54.93800,7.56900,47.36900,6.39100,29.74000,0.00000,39.02200,8.34700,-0.88400,7.46300,1.98500,5.47800,5.47800,,5.47800,11.31900,8.34700,48.31900,48.31900,0.12000,0.12000,0.64800,0.44930,0.81590,86.22260,15.19350,15.19350,13.58440,9.97120,0.17720,1.25200,71.88300,5.27320,-4.68280,1.76660,2.90390,2.09480,0.1556,0.0908
2016-09-30,56.07300,7.94300,48.13000,6.01800,29.52600,-9.25200,64.21300,-16.08300,-0.90200,-16.98500,-0.14400,-16.84100,-16.84100,,-16.84100,3.41500,-16.08300,47.71900,47.71900,-0.35000,-0.35000,0.69200,0.46980,0.88610,85.83450,-28.68230,-28.68230,-30.29090,-30.03410,0.17870,1.41900,63.42680,-16.45660,13.79100,-5.36710,-8.72520,2.04080,0.2698,0.2042
2016-06-30,57.67300,8.07900,49.59400,6.24500,30.15400,-0.07700,41.10900,8.48500,-0.83700,7.64800,2.79400,4.85400,4.85400,,4.85400,13.19900,8.48500,48.60700,49.27900,0.10000,0.10000,0.69660,0.44760,0.81030,85.99170,14.71230,14.71230,13.26100,8.41640,0.16730,1.33630,67.35210,4.03010,-3.67270,1.40790,2.22620,2.39920,0.2533,0.1876
2016-03-31,58.28600,8.53500,49.75100,7.06000,31.71500,-3.27000,47.10900,2.64200,-0.88700,1.75500,0.64400,1.11100,1.11100,,1.11100,7.78700,2.64200,49.45100,50.46000,0.02000,0.02000,0.72740,0.43810,0.77980,85.35670,4.53280,4.53280,3.01100,1.90610,0.16310,1.27030,70.84690,0.87060,-0.84410,0.31090,0.48910,2.45130,0.25250,0.20650
2015-12-31,65.05900,9.89200,55.16700,7.78100,31.35100,,79.44600,-24.27900,-0.84000,-25.11900,3.13000,-28.24900,-28.24900,,-28.24900,16.12400,-24.27900,51.40200,51.40200,-0.55000,-0.53000,0.78110,0.41770,0.71740,84.79530,-37.31840,-37.31840,-38.60960,-43.42060,0.17630,1.37560,65.42740,-20.37980,22.54920,-7.65690,-11.86690,2.63410,0.2835,0.2353
2015-09-30,65.13800,9.76500,55.37300,7.93800,30.73700,,44.41500,10.95800,-0.82400,10.13400,3.62300,6.51100,6.51100,,6.51100,16.80200,10.95800,51.22800,52.23000,0.13000,0.12000,0.74750,0.35880,0.58460,85.00880,16.82280,16.82280,15.55770,9.99570,0.15950,1.56450,57.52630,3.74580,-4.99700,1.59460,2.40190,3.27030,0.2468,0.2115
2015-06-30,65.80200,9.86500,55.93700,7.05500,32.35600,,45.42100,10.51600,-0.81500,9.70100,4.02300,5.67800,5.67800,,5.67800,16.63100,10.51600,51.75300,52.96500,0.11000,0.11000,0.72170,0.36230,0.58940,85.00810,15.98130,15.98130,14.74270,8.62890,0.15830,1.59660,56.36870,3.21030,-4.19380,1.36580,2.04710,3.26950,0.3462,0.2987
2015-03-31,63.77000,9.62500,54.14500,7.08900,31.95000,,44.98500,9.16000,-0.83500,8.32500,3.23300,5.09200,5.09200,,5.09200,15.21000,9.16000,52.26700,54.29200,0.10000,0.09000,0.71730,0.36930,0.60350,84.90670,14.36410,14.36410,13.05470,7.98490,0.15420,1.34500,66.91640,2.93000,-3.71020,1.23120,1.84800,3.16210,0.35220,0.30660
2014-12-31,67.76600,9.40900,58.35700,6.83300,33.19500,-0.01900,46.04900,12.30800,-0.75100,11.55700,5.04100,6.51600,6.51600,,6.51600,18.39700,12.30800,52.32800,54.41000,0.13000,0.12000,0.70620,0.37790,0.62150,86.11550,18.16250,18.16250,17.05430,9.61540,0.15980,1.27810,70.41720,3.66480,-4.56290,1.53700,2.27990,3.28390,0.1402,0.1055
2014-09-30,67.61500,9.41800,58.19700,6.48700,31.50600,-0.04400,44.76500,13.43200,-0.91900,12.51300,3.02000,9.49300,9.49300,,9.49300,20.25300,13.43200,52.08900,54.10600,0.18000,0.18000,0.63360,0.39120,0.65710,86.07110,19.86540,19.86540,18.50630,14.03980,0.15860,1.56040,57.67770,5.51380,-6.04780,2.22700,3.35690,3.21260,0.2649,0.2308
2014-06-30,66.54400,9.53100,57.01300,6.36400,30.27700,-0.04500,44.02500,12.98800,-1.18400,11.80400,4.59600,7.20800,7.20800,,7.20800,20.41900,12.98800,52.27500,54.19000,0.14000,0.13000,0.54380,0.40490,0.69520,85.67720,19.51790,19.51790,17.73860,10.83190,0.15650,1.65380,54.41870,4.29230,-4.22580,1.69520,2.55440,3.12820,0.3986,0.3537
2014-03-31,60.69000,8.85400,51.83600,6.40300,30.38000,-0.04500,43.96000,7.87600,-0.90100,6.97500,2.58000,4.39500,4.39500,,4.39500,15.10100,7.87600,53.10500,55.37600,0.08000,0.08000,0.57100,0.41490,0.72410,85.41110,12.97740,12.97740,11.49280,7.24170,0.14100,1.35950,66.20020,2.62200,-2.55290,1.02130,1.53410,3.06140,0.21710,0.17070
2013-12-31,58.41800,6.57600,51.84200,6.18400,29.78200,-8.20700,58.30800,-6.46600,-1.07500,-7.54100,-1.68100,-5.86000,-5.86000,,-5.86000,7.75200,-6.46600,56.47300,59.47600,-0.09000,-0.10000,0.74490,0.40980,0.70910,88.74320,-11.06850,-11.06850,-12.90870,-10.03120,0.13890,1.45470,61.86980,-3.49200,3.97870,-1.39310,-2.06110,3.07160,0.1446,0.1042
2013-09-30,52.61600,6.09900,46.51700,5.59700,25.13500,-0.05000,35.00100,11.51600,-0.37300,11.14300,4.08500,7.05800,7.05800,,7.05800,15.79500,11.51600,56.60600,59.50500,0.12000,0.12000,0.77230,0.24200,0.31920,88.40850,21.88690,21.88690,21.17800,13.41420,0.14180,2.06190,43.64870,3.75480,-7.61130,1.90180,2.84630,3.29190,0.1158,0.0731
2013-06-30,52.01300,5.63600,46.37700,5.22300,24.98700,-0.04900,33.67600,12.70100,-0.09700,12.60400,4.63100,7.97300,7.97300,,7.97300,16.17800,12.70100,57.83300,60.91000,0.14000,0.13000,0.69070,0.11750,0.13310,89.16430,24.41890,24.41890,24.23240,15.32890,0.15300,2.35970,38.14010,4.08290,-12.71290,2.34510,3.60310,3.30290,0.2104,0.1649
2013-03-31,50.43500,5.11800,45.31700,5.43300,25.02400,-0.04700,33.86200,11.45500,-0.36600,11.08900,4.01400,7.07500,7.07500,,7.07500,14.87400,11.45500,57.52900,61.09700,0.12000,0.12000,0.76140,0.14980,0.17620,89.85230,22.71240,22.71240,21.98670,14.02800,0.14380,1.92270,46.80860,3.66640,-10.61550,2.01670,3.11720,3.22280,0.35920,0.31030
2012-12-31,52.73800,5.13200,47.60600,5.97500,23.64200,,32.99100,14.61500,-0.43400,14.18100,5.16800,9.01300,9.01300,,9.01300,17.22800,14.61500,61.19200,64.60400,0.16000,0.15000,0.80190,0.19440,0.24130,90.26890,27.71250,27.71250,26.88950,17.09010,0.14890,1.81670,49.54110,4.72780,-12.00760,2.54440,3.80880,3.23350,0.1411,0.1135
2012-09-30,48.03800,3.60300,44.43500,3.87400,22.93000,,29.72800,14.70700,-0.31100,14.39600,3.39500,11.00100,11.00100,,11.00100,17.69200,14.70700,59.90700,63.14300,0.18000,0.17000,0.90330,0.18060,0.22050,92.49970,30.61530,30.61530,29.96790,22.90060,0.14360,2.19760,40.95320,5.77500,-19.51850,3.28880,4.73170,3.17540,0.1869,0.1694
2012-06-30,48.45500,3.82500,44.63000,3.21400,22.76700,,28.95100,15.67900,-1.00800,14.67100,5.21700,9.45400,9.45400,,9.45400,19.50100,15.67900,62.64000,66.00400,0.15000,0.14000,0.91240,0.07040,0.07580,92.10610,32.35790,32.35790,30.27760,19.51090,0.15230,2.81390,31.98430,4.77600,-28.80560,2.97170,4.43960,3.15720,0.1713,0.1462
2012-03-31,46.13200,3.12700,43.00500,3.16200,22.85700,,29.11000,13.89500,-0.30500,13.59000,4.97100,8.61900,8.61900,,8.61900,17.10100,13.89500,64.11800,67.37100,0.13000,0.13000,0.98860,0.04550,0.06680,93.22160,30.12010,30.12010,29.45890,18.68330,0.13830,2.45640,36.63830,4.11060,-37.68860,2.58430,3.92350,3.24210,0.34680,0.32560
2011-12-31,47.35600,3.40800,43.94800,2.84600,20.44200,0.02900,27.24200,16.70600,-0.43100,16.27500,5.81500,10.46000,10.46000,,10.46000,20.80400,16.70600,65.80900,70.05300,0.16000,0.16000,0.99560,0.05000,0.07170,92.80340,35.27750,35.27750,34.36730,22.08800,0.14510,2.28950,39.30990,4.99960,-44.28450,3.20490,4.74990,3.21520,0.1294,0.0942
2011-09-30,46.80400,3.33300,43.47100,2.60200,20.97100,-1.17400,28.47200,14.99900,-0.29600,14.70300,5.39200,9.31100,9.31100,,9.31100,18.83800,14.99900,66.44700,70.15700,0.14000,0.13000,0.98450,0.05420,0.07640,92.87880,32.04640,32.04640,31.41400,19.89360,0.13740,2.79240,32.22990,4.44880,-34.86360,2.73350,4.20760,3.15230,0.2489,0.2227
2011-06-30,44.88100,3.59200,41.28900,2.37300,21.61100,-1.32700,28.81400,12.47500,-0.31100,12.16400,4.42200,7.74200,7.74200,,7.74200,16.09300,12.47500,66.21000,70.51700,0.12000,0.11000,0.95400,0.05890,0.08190,91.99660,27.79570,27.79570,27.10280,17.25010,0.13380,2.68410,33.53070,3.72920,-24.19450,2.30860,3.50940,3.09830,0.3312,0.2921
2011-03-31,40.08900,2.69100,37.39800,2.49500,19.89100,-0.65500,26.63100,10.76700,-0.42000,10.34700,3.76000,6.58700,6.58700,,6.58700,14.47400,10.76700,65.34200,70.09200,0.10000,0.09000,0.85510,0.07990,0.10720,93.28740,26.85770,26.85770,25.81010,16.43090,0.12410,1.81600,49.56070,3.36300,-14.26870,2.03840,3.09440,2.94660,0.21110,0.20060
2010-12-31,37.88900,2.60000,35.28900,2.13200,17.82500,-0.52800,24.43800,10.85100,-0.54900,10.30200,4.55800,5.74400,5.74400,,5.74400,14.91800,10.85100,62.66500,67.92600,0.09000,0.09000,0.87910,0.17190,0.23000,93.13780,28.63890,28.63890,27.19000,15.16010,0.11890,1.90020,47.36470,3.22290,-8.88080,1.80220,2.66880,2.74720,0.18,0.1624
2010-09-30,34.36000,2.68500,31.67500,1.99300,16.70900,0.18100,22.89800,8.77700,-2.07300,6.70400,0.53800,6.16600,6.16600,,6.16600,13.29900,8.77700,62.79900,67.56100,0.10000,0.09000,0.94920,0.24370,0.34660,92.18570,25.54420,25.54420,19.51110,17.94530,0.10920,2.29730,39.17720,3.74940,-7.48570,1.95910,2.83560,2.61240,0.1852,0.1719
2010-06-30,29.92100,2.18100,27.74000,1.43200,15.96800,-0.02400,21.27900,6.46100,-0.81000,5.65100,1.96300,3.68800,3.68800,,3.68800,10.52500,6.46100,62.66500,67.63000,0.06000,0.05000,1.00870,0.15770,0.19380,92.71080,21.59350,21.59350,18.88640,12.32580,0.11670,2.27240,39.60530,2.40650,-9.24220,1.43850,2.02690,2.43530,0.1545,0.1408
2010-03-31,26.82700,2.10700,24.72000,1.19000,14.41700,0.32400,18.65100,6.06900,-1.00800,5.06100,1.76000,3.30100,3.30100,,3.30100,9.64500,6.06900,62.36600,66.90000,0.05000,0.05000,1.13890,0.18560,0.23470,92.14600,22.62270,22.62270,18.86530,12.30480,0.10710,2.43090,37.02390,2.21320,-8.92960,1.31820,1.80230,2.37740,0.17320,0.14970
2009-12-31,26.68000,1.93100,24.74900,0.98000,13.06900,,17.51800,7.23100,-1.21400,6.01700,2.16200,3.85500,3.85500,,3.85500,10.90800,7.23100,62.26600,66.07400,0.07000,0.05000,1.39020,0.24910,0.33840,92.76240,27.10270,27.10270,22.55250,14.44900,0.10160,2.17940,41.29610,2.59390,-9.05910,1.46830,1.94780,2.37780,0.0959,0.0824
2009-09-30,26.73300,1.92900,24.80400,1.13000,12.98600,,18.87100,5.93300,-1.26700,4.66600,1.66400,3.00200,3.00200,,3.00200,10.89600,5.93300,62.30500,65.65900,0.05000,0.05000,1.29170,0.25570,0.35050,92.78420,22.19350,22.19350,17.45410,11.22960,0.10420,3.30240,27.25280,2.07920,-6.09150,1.17000,1.54760,2.31070,0.0837,0.0743
2009-06-30,27.00900,1.81100,25.19800,0.96100,13.61100,,19.52100,5.67700,-1.22700,4.45000,1.67400,2.77600,2.77600,,2.77600,10.83500,5.67700,62.22900,65.94100,0.04000,0.04000,1.08480,0.26090,0.36000,93.29480,21.01890,21.01890,16.47600,10.27810,0.10450,2.91200,30.90640,1.96350,-4.78430,1.07370,1.45130,2.26300,0.0617,0.0523
2009-03-31,29.56900,1.83000,27.73900,0.79500,14.43200,,20.03900,7.70000,-1.45200,6.24800,2.39000,3.85800,3.85800,,3.85800,12.72000,7.70000,62.21000,65.66000,0.06000,0.06000,1.16160,0.32220,0.48330,93.81110,26.04080,26.04080,21.13020,13.04750,0.11410,2.93170,30.69910,3.04650,-5.97230,1.48850,2.06490,2.03570,0.10380,0.09090
