Date,revenue,cost-goods-sold,gross-profit,selling-general-administrative-expenses,other-operating-income-expenses,operating-expenses,operating-income,total-non-operating-income-expense,pre-tax-income,total-provision-income-taxes,income-after-taxes,income-from-continuous-operations,income-from-discontinued-operations,net-income,ebitda,ebit,basic-shares-outstanding,shares-outstanding,eps-basic-net-earnings-per-share,eps-earnings-per-share-diluted,current-ratio,long-term-debt-capital,debt-equity-ratio,gross-margin,operating-margin,ebit-margin,pre-tax-profit-margin,net-profit-margin,asset-turnover,inventory-turnover,receiveable-turnover,days-sales-in-receivables,roe,return-on-tangible-equity,roa,roi,book-value-per-share,operating-cash-flow-per-share,free-cash-flow-per-share
2023-09-30,4748.40000,4423.50000,324.89940,72.00000,-20.60000,100.20100,224.69920,-57.10000,167.60000,31.50000,136.10000,136.10000,,128.70000,315.99920,224.69920,64.88950,65.46500,1.98000,1.97000,1.11010,0.69270,2.28000,6.84230,4.73210,4.73210,3.52960,2.71040,0.60340,3.75130,4.06920,22.11710,11.76320,121.19320,1.72960,3.61440,17.89190,6.6433,5.7054
2023-06-30,4195.60000,4037.90000,157.70000,75.80000,-25.00000,107.60000,50.10010,-55.40000,-5.30000,-3.80000,-1.50000,-1.50000,,-8.30000,139.50010,50.10010,65.77360,65.77360,-0.13000,-0.13000,1.09660,0.72210,2.64460,3.75870,1.19410,1.19410,-0.12630,-0.19780,0.54000,3.16350,4.18100,21.52610,-0.14110,-11.11120,-0.01930,-0.03920,16.20890,1.5881,0.5147
2023-03-31,3924.30000,3687.20000,237.09990,71.50000,-16.20000,94.30000,142.79980,-54.80000,88.00000,15.80000,72.20000,72.20000,,64.30000,226.19980,142.79980,66.95200,67.36940,0.96000,0.95000,1.11050,0.70800,2.46820,6.04180,3.63890,3.63890,2.24240,1.63850,0.50400,2.80460,4.62880,19.44350,6.42180,103.58630,0.92720,1.87540,16.78210,5.86470,2.72820
2022-12-31,4479.20100,4441.70100,37.50000,117.00000,-18.00000,141.00000,-103.50050,-49.80000,-153.30000,-43.60000,-109.70000,-109.70000,,-118.70000,-25.70050,-103.50000,70.78950,71.51640,-1.68000,-1.65000,1.20430,0.73580,2.85530,0.83720,-2.31070,-2.31070,-3.42250,-2.65000,0.54670,2.92510,3.62860,24.80260,-10.25710,-1142.71100,-1.33900,-2.70950,15.97840,-4.1235,-5.7666
2022-09-30,5324.90000,5183.80000,141.10010,59.30000,-22.40000,88.09900,53.00050,-32.20000,20.80000,4.00000,16.80000,16.80000,,7.40000,125.90050,53.00050,70.47160,71.10940,0.11000,0.10000,1.05230,0.67550,2.13060,2.64980,0.99530,0.99530,0.39060,0.13900,0.63420,3.17210,5.14230,17.50170,1.30940,7.68530,0.20010,0.42490,18.41990,1.8966,0.5554
2022-06-30,5982.60000,5338.10000,644.50000,122.30000,-23.70000,151.20000,493.29980,-24.30000,469.00000,100.40000,368.60000,368.60000,,361.80000,561.29980,493.29980,70.80550,71.68000,5.11000,5.05000,1.07760,0.67250,2.10680,10.77290,8.24560,8.24560,7.83940,6.04750,0.67030,2.95590,4.53430,19.84860,27.56090,135.71460,4.13020,9.02750,18.82730,7.8099,6.8437
2022-03-31,4459.10000,4357.60000,101.50000,50.20000,1.00000,54.80000,46.69970,-28.80000,17.90000,3.10000,14.80000,14.80000,,6.60000,114.99970,46.69970,73.23630,73.64930,0.09000,0.09000,0.97410,0.68610,2.27020,2.27620,1.04730,1.04730,0.40140,0.14800,0.56110,2.68290,3.17370,28.35770,1.51840,10.45200,0.18620,0.47660,13.77770,0.36390,-0.02310
2021-12-31,3108.00000,3032.60000,75.40020,65.00000,22.40000,50.40000,25.00070,-33.10000,-8.10000,-3.00000,-5.10000,-5.10000,,-13.40000,94.00070,25.00070,73.98410,73.98410,-0.17000,-0.17000,0.96580,0.67700,2.18740,2.42600,0.80440,0.80440,-0.26060,-0.43110,0.45620,2.40550,4.00210,22.48840,-0.50300,-2.80840,-0.07490,-0.16240,13.66630,2.1982,1.3895
2021-09-30,2956.50000,2836.00000,120.50000,53.00000,-24.40000,82.60000,37.90020,-12.80000,25.10000,4.50000,20.60000,20.60000,,11.80000,98.70020,37.90020,74.07450,74.49220,0.16000,0.16000,1.08350,0.68830,2.27310,4.07580,1.28190,1.28190,0.84900,0.39910,0.43690,2.59470,2.93270,30.68800,2.10720,14.35540,0.30440,0.65680,13.18870,0.9966,0.6108
2021-06-30,2191.50000,2151.90000,39.60010,53.50000,-30.50000,89.80000,-50.20000,-33.10000,-83.30000,-35.20000,-48.10000,-48.10000,,-56.70000,16.10010,-50.20000,73.91160,73.91160,-0.77000,-0.77000,1.06100,0.69770,2.35650,1.80700,-2.29070,-2.29070,-3.80110,-2.58730,0.32280,2.08680,2.65220,33.93430,-5.05040,-41.11120,-0.70860,-1.52680,12.85950,2.2899,1.2937
2021-03-31,2392.20000,2365.00000,27.20000,41.10000,-27.30000,74.60000,-47.40020,-23.60000,-71.00000,-8.30000,-62.70000,-62.70000,,-70.00000,21.09990,-47.40020,73.80380,73.80380,-0.95000,-0.95000,1.16200,0.69590,2.30130,1.13700,-1.98140,-1.98140,-2.96800,-2.92620,0.35470,2.28590,3.32160,27.09560,-6.09390,-32.60530,-0.92970,-1.85320,13.92760,-0.46470,-1.11650
2020-12-31,1882.20000,1990.20000,-108.00050,50.20000,-25.60000,210.40100,-318.40090,-29.00000,-347.40000,-59.00000,-288.40000,-288.40000,,-296.60010,-102.20090,-318.40060,73.59840,73.59840,-4.02000,-4.01000,1.20820,0.67290,2.08730,-5.73800,-16.91640,-16.91640,-18.45710,-15.75820,0.30680,2.73490,3.56540,25.24230,-25.63330,-100.27810,-4.70160,-8.38350,15.24920,1.5832,1.2036
2020-09-30,2062.90000,2051.00000,11.89990,57.00000,-24.30000,87.10000,-75.20020,-17.30000,-92.50000,-15.60000,-76.90000,-76.90000,,-88.10000,-10.00020,-75.20020,73.66930,73.66930,-1.20000,-1.20000,1.38600,0.63210,1.74190,0.57690,-3.64540,-3.64540,-4.48400,-4.27070,0.31620,3.05210,3.97710,22.62980,-5.41430,-16.87890,-1.17850,-1.99180,19.26460,-1.0624,-1.1634
2020-06-30,1535.50000,1434.80000,100.70000,61.70000,-10.20000,77.90000,22.80010,39.80000,62.60000,-35.90000,98.50000,98.50000,,87.70000,80.20000,22.80010,73.54760,74.02810,1.19000,1.18000,1.49300,0.60830,1.57440,6.55810,1.48490,1.48490,4.07680,5.71150,0.23850,2.19560,3.19630,28.15760,6.31690,16.59370,1.53010,2.47440,21.16980,-2.2662,-2.8711
2020-03-31,1821.20000,2086.80000,-265.59990,65.70000,-24.60000,95.90000,-361.50000,-28.60000,-390.10000,-83.10000,-307.00000,-307.00000,,-314.40000,-306.70000,-361.50000,73.43770,73.43770,-4.28000,-4.28000,1.20230,0.59460,1.48800,-14.58380,-19.84960,-19.84960,-21.41990,-17.26330,0.29890,4.41090,4.17710,21.54620,-20.60540,-58.73350,-5.03820,-8.35280,20.26690,-2.09840,-4.67060
2019-12-31,2283.70100,2132.80000,150.90040,77.40000,-22.70000,102.70000,48.20070,-28.30000,19.90000,-12.10000,32.00000,32.00000,6.00000,32.70000,88.70070,48.20000,75.85320,76.57410,0.49000,0.48000,1.25780,0.52530,1.12630,6.60770,2.11060,2.11060,0.87140,1.43190,0.32550,2.25290,2.88130,31.23610,1.74360,3.68110,0.45610,0.82770,24.98030,1.5885,0.1391
2019-09-30,2334.30000,2149.60000,184.70000,65.60000,-25.70000,97.30000,87.39990,-14.00000,73.40000,13.40000,60.00000,60.00000,,51.30000,139.69990,87.39990,75.02900,75.70200,0.68000,0.68000,1.28640,0.50950,1.07330,7.91240,3.74420,3.74420,3.14440,2.19770,0.34360,2.36580,2.79790,32.16680,3.21990,6.56530,0.88320,1.57940,25.08380,2.8772,1.3507
2019-06-30,2480.30000,2246.10000,234.20000,69.50000,-22.90000,99.90000,134.30000,-25.10000,109.20000,24.60000,84.60000,84.60000,-0.80000,77.30000,186.40010,134.30000,76.59900,77.28100,1.01000,1.00000,1.35390,0.49550,1.01620,9.44240,5.41470,5.41470,4.40270,3.11660,0.37730,2.51920,2.91250,30.90110,4.48520,9.03750,1.28700,2.26290,25.00100,1.3455,0.4057
2019-03-31,2199.90000,1879.60000,320.29980,62.20000,-28.20000,97.90000,222.39990,-22.20000,200.20000,45.80000,154.40000,154.40000,,149.30000,271.79990,222.39990,77.79330,78.44670,1.92000,1.90000,1.48350,0.47670,0.92760,14.55970,10.10960,10.10960,9.10040,6.78670,0.34530,2.07510,2.81970,31.91870,8.13270,16.32480,2.42320,4.25630,24.67090,1.70050,0.13260
2018-12-31,2474.10000,2203.00000,271.09990,71.50000,-5.70000,88.30000,182.80000,-25.60000,157.20000,29.60000,127.60000,127.60000,-0.20000,121.60000,237.30000,182.80000,82.79710,86.76840,1.50000,1.52000,1.45490,0.49200,0.98630,10.95750,7.38850,7.38850,6.35380,4.91490,0.42950,3.24970,4.80970,18.71230,7.05710,15.08450,2.21500,3.58490,23.18080,4.1973,3.1147
2018-09-30,2768.90000,2421.80000,347.10010,58.00000,-25.90000,91.90000,255.20020,-18.40000,236.80000,51.00000,185.80000,185.80000,0.50000,179.80000,306.70020,255.20020,83.57500,89.02100,2.16000,2.03000,1.42670,0.49100,0.98150,12.53570,9.21670,9.21670,8.55210,6.49360,0.44960,2.62130,3.74180,24.05290,9.79390,19.90360,3.01690,4.98510,23.09880,3.7716,2.8468
2018-06-30,2636.90000,2422.00000,214.90010,52.90000,-18.10000,79.80000,135.10010,-14.80000,120.30000,32.80000,87.50000,87.50000,-0.80000,79.10000,186.90010,135.10010,84.04100,90.24400,0.94000,0.89000,1.36450,0.51130,1.14790,8.14970,5.12340,5.12340,4.56220,2.99970,0.42450,2.74760,3.28750,27.37650,4.91770,10.73090,1.40860,2.40320,21.20060,0.807,0.0933
2018-03-31,2353.20000,2213.50000,139.70000,65.20000,-25.50000,100.90000,38.80010,-67.60000,-28.80000,-11.50000,-17.30000,-17.30000,-8.20000,-40.40000,88.60010,38.80010,82.25240,82.25240,-0.49000,-0.49000,1.33550,0.49670,1.09250,5.93660,1.64880,1.64880,-1.22390,-1.71680,0.38670,2.33990,3.65350,24.63410,-0.96420,-1.99420,-0.28430,-0.48530,21.36760,-2.31850,-3.18050
2017-12-31,2483.60000,2334.60100,148.99950,53.90000,-26.80000,36.59900,112.39990,-26.20000,86.20000,-140.70000,226.90000,226.90000,-1.80000,211.10000,162.69990,112.39980,71.56620,72.30310,3.17000,3.14000,0.97760,0.30830,0.74620,5.99930,4.52570,4.52570,3.47080,8.49980,0.41850,2.88790,4.26960,21.07950,11.55180,21.68180,3.82300,7.99060,24.31810,3.5306,2.4873
2017-09-30,2370.60000,2184.00000,186.60010,68.00000,-27.20000,102.00000,84.60010,167.40000,252.00000,133.50000,118.50000,118.50000,-4.10000,104.40000,133.50010,84.60010,80.58180,81.24540,1.30000,1.29000,1.08940,0.37650,0.80050,7.87140,3.56870,3.56870,10.63020,4.40390,0.42570,3.14920,4.78140,18.82310,6.64390,13.24020,2.12780,4.14280,23.38990,1.6469,0.8767
2017-06-30,1230.70000,1219.90000,10.79990,27.50000,-0.30000,57.30000,-46.50010,-12.70000,-59.20000,-27.00000,-32.20000,-32.20000,,-37.90000,-17.20010,-46.50010,62.05450,62.05450,-0.61000,-0.61000,1.49770,0.38840,0.71430,0.87750,-3.77830,-3.77830,-4.81030,-3.07950,0.42780,3.23240,4.27330,21.06120,-2.79660,-2.89520,-1.11940,-1.71050,18.52470,-0.0017,-0.2621
2017-03-31,1182.20000,1096.90000,85.30010,26.50000,,55.50000,29.80010,-9.50000,20.30000,5.00000,15.30000,15.30000,,11.20000,58.30010,29.80010,61.97810,62.58920,0.18000,0.18000,1.48800,0.38510,0.69760,7.21540,2.52070,2.52070,1.71710,0.94740,0.39970,2.76020,3.61200,24.91710,1.29400,1.33750,0.51720,0.79570,19.06210,-0.75410,-1.05770
2016-12-31,1084.60000,1171.60000,-86.99990,28.60000,-4.90000,-42.89900,-44.10060,-22.60000,-66.70000,-34.70000,-32.00000,-32.00000,80.80000,44.20000,-14.10060,-44.10070,61.92180,61.92180,0.70000,0.70000,1.49370,0.38760,0.70440,-8.02140,-4.06610,-4.06610,-6.14970,4.07520,0.36400,2.98570,4.07740,22.07270,-2.70610,-2.79820,-1.07390,-1.65720,19.08640,2.0402,1.7517
2016-09-30,1079.90000,1026.60000,53.30010,24.90000,-2.20000,56.10000,-2.79990,-264.20000,-267.00000,-103.30000,-163.70000,-163.70000,6.00000,-161.70000,27.60010,-2.79990,61.83500,61.83500,-2.61000,-2.61000,1.37830,0.39320,0.72140,4.93560,-0.25930,-0.25930,-24.72450,-14.97360,0.35760,2.73690,5.47620,16.43490,-14.26830,-14.77300,-5.42140,-8.65860,18.54280,-0.568,-0.7215
2016-06-30,1147.30000,1083.10000,64.20000,23.60000,,52.90000,11.29990,-23.70000,-12.40000,-9.90000,-2.50000,-2.50000,1.90000,-7.00000,41.89990,11.29990,61.82720,61.82720,-0.11000,-0.11000,1.21270,0.39260,0.71600,5.59570,0.98490,0.98490,-1.08080,-0.61010,0.34110,2.65600,4.60390,19.54850,-0.19010,-0.20610,-0.07430,-0.11550,21.26680,1.3757,1.276
2016-03-31,886.10000,884.80000,1.30000,29.00000,42.40000,14.90000,-13.60000,-31.50000,-45.10000,-23.60000,-21.50000,-21.50000,-2.40000,-29.20000,15.80000,-13.60000,62.13200,62.13200,-0.47000,-0.47000,1.21010,0.39170,0.73090,0.14670,-1.53480,-1.53480,-5.08970,-3.29530,0.26800,2.75040,4.14450,21.71540,-1.63350,-1.76970,-0.65030,-0.99360,21.23010,1.15720,0.95440
2015-12-31,644.80000,641.19970,3.60030,6.10000,0.60000,20.80010,-17.19970,-31.60000,-48.80000,-24.40000,-24.40000,-24.40000,-1.70000,-31.50000,13.80030,-17.19970,60.82000,61.32100,-0.49000,-0.48000,1.39180,0.34440,0.59470,0.55840,-2.66740,-2.66740,-7.56820,-4.88520,0.19390,2.36610,2.95920,30.41410,-1.80220,-1.85640,-0.73390,-1.18150,21.78900,-0.0776,-0.5545
2015-09-30,1293.50000,1224.30000,69.20000,27.50000,-0.20000,55.20000,14.00000,2.60000,16.60000,-0.50000,17.10000,17.10000,8.30000,18.70000,27.90000,14.00000,63.18940,63.65840,0.29000,0.29000,1.30810,0.37450,0.67180,5.34980,1.08230,1.08230,1.28330,1.44570,0.37670,3.18750,5.63370,15.97530,1.20450,1.29710,0.49800,0.75340,22.69090,1.8071,1.1603
2015-06-30,1693.10000,1544.20000,148.90000,34.30000,0.10000,69.10000,79.79990,-9.60000,70.20000,15.10000,55.10000,55.10000,,48.30000,115.89990,79.79990,60.55500,61.11400,0.80000,0.79000,1.33480,0.37420,0.66940,8.79450,4.71320,4.71320,4.14620,2.85280,0.47270,3.26120,5.96160,15.09660,3.79500,4.08090,1.53820,2.37490,22.87500,2.2794,1.5151
2015-03-31,1150.60000,1097.50000,53.10000,32.70000,,61.00000,-7.90000,-8.80000,-16.70000,-6.00000,-10.70000,-10.70000,,-16.10000,21.60000,-7.90000,57.29000,57.29000,-0.28000,-0.28000,1.45380,0.34730,0.58060,4.61500,-0.68660,-0.68660,-1.45140,-1.39930,0.39730,2.26480,6.02410,14.94000,-0.92150,-1.01030,-0.36940,-0.60150,20.24730,-1.07350,-2.24650
2014-12-31,456.60010,383.60030,72.99980,7.60000,,8.90040,64.09940,-2.60000,61.50000,16.90000,44.60000,44.60000,,37.50000,64.19940,64.09960,58.78100,59.35500,0.65000,0.64000,1.45610,0.30730,0.49010,15.98780,14.03840,14.03850,13.46910,8.21290,0.15810,0.81690,2.31780,38.83050,3.72160,4.04320,1.54390,2.57800,20.92470,1.4807,1.3187
2014-09-30,2322.20000,2136.10000,186.10010,36.00000,,65.20000,120.90010,-9.90000,111.00000,32.80000,78.20000,78.20000,,72.50000,150.60010,120.90010,58.74400,59.30300,1.23000,1.22000,1.41530,0.30350,0.48330,8.01400,5.20630,5.20630,4.78000,3.12200,0.75950,3.92670,7.16730,12.55710,6.36080,6.84100,2.55760,4.43010,21.08970,1.203,0.202
2014-06-30,2374.70000,2210.50000,164.20000,30.00000,,58.20000,106.00000,-10.20000,95.80000,32.60000,63.20000,63.20000,,54.90000,135.10000,106.00000,59.28300,59.87500,0.93000,0.92000,1.39500,0.32120,0.51410,6.91460,4.46370,4.46370,4.03420,2.31190,0.75160,3.54300,7.80890,11.52530,5.27240,5.68350,2.00030,3.57890,20.25240,1.8089,1.1591
2014-03-31,1865.70000,1741.80000,123.89990,31.60000,,56.20000,67.70000,-9.10000,58.60000,19.30000,39.30000,39.30000,,33.70000,93.00000,67.70000,59.24900,59.87800,0.57000,0.56000,1.27710,0.28180,0.42350,6.64090,3.62870,3.62870,3.14090,1.80630,0.63550,2.95570,6.27970,14.33190,3.39670,3.66840,1.33860,2.43950,19.50800,1.06380,-0.84510
2013-12-31,1937.70000,1871.40000,66.29980,26.50000,,53.70000,12.60010,-10.20000,2.40000,2.80000,-0.40000,-0.40000,,-4.70000,40.20010,12.59960,59.18700,60.04700,-0.07000,-0.07000,1.31200,0.25160,0.36620,3.42150,0.65030,0.65020,0.12390,-0.24260,0.68220,2.78360,7.73530,11.63490,-0.03570,-0.03890,-0.01410,-0.02670,18.91640,0.953,-0.5854
2013-09-30,2321.80000,2264.40000,57.39990,24.00000,0.10000,44.50000,12.89990,-9.40000,3.50000,0.50000,3.00000,3.00000,,-1.70000,34.29990,12.89990,59.09400,59.72700,-0.03000,-0.03000,1.30440,0.21650,0.32350,2.47220,0.55560,0.55560,0.15070,-0.07320,0.84480,3.65400,7.06360,12.74140,0.26300,0.28450,0.10920,0.20600,19.29080,-0.3333,-1.2309
2013-06-30,2187.40000,2061.40000,126.00000,28.10000,1.50000,48.20000,77.79980,-2.40000,75.40000,24.40000,51.00000,51.00000,,46.60000,99.49980,77.79980,58.92600,59.83100,0.79000,0.78000,1.32050,0.17270,0.25610,5.76030,3.55670,3.55670,3.44700,2.13040,0.81550,3.40170,7.16950,12.55330,4.43900,4.80360,1.90130,3.67220,19.45410,-0.4564,-1.061
2013-03-31,2259.90000,2070.90000,189.00000,32.60000,,54.60000,134.39990,-9.10000,125.30000,43.20000,82.10000,82.10000,,77.50000,157.99990,134.39990,59.57200,60.64600,1.30000,1.28000,1.33960,0.21040,0.31540,8.36320,5.94720,5.94720,5.54450,3.42940,0.83080,4.11790,6.85230,13.13420,7.38440,8.02150,3.01840,5.83100,18.89720,1.34390,0.88220
2012-12-31,2184.50000,2023.20000,161.30070,25.00000,,46.30000,115.00000,-9.70000,105.30000,37.80000,67.50000,67.50000,,64.30000,137.20000,114.99940,58.72000,59.64500,1.10000,1.06000,1.36090,0.22330,0.33600,7.38390,5.26440,5.26430,4.82030,2.94350,0.83260,4.23620,8.51330,10.57180,6.26160,6.82780,2.57270,4.86310,18.08120,3.2569,2.3806
2012-09-30,2237.60000,2037.70000,199.90000,23.00000,0.10000,43.50000,156.40010,-11.10000,145.30000,50.80000,94.50000,94.50000,,94.50000,178.30010,156.40010,58.97900,60.14700,1.60000,1.57000,1.22160,0.27290,0.43710,8.93370,6.98960,6.98960,6.49360,4.22330,0.98160,4.80930,7.85400,11.45920,11.08630,12.29830,4.14560,8.06040,14.32820,1.2848,0.8031
2012-06-30,2134.20000,1971.20000,163.00000,24.70000,,46.30000,116.70010,-12.30000,104.40000,36.60000,67.80000,67.80000,,67.80000,139.50010,116.70010,58.23900,59.17600,1.16000,1.15000,1.09670,0.29110,0.55850,7.63750,5.46810,5.46810,4.89180,3.17680,0.97540,5.41240,7.91030,11.37760,8.95640,10.08930,3.09870,6.34890,12.96660,2.443,1.9437
2012-03-31,2170.40000,2039.40000,130.99990,27.00000,,46.00000,85.00000,-12.40000,72.60000,26.40000,46.20000,46.20000,,46.20000,105.40000,85.00000,58.12000,58.75000,0.79000,0.79000,1.04880,0.32170,0.63190,6.03570,3.91630,3.91630,3.34500,2.12860,0.94700,4.40760,5.97580,15.06080,6.61700,7.54780,2.01580,4.48850,11.99800,0.77620,0.42380
2011-12-31,2001.00000,1954.10000,46.90050,19.50000,-1.00000,43.49900,3.40100,-12.50000,-9.10000,-2.80000,-6.30000,-6.30000,,-6.00000,27.60100,3.40090,56.54400,57.02700,-0.07000,-0.07000,1.05620,0.35420,0.66190,2.34390,0.17000,0.17000,-0.45480,-0.29990,0.89710,3.84670,7.22120,12.46330,-0.96390,-1.11230,-0.28240,-0.62250,11.26200,1.8632,1.3014
2011-09-30,2205.00000,2018.10000,186.89990,18.80000,-0.60000,38.80000,148.09990,-12.70000,135.40000,47.00000,88.40000,88.40000,,85.30000,168.79990,148.09990,57.97400,58.58000,1.47000,1.46000,1.25450,0.36420,0.62120,8.47620,6.71650,6.71650,6.14060,3.86850,1.09470,5.51540,7.22000,12.46530,12.94860,14.87970,4.38880,8.23320,11.76830,2.2518,1.8528
2011-06-30,1848.70000,1704.20000,144.50000,24.80000,-1.40000,45.20000,99.29990,-5.80000,93.50000,29.40000,64.10000,64.10000,,62.10000,120.79990,99.29990,56.78800,57.26300,1.09000,1.08000,1.53410,0.42370,0.78760,7.81630,5.37130,5.37130,5.05760,3.35910,0.91230,4.31330,4.74030,18.98630,10.99670,13.01520,3.16320,6.33770,10.07240,-3.5049,-3.7253
2011-03-31,1143.50000,1074.40000,69.10000,18.30000,-0.60000,33.80000,35.29990,-7.30000,28.00000,11.10000,16.90000,16.90000,,16.90000,51.19990,35.29990,54.41200,54.56800,0.31000,0.31000,1.05090,0.36300,0.60500,6.04280,3.08700,3.08700,2.44860,1.47790,0.91730,8.40030,7.34430,12.25450,3.68190,4.45210,1.35570,2.34530,8.42840,1.67130,1.49350
2010-12-31,989.50010,962.80010,26.70000,14.00000,-0.70000,30.89970,-4.19960,-68.20000,-72.40000,-1.50000,-70.90000,-70.90000,,-70.90000,14.40040,-4.19980,54.26500,54.26500,-1.31000,-1.31000,1.02360,0.38860,0.66730,2.69830,-0.42440,-0.42440,-7.31680,-7.16520,0.86450,7.04320,9.45080,9.52300,-15.99370,-19.50480,-6.19430,-9.77930,8.14840,0.5729,0.3429
2010-09-30,875.50000,851.90000,23.60000,14.90000,,29.30010,-5.70010,-8.30000,-14.00000,-4.10000,-9.90000,-9.90000,,-9.90000,10.09990,-5.70010,54.38500,54.38500,-0.18000,-0.18000,0.65280,0.19360,0.53160,2.69560,-0.65110,-0.65110,-1.59910,-1.13080,0.75520,6.40530,9.19640,9.78640,-1.91930,-2.27270,-0.85400,-1.54780,9.48230,-0.186,-0.4985
2010-06-30,997.70000,950.90000,46.80010,14.80000,17.00000,13.80000,33.00010,-9.40000,23.60000,8.60000,15.00000,15.00000,,15.00000,50.70010,33.00010,54.35100,54.37000,0.28000,0.28000,0.66290,0.12730,0.56680,4.69080,3.30760,3.30760,2.36540,1.50350,0.81090,7.03330,9.13640,9.85070,2.83390,3.34000,1.21920,2.47320,9.73320,1.0717,0.8187
2010-03-31,892.90000,876.80000,16.10000,15.30000,-0.20000,30.00000,-13.90000,-8.20000,-22.10000,-8.00000,-14.10000,-14.10000,,-14.10000,2.70000,-13.90000,53.92100,53.92100,-0.26000,-0.26000,0.85170,0.28530,0.60800,1.80310,-1.55670,-1.55670,-2.47510,-1.57910,0.72990,7.81460,8.39980,10.71450,-2.73470,-3.24060,-1.15250,-1.95450,9.48860,-0.15020,-0.25220
2009-12-31,849.50010,845.60010,3.90000,18.50000,15.60000,18.70010,-14.80010,-16.30000,-31.10000,-10.00000,-21.10000,-21.10000,,-21.10000,9.69990,-14.80010,53.69300,54.48500,-0.39000,-0.38000,0.96710,0.30620,0.59720,0.45910,-1.74220,-1.74220,-3.66100,-2.48380,0.69460,7.26460,11.07560,8.12600,-3.97360,-4.68780,-1.72530,-2.75670,9.88810,-0.2884,-0.3256
2009-09-30,835.60000,817.70000,17.90000,15.50000,11.80000,17.60000,0.29990,-7.30000,-7.00000,-2.20000,-4.80000,-4.80000,,-4.80000,15.89990,0.29990,53.70000,53.70000,-0.09000,-0.09000,1.15980,0.34210,0.61840,2.14220,0.03590,0.03590,-0.83770,-0.57440,0.65970,6.80850,11.05290,8.14270,-0.86930,-1.03090,-0.37900,-0.57190,10.28310,0.5861,0.4601
2009-06-30,613.30000,586.40000,26.90000,15.60000,54.30000,-26.20000,53.10000,-7.70000,45.40000,15.80000,29.60000,29.60000,,29.60000,67.30000,53.10000,53.69000,54.98800,0.55000,0.54000,0.90910,0.28020,0.51720,4.38610,8.65810,8.65810,7.40260,4.82630,0.50370,4.46610,7.58100,11.87180,5.30280,6.28050,2.43080,3.81690,10.39500,0.6312,-0.4861
2009-03-31,368.30000,363.40000,4.90000,14.70000,22.70000,2.20000,2.70000,-4.60000,-1.90000,-0.50000,-1.40000,-1.40000,-1.60000,-3.00000,14.60000,2.70000,53.68200,53.68200,-0.06000,-0.06000,1.03870,0.33570,0.59410,1.33040,0.73310,0.73310,-0.51590,-0.81460,0.33670,4.45890,13.74250,6.54900,-0.26270,-0.31410,-0.12800,-0.17450,9.92700,1.60020,-0.05220
