Date,revenue,cost-goods-sold,gross-profit,research-development-expenses,selling-general-administrative-expenses,other-operating-income-expenses,operating-expenses,operating-income,total-non-operating-income-expense,pre-tax-income,income-after-taxes,income-from-continuous-operations,net-income,ebitda,ebit,basic-shares-outstanding,shares-outstanding,eps-basic-net-earnings-per-share,eps-earnings-per-share-diluted,current-ratio,gross-margin,operating-margin,ebit-margin,pre-tax-profit-margin,net-profit-margin,asset-turnover,receiveable-turnover,days-sales-in-receivables,roe,return-on-tangible-equity,roa,roi,book-value-per-share,operating-cash-flow-per-share,free-cash-flow-per-share
2024-03-31,143.99500,128.89700,15.09800,7.50000,16.39300,-14.32500,38.21800,-23.12000,11.25200,-11.86800,-11.86800,-12.18100,-12.18100,-23.12000,-23.12000,31.80700,31.80700,-0.38000,-0.38000,4.38690,10.48510,-16.05610,-16.05610,-8.24200,-8.45930,0.12770,19.16360,4.69640,-1.33420,-1.36130,-1.08040,-1.33420,,0.00000,
2023-12-31,184.70720,166.48110,18.22610,8.46760,23.31390,-3.33280,35.11410,-16.88810,12.77750,-4.11060,-4.26120,-8.52340,-8.52340,-16.88810,-16.88810,31.97800,31.97800,-0.54000,-0.54000,4.85840,9.86750,-9.14320,-9.14320,-2.22550,-4.61460,0.16250,17.85360,5.04100,-0.90470,-0.92130,-0.74970,-0.90470,29.46320,-0.21,-0.2323
2023-09-30,186.29200,159.91900,26.37300,10.21200,19.32400,1.95600,27.58000,-1.20700,11.26000,10.05300,10.05300,10.46900,10.46900,-1.20700,-1.20700,31.97770,31.97770,0.30000,0.30000,4.56140,14.15680,-0.64790,-0.64790,5.39640,5.61970,0.16190,17.89380,5.02970,1.11800,1.14050,0.90970,1.11800,,0,0
2023-06-30,191.99200,165.94200,26.05000,9.79700,18.47700,1.18800,27.08600,-1.03600,2.11500,1.07900,1.07900,0.94400,0.94400,-1.03600,-1.03600,31.97770,31.97770,0.30000,0.30000,4.56600,13.56830,-0.53960,-0.53960,0.56200,0.49170,0.16660,15.43720,5.83010,0.10080,0.10220,0.08190,0.10080,,0,0
2023-03-31,215.95000,190.25500,25.69500,10.52900,21.91200,2.77300,29.66800,-3.97300,6.55700,2.58400,2.58400,2.11300,2.11300,-3.97300,-3.97300,32.02360,32.02360,0.10000,0.10000,4.51900,11.89860,-1.83980,-1.83980,1.19660,0.97850,0.18390,14.53520,6.19190,0.22320,0.22710,0.18000,0.22320,,0.00000,
2022-12-31,220.84560,197.20420,23.64140,10.13000,22.27070,2.01230,30.38830,-6.74690,5.27900,-1.46780,-1.97340,7.31310,7.79980,-6.74690,-6.74690,31.97120,31.97120,0.20000,0.20000,4.54050,10.70500,-3.05500,-3.05500,-0.66460,3.53180,0.18700,13.95140,6.45100,0.76880,0.78320,0.61920,0.76880,29.74520,-0.3076,-0.3327
2022-09-30,252.80600,217.48700,35.31900,11.86100,30.14600,5.12500,36.88200,-1.56300,0.25600,-1.30700,-1.30700,-0.93500,-0.41900,-1.56300,-1.56300,31.96640,31.96640,0.00000,0.00000,4.82510,13.97080,-0.61830,-0.61830,-0.51700,-0.16570,0.21960,13.93410,6.45900,-0.10050,-0.10260,-0.08120,-0.10050,,0,0
2022-06-30,273.69000,227.55200,46.13800,15.20500,38.53700,3.04200,50.70000,-4.56200,-0.79300,-5.35500,-5.35500,-5.78600,-4.61500,-4.56200,-4.56200,31.82720,31.82720,-0.10000,-0.10000,4.22380,16.85780,-1.66690,-1.66690,-1.95660,-1.68620,0.22760,12.78090,7.04180,-0.61290,-0.62810,-0.48120,-0.61290,,0,0
2022-03-31,283.25600,244.80200,38.45400,18.34700,43.61000,7.54000,54.41700,-15.96300,2.44300,-13.52000,-13.52000,-13.70100,-13.70100,-15.96300,-15.96300,32.06510,32.06510,-0.40000,-0.40000,4.06240,13.57570,-5.63550,-5.63550,-4.77310,-4.83700,0.23090,11.70720,7.68760,-1.43510,-1.47600,-1.11680,-1.43510,,0.00000,
2021-12-31,383.35930,342.73770,40.62160,21.74470,54.08390,2.36270,73.46590,-32.84420,2.71840,-30.12570,-30.12570,-31.37960,-40.23520,-32.84420,-32.84420,32.54490,32.54490,-1.20000,-1.20000,3.90980,10.59620,-8.56750,-8.56750,-7.85830,-10.49540,0.29950,12.76460,7.05080,-3.19510,-3.28660,-2.45150,-3.19510,28.77000,-2.8268,-2.8575
2021-09-30,364.39700,321.17800,43.21900,19.11500,47.39400,4.00600,62.50300,-19.28400,-2.19000,-21.47400,-21.47400,-22.27500,-18.84300,-19.28400,-19.28400,32.69290,32.69290,-0.60000,-0.60000,3.56670,11.86040,-5.29200,-5.29200,-5.89300,-5.17100,0.27590,13.93700,6.45760,-2.18190,-2.22240,-1.68660,-2.18190,,0,0
2021-06-30,361.92000,314.44200,47.47800,19.05300,61.57600,2.58400,78.04500,-30.56700,3.09000,-27.47700,-27.47700,-28.13400,-22.76700,-30.56700,-30.56700,32.52020,32.52020,-0.70000,-0.70000,3.51400,13.11840,-8.44580,-8.44580,-7.59200,-6.29060,0.26540,13.20440,6.81590,-2.71300,-2.76000,-2.06300,-2.71300,,0,0
2021-03-31,328.56400,288.85200,39.71200,16.98200,45.47600,3.65200,58.80600,-19.09400,3.21400,-15.88000,-15.88000,-15.54200,-9.46500,-19.09400,-19.09400,31.55000,31.55000,-0.30000,-0.30000,4.07600,12.08650,-5.81130,-5.81130,-4.83320,-2.88070,0.23980,12.20480,7.37420,-1.46600,-1.49480,-1.13440,-1.46600,,0.00000,
2020-12-31,422.74450,380.13720,42.60730,21.22660,50.90580,-0.30620,72.43880,-29.83150,7.69750,-22.13380,-22.13380,-27.70160,-22.37810,-29.83150,-29.83150,31.96350,33.01270,-0.80000,-0.60000,4.26680,10.07880,-7.05660,-7.05660,-5.23570,-5.29350,0.30970,13.80970,6.51720,-2.59060,-2.64930,-2.02910,-2.59060,31.97280,3.0995,3.0107
2020-09-30,373.27600,319.12300,54.15300,16.06300,37.29600,4.77000,48.58900,5.56400,3.13500,8.69900,8.69900,8.73800,12.58700,5.56400,5.56400,32.00150,33.08950,0.40000,0.40000,4.21090,14.50750,1.49060,1.49060,2.33040,3.37200,0.26820,13.83580,6.50490,0.80510,0.82490,0.62790,0.80510,,0,0
2020-06-30,354.41900,280.53200,73.88700,13.41300,31.30400,4.58600,40.13100,33.75600,5.89600,39.65200,39.65200,45.11400,47.48400,33.75600,33.75600,31.82840,32.86420,1.50000,1.40000,4.60920,20.84740,9.52430,9.52430,11.18790,13.39770,0.26430,15.61660,5.76310,4.23950,4.35670,3.36440,4.23950,,0,0
2020-03-31,321.11200,252.62600,68.48600,13.09400,27.05500,2.33700,37.81200,30.67400,4.93700,35.61100,35.61100,35.87800,36.71300,30.67400,30.67400,31.84880,32.97600,1.20000,1.10000,4.29950,21.32780,9.55240,9.55240,11.08990,11.43310,0.24720,11.22060,8.02090,3.56840,3.68450,2.76250,3.56840,,0.00000,
2019-12-31,285.50930,233.12140,52.38790,13.91800,29.34180,8.43050,34.82930,17.55860,5.30680,22.86550,22.86550,21.91250,22.50320,17.55860,17.55860,19.25470,31.44290,0.77000,0.78000,4.79400,18.34890,6.14990,6.14990,8.00870,7.88180,0.21940,10.61800,8.47610,2.11040,2.17910,1.68380,2.11040,32.17770,3.697,3.6252
2019-09-30,260.95600,216.47200,44.48400,16.83000,57.03000,1.66300,72.19700,-27.71300,4.35500,-23.35800,-23.35800,-23.22300,-23.11600,-27.71300,-27.71300,27.99230,27.99230,-0.80000,-0.80000,4.87730,17.04660,-10.61980,-10.61980,-8.95090,-8.85820,0.20150,9.55710,9.41710,-2.24130,-2.31280,-1.79360,-2.24130,,0,0
2019-06-30,272.79400,228.94100,43.85300,12.29500,35.12100,2.11200,45.30400,-1.45100,4.57400,3.12300,3.12300,3.37300,3.50100,-1.45100,-1.45100,8.06400,29.35100,0.13000,0.12000,2.71290,16.07550,-0.53190,-0.53190,1.14480,1.28340,0.33170,8.65850,10.39440,-0.79430,-0.73840,0.41010,-0.79430,,-1.3953,-1.3368
2019-03-31,221.88630,191.61940,30.26700,11.83400,27.86790,2.21800,37.48390,-7.21700,9.81700,2.60010,2.60010,2.70470,2.79460,-4.33030,-7.21700,8.06400,29.34900,0.10000,0.10000,2.82310,13.64080,-3.25260,-3.25260,1.17180,1.25950,0.27970,10.02880,8.97420,-0.59580,-0.55560,0.34100,-0.59580,-56.29450,1.39530,1.33680
2018-12-31,,,,,,,,,,,,,,,,,,,0.00000,,,,,,,,,,,,,,,0,0
