Date,revenue,cost-goods-sold,gross-profit,research-development-expenses,selling-general-administrative-expenses,operating-expenses,operating-income,total-non-operating-income-expense,pre-tax-income,total-provision-income-taxes,income-after-taxes,income-from-continuous-operations,net-income,ebitda,ebit,basic-shares-outstanding,shares-outstanding,eps-basic-net-earnings-per-share,eps-earnings-per-share-diluted,current-ratio,long-term-debt-capital,debt-equity-ratio,gross-margin,operating-margin,ebit-margin,pre-tax-profit-margin,net-profit-margin,asset-turnover,inventory-turnover,receiveable-turnover,days-sales-in-receivables,roe,return-on-tangible-equity,roa,roi,book-value-per-share,operating-cash-flow-per-share,free-cash-flow-per-share
2023-09-30,3.51800,2.90800,0.61000,5.66500,10.49100,16.15600,-15.54600,-0.18600,-15.73200,,-15.73200,-15.73200,-16.90400,-14.08200,-15.54600,28.81600,28.81600,-0.49000,-0.49000,6.93450,0.29890,0.42630,17.33940,-441.89880,-441.89880,-447.18590,-480.50030,0.03300,0.53150,0.54400,165.44340,-23.12340,-79.23850,-14.77110,-16.21270,2.49990,-0.2889,-0.2985
2023-06-30,6.15200,4.07800,2.07400,5.22200,10.87200,16.09400,-14.02000,-2.56500,-16.58500,,-16.58500,-16.58500,-18.27600,-12.80100,-14.02000,28.18600,28.18600,-0.58000,-0.58000,8.14480,0.27060,0.37110,33.71260,-227.89340,-227.89340,-269.58710,-297.07410,0.05250,0.68960,0.89570,100.47460,-21.15330,-57.02060,-14.15600,-15.42820,2.92720,-0.3381,-0.3432
2023-03-31,7.06600,3.89800,3.16800,5.16500,10.41100,15.57600,-12.40800,-0.41700,-12.82500,,-12.82500,-12.82500,-12.82500,-11.19800,-12.40800,27.57000,27.57000,-0.45000,-0.45000,3.14900,0.18860,0.35160,44.83440,-175.60150,-175.60150,-181.50300,-181.50300,0.06540,0.56680,1.33800,67.26440,-17.80510,-59.41080,-11.87400,-14.44660,2.78380,-0.17250,-0.17520
2022-12-31,6.80900,4.07800,2.73100,4.78200,6.96000,11.74200,-9.01100,-3.60400,-12.61500,0.00300,-12.61800,-12.61800,-12.88200,-6.87400,-9.01100,23.63500,23.63500,-0.42000,-0.42000,3.38630,0.18450,0.33660,40.12340,-132.33960,-132.33970,-185.26950,-189.19080,0.05710,0.51260,0.84630,106.35040,-15.77270,-44.36240,-10.58640,-12.86190,3.10990,-0.2873,-0.2886
2022-09-30,6.60500,4.80500,1.80000,4.80300,11.57000,16.37300,-14.57300,-1.05900,-15.63200,,-15.63200,-15.63200,-16.12600,-14.23400,-14.57300,22.97300,22.97300,-0.64000,-0.64000,6.21160,0.21280,0.27030,27.25210,-220.63590,-220.63590,-236.66920,-244.14840,0.05230,0.61900,1.00640,89.42770,-17.57470,-43.11920,-12.37360,-13.83460,3.81890,-0.4345,-0.4419
2022-06-30,6.18300,5.04500,1.13800,4.13700,14.35600,18.49300,-17.35500,-0.67200,-18.02700,0.00100,-18.02800,-18.02800,-18.46100,-16.14700,-17.35500,22.42600,22.42600,-0.74000,-0.74000,6.34870,0.18790,0.23140,18.40530,-280.68900,-280.68900,-291.55750,-298.57670,0.04500,0.60440,1.03550,86.91410,-18.09100,-39.34350,-13.12660,-14.69120,4.35920,-0.3805,-0.3871
2022-03-31,8.05900,4.07300,3.98600,5.92700,13.93000,19.85700,-15.87100,-0.04400,-15.91500,,-15.91500,-15.91500,-16.36700,-14.83800,-15.87100,19.62400,19.62400,-0.74000,-0.74000,5.44940,,,49.44780,-196.93510,-196.93510,-197.48110,-203.08970,0.06330,0.52330,1.02730,87.61010,-13.93790,-26.86940,-12.49890,-13.93790,5.17350,-0.92200,-0.92540
2021-12-31,6.02800,5.48000,0.54800,5.31600,16.89700,22.21300,-21.66500,0.11100,-21.55400,,-21.58600,-21.58600,-22.07100,-20.92800,-21.66500,16.59200,16.59200,-0.98000,-0.98000,3.17230,,,9.09090,-359.40600,-359.40600,-357.56460,-366.14130,0.05980,0.87990,1.78500,50.41970,-25.23230,-68.63810,-21.42080,-25.23230,5.16200,-0.8969,-0.9009
2021-09-30,5.62900,4.80300,0.82600,5.50600,17.81900,23.32500,-22.49900,0.05500,-22.44400,,-22.44400,-22.44400,-22.93200,-20.54100,-22.49900,16.47300,16.47300,-1.18000,-1.18000,4.67050,,,14.67400,-399.69800,-399.69800,-398.72090,-407.39030,0.04800,1.18360,1.56930,57.35120,-21.49010,-47.12060,-19.15250,-21.49010,6.32620,-0.6858,-0.6913
2021-06-30,5.26100,3.75300,1.50800,3.74200,15.76900,19.51100,-18.00300,0.23800,-17.76500,,-17.76500,-17.76500,-18.25300,-16.83100,-18.00300,15.69100,15.69100,-0.99000,-0.99000,5.61860,,,28.66380,-342.19730,-342.19730,-337.67340,-346.94920,0.04020,0.82030,1.80110,49.96960,-15.04070,-29.60090,-13.56280,-15.04070,7.23240,-0.7046,-0.706
2021-03-31,3.59500,2.51400,1.08100,2.65500,12.75300,15.40800,-14.32700,-0.63900,-14.96600,,-14.96600,-14.96600,-15.51000,-13.73700,-14.32700,14.02600,14.02600,-0.92000,-0.92000,7.51630,,,30.06950,-398.52570,-398.52570,-416.30040,-431.43250,0.02890,0.50080,1.97530,45.56330,-13.33070,-19.25930,-12.05120,-13.33070,7.29050,-0.75090,-0.75570
2020-12-31,2.08000,1.53100,0.54900,1.42300,8.19000,9.61300,-9.06400,0.06700,-8.99700,,-8.99700,-8.99700,-9.66400,-8.97100,-9.06400,5.96300,5.96300,-1.05000,-1.05000,4.85190,,,26.39420,-435.76910,-435.76900,-432.54800,-464.61540,0.05870,0.66770,0.68020,132.31730,-31.95980,-31.95980,-25.41020,-31.95980,3.46730,-1.4765,-1.4869
2020-09-30,2.04200,1.49300,0.54900,0.95400,6.19700,7.15100,-6.60200,0.05200,-6.55000,,-6.55000,-6.55000,-7.48000,-6.33000,-6.60200,7.32800,7.32800,-0.71000,-0.71000,6.80620,,,26.88540,-323.31050,-323.31050,-320.76400,-366.30750,0.04960,0.94970,3.76060,23.93240,-18.69610,-18.69610,-15.91970,-18.69610,4.43920,0.245,0.2456
2020-06-30,1.78700,1.15100,0.63600,0.82500,3.93400,4.75900,-4.12300,0.11700,-4.00600,,-4.00600,-4.00600,-4.79200,-4.07700,-4.12300,4.12200,4.12200,-0.68000,-0.68000,3.39060,,,35.59040,-230.72190,-230.72190,-224.17460,-268.15890,0.10390,0.85830,1.61430,55.75270,-32.76620,-32.76620,-23.28120,-32.76620,2.98270,-0.2724,-0.2733
2020-03-31,1.66700,0.88800,0.77900,1.23100,9.66200,10.89300,-10.11400,0.22200,-9.89200,,-9.89200,-9.89200,-11.16700,-10.06800,-10.11400,3.09100,3.09100,-1.57000,-1.57000,4.37190,,,46.73070,-606.71860,-606.71860,-593.40130,-669.88600,0.08320,0.72730,1.32410,67.97240,-64.12550,-64.12550,-49.37610,-64.12550,4.96970,-1.47040,-1.47950
2019-12-31,1.79800,0.95800,0.84000,0.84000,4.18100,5.02100,-4.18100,0.00800,-4.17300,,-4.17300,-4.17300,-7.32800,-4.13600,-4.18100,2.26600,2.26600,-1.47000,-1.47000,4.39440,,,46.71860,-232.53610,-232.53620,-232.09120,-407.56400,0.07320,0.67750,1.91480,47.00220,-22.08640,-22.08640,-16.98480,-22.08640,8.44990,-1.8654,-1.8776
2019-09-30,1.86800,0.99500,0.87300,0.85900,2.81300,3.67200,-2.79900,-0.00600,-2.80500,,-2.80500,-2.80500,-2.80500,-2.75400,-2.79900,2.53700,2.53700,-1.11000,-1.11000,1.69660,,,46.73450,-149.83940,-149.83940,-150.16060,-150.16060,0.21710,0.67550,2.05050,43.89190,-71.79410,-71.79420,-32.60490,-71.79420,1.78880,-0.6098,-0.6076
2019-06-30,1.65100,1.32500,0.32600,0.99100,4.69700,5.68800,-5.36200,-0.02000,-5.38200,,-5.38200,-5.38200,-5.38200,-5.31500,-5.36200,2.12600,2.12600,-2.50000,-2.50000,1.89100,,,19.74560,-324.77290,-324.77290,-325.98430,-325.98430,0.13390,0.72840,1.98680,45.29980,-88.31640,-88.31640,-43.66380,-88.31640,2.84370,-2.2952,-2.304
2019-03-31,2.24200,1.68400,0.55800,1.00200,4.91900,5.92100,-5.36300,-0.01300,-5.37600,,-5.37600,-5.37600,-5.37600,-5.31700,-5.36300,1.83900,1.83900,-2.92000,-2.92000,1.40550,,,24.88850,-239.20610,-239.20610,-239.78590,-239.78590,0.19610,0.87530,2.81300,31.99380,-139.09420,-139.09450,-47.02180,-139.09440,2.09930,-2.16910,-2.19360
2018-12-31,1.70000,1.47700,0.22300,0.92700,4.22200,5.14900,-4.92600,-0.05500,-4.98100,,-4.98100,-4.98100,-4.98300,-4.87900,-4.92600,1.17100,1.17100,-1.83000,-1.83000,2.53720,,,13.11760,-289.76470,-289.76470,-293.00000,-293.11760,0.12070,1.07260,3.10220,29.01180,-55.80950,-55.80950,-35.35380,-55.80950,4.87170,-2.9697,-2.9887
2018-09-30,1.87900,1.41100,0.46800,0.99700,3.52500,4.52200,-4.05400,-0.00900,-4.06300,,-4.06300,-4.06300,-4.06300,-3.99500,-4.05400,1.17670,1.17670,-3.40000,-3.40000,3.44930,,,24.90690,-215.75310,-215.75310,-216.23200,-216.23210,0.13110,1.38330,5.02410,17.91380,-39.02600,-39.02600,-28.34720,-39.02600,8.10450,-1.9834,-2.0018
2018-06-30,2.05900,1.53700,0.52200,1.01000,5.30500,6.31500,-5.79300,-0.04500,-5.83800,,-5.83800,-5.83800,-6.33100,-5.74500,-5.79300,0.99010,0.99010,-6.40000,-6.40000,1.84230,,,25.35210,-281.35020,-281.35020,-283.53570,-307.47940,0.25420,1.31590,2.27510,39.55800,-140.50520,-140.50540,-72.08300,-140.50540,3.94190,-1.1398,-1.1471
2018-03-31,1.75600,1.20400,0.55200,0.74200,2.72500,3.46700,-2.91500,-0.00600,-2.92100,,-2.92100,-2.92100,-2.91900,-2.86200,-2.91500,0.74720,0.74720,-4.00000,-4.00000,3.69740,,,31.43510,-166.00230,-166.00230,-166.34400,-166.23010,0.17960,1.32020,2.29240,39.25970,-39.62830,-39.62830,-29.86710,-39.62830,8.94540,-3.70210,-3.71810
2017-12-31,1.57800,1.00900,0.56900,0.84700,2.83900,3.68600,-3.11700,-0.14800,-3.26500,,-3.26500,-3.26500,-3.52000,-3.07700,-3.11700,0.48140,0.48140,-3.20000,-3.20000,2.00530,,,36.05830,-197.52850,-197.52850,-206.90750,-223.06710,0.22680,0.85220,1.78100,50.53230,-82.84700,-82.84700,-46.93120,-82.84700,5.60040,-5.53,-5.8064
2017-09-30,1.37500,1.09900,0.27600,0.79700,2.45800,3.25500,-2.97900,0.00600,-2.97300,,-2.97300,-2.97300,-2.97300,-2.92500,-2.97900,0.49750,0.49750,-6.00000,-6.00000,2.57900,,,20.07270,-216.65460,-216.65460,-216.21820,-216.21820,0.14540,1.18940,1.15840,77.69460,-48.61820,-48.61820,-31.43700,-48.61820,11.94570,-4.2917,-4.3553
2017-06-30,1.21000,0.85000,0.36000,1.18400,3.29400,4.47800,-4.11800,0.02600,-4.09200,,-4.09200,-4.09200,-4.09200,-4.06000,-4.11800,0.47610,0.47610,-8.60000,-8.60000,2.10940,,,29.75210,-340.33060,-340.33060,-338.18180,-338.18180,0.17970,1.18550,1.20520,74.67770,-103.51620,-103.51630,-60.75720,-103.51630,8.23630,-3.6683,-3.7334
2017-03-31,1.00700,0.90100,0.10600,0.46900,3.84200,4.31100,-4.20500,-1.20800,-5.41300,,-5.41300,-5.41300,-5.41300,-4.16200,-4.20500,0.35980,0.35980,-15.00000,-15.00000,1.86670,,,10.52630,-417.57700,-417.57700,-537.53730,-537.53730,0.16830,1.06120,0.85050,105.81930,-167.42970,-167.42960,-90.44280,-167.42960,8.10580,-8.56860,-8.56860
2016-12-31,0.83800,1.48500,-0.64700,0.57700,2.61000,3.18700,-3.83400,-0.01700,-3.85100,,-3.85100,-3.85100,-3.85100,-3.72000,-3.83400,0.26020,0.26020,-8.80000,-8.80000,1.00380,,,-77.20760,-457.51790,-457.51790,-459.54660,-459.54650,0.21640,1.67230,1.14790,78.40100,58.87480,58.87480,-99.45770,58.87480,-22.89870,-9.3512,-11.0337
2016-09-30,0.72800,0.65200,0.07600,0.65900,2.13800,2.79700,-2.72100,2.11000,-0.61100,,-0.61100,-0.61100,-0.87600,-2.63900,-2.72100,0.28530,0.28530,-3.00000,-3.00000,2.72170,,,10.43960,-373.76370,-373.76370,-83.92860,-120.32970,0.10870,0.58320,0.83770,107.43130,-14.01380,-14.01380,-9.12480,-14.01380,15.26340,-9.2637,-9.8066
2016-06-30,0.66900,0.82600,-0.15700,0.52100,1.94500,2.46600,-2.62300,-1.43400,-4.05700,,-4.05700,-4.05700,-4.05700,-2.53400,-2.62300,0.27940,0.27940,-14.60000,-14.60000,4.08310,,,-23.46790,-392.07770,-392.07770,-606.42740,-606.42750,0.07330,0.81700,1.11310,80.85200,-77.94430,-77.94430,-44.42620,-77.94430,18.30170,-2.0655,-2.7543
2016-03-31,0.56800,0.67000,-0.10200,0.39700,1.42400,1.82100,-1.92300,-0.44500,-2.36800,,-2.36800,-2.36800,-2.82300,-1.82100,-1.92300,0.18260,0.18260,-15.40000,-15.40000,6.88250,,,-17.95770,-338.55630,-338.55630,-416.90140,-497.00700,0.05180,0.66670,0.63530,141.65490,-31.11290,-31.11290,-21.59990,-31.11290,27.29910,-11.52790,-11.71960
2015-12-31,0.30800,0.56700,-0.25900,0.57400,1.02900,1.60300,-1.86200,0.19100,-1.67100,,-1.67100,-1.67100,-1.67100,-1.77500,-1.86200,0.09490,0.09490,-5.80000,-5.80000,2.53670,,,-84.09090,-604.54540,-604.54540,-542.53230,-542.53250,0.06070,0.94340,0.32940,273.21430,105.75960,-215.05790,-32.91310,-215.05780,5.33650,-25.6241,-26.1101
2015-09-30,0.27300,0.40400,-0.13100,0.66700,1.74900,2.41600,-2.54700,0.71800,-1.82900,,-1.82900,-1.82900,-1.82900,-2.46200,-2.54700,0.10400,0.10400,-18.00000,-18.00000,1.78190,,,-47.98540,-932.96710,-932.96710,-669.96340,-669.96340,0.07690,1.28250,0.65160,138.13190,46.18690,114.09860,-51.52110,114.09860,-13.48250,-6.8049,-6.9304
2015-06-30,0.17500,0.41000,-0.23500,0.44100,0.83600,1.27700,-1.51200,-0.49200,-2.00400,,-2.00400,-2.00400,-2.15800,-1.42800,-1.51200,0.08400,0.08400,-25.20000,-25.20000,1.04200,,,-134.28570,-864.00010,-864.00010,-1145.14300,-1233.14300,0.06990,1.98070,0.52870,170.22860,34.68930,58.59650,-80.00000,58.59650,-39.08430,-7.7789,-7.7143
2015-03-31,0.06700,0.29700,-0.23000,0.88300,0.66400,1.54700,-1.77700,0.13900,-1.63800,,-1.63800,-1.63800,-1.63800,-1.69800,-1.77700,0.05880,0.05880,-27.80000,-27.80000,1.47000,,,-343.28360,-2652.23900,-2652.23900,-2444.77600,-2444.77600,0.01960,1.28570,0.23760,378.80600,34.48420,78.18620,-47.83880,78.18620,-26.99420,-25.93540,-26.54760
2014-12-31,,1.15200,-1.15200,0.73400,0.74500,1.47900,-2.63100,-0.98200,-3.56200,,-3.56200,-3.56200,-3.48400,-2.54300,-2.58000,0.02410,0.02410,-125.89930,-125.89930,1.27230,,,,,,,,,4.92310,,,67.27110,140.34680,-115.61190,140.34680,-56.24040,-124.7759,-139.9128
2014-09-30,,0.58500,-0.58500,0.76900,1.15300,1.92200,-2.50700,-0.57000,-3.07700,,-3.07700,-3.07700,-6.33300,-2.40400,-2.50700,0.02670,0.02670,-237.41010,-237.41010,2.25790,,,,,,,,,5.36700,,,62.46450,62.46450,-51.26630,62.46450,-111.40090,-162.3801,-168.252
2014-06-30,,0.60500,-0.60500,1.33300,1.66500,2.99800,-3.60300,0.34900,-3.25400,,-3.25400,-3.25400,-3.25400,-3.44300,-3.60300,0.06390,0.06450,-50.35970,-50.35970,1.33000,,,,,,,,,27.50000,,,86.70400,86.70400,-95.64960,86.70400,-293.29970,129.0725,136.5534
2014-03-31,,0.42100,-0.42100,1.10700,1.14000,2.24700,-2.66800,-0.31600,-2.98400,,-2.98400,-2.98400,-2.98400,-2.47000,-2.66800,0.01180,0.01180,-251.79860,-251.79860,3.79620,,,,,,,,,,,,235.88940,235.88930,-52.10410,235.88930,-99.44400,-197.56700,-207.37340
2013-12-31,,,,1.74300,1.90900,,-3.65200,3.70500,0.05300,,0.05300,0.05300,0.05300,-3.39100,-3.65200,0.01020,0.01020,89.92800,89.92800,1.94560,,,,,,,,,,,,-61.62700,-61.62740,1.28760,-61.62730,-7.70680,-253.4241,-273.1036
2013-09-30,,,,1.07800,2.16000,,-3.23800,-0.23300,-3.47100,,-3.47100,-3.47100,-3.47100,-2.97400,-3.23800,0.01110,0.01110,-305.75540,-305.75540,4.74250,,,,,,,,,,,,413.71120,413.71070,-52.14630,413.71070,-75.45270,-196.5331,-201.8704
2013-06-30,,,,1.41600,2.18000,,-3.59600,-1.69000,-5.28600,,-5.28600,-5.28600,-5.28600,-3.39900,-3.59600,0.01020,0.01020,-521.58280,-521.58280,5.88390,,,,,,,,,,,,-286.97590,-286.97600,-56.22550,-286.97600,165.93480,-178.4227,-234.7778
2013-03-31,,,,0.67500,2.40100,,-3.07600,-2.15100,-5.22700,,-5.22700,-5.22700,-5.22700,-2.95900,-3.07600,0.00820,0.00820,-629.49640,-629.49640,0.61850,,,,,,,,,,,,127.93660,127.93660,-253.28750,127.93660,-485.16000,-118.04990,-174.16010
2012-12-31,,,,0.50000,1.11000,,-1.61000,0.39090,-1.20000,0.00000,-1.20000,-1.20000,-1.20000,-1.59670,-1.61000,0.00690,0.00690,-161.87050,-161.87050,2.94050,,,,,,,,,,,,112.24990,112.24990,-51.82570,112.24990,-132.16520,-208.5459,-280.6021
2012-09-30,,,,0.39130,0.63190,,-1.02320,-2.03290,-3.05620,,-3.05620,-3.05620,-3.05620,-1.02010,-1.02320,0.00680,0.00680,-449.64030,-449.64030,,,,,,,,,,,,,,,,,,-104.9489,-106.6007
2012-06-30,,,,0.44910,0.41720,,-0.86630,-0.00090,-0.86720,,-0.86720,-0.86720,-0.86720,-0.86420,-0.86630,0.00660,0.00660,-125.89930,-125.89930,,,,,,,,,,,,,,,,,,-67.4699,-69.2182
2012-03-31,,,,0.17170,0.32310,,-0.49470,-0.07610,-0.57090,,-0.57090,-0.57090,-0.57090,-0.49320,-0.49470,0.00610,0.00610,-89.92810,-89.92810,,,,,,,,,,,,,,,,,,-52.14340,-53.71640
2011-12-31,,,,,,,,,,,,,,,,,,,0.00000,,,,,,,,,,,,,,,,,,0,0
