Date,revenue,cost-goods-sold,gross-profit,research-development-expenses,selling-general-administrative-expenses,operating-expenses,operating-income,total-non-operating-income-expense,pre-tax-income,total-provision-income-taxes,income-after-taxes,income-from-continuous-operations,net-income,ebitda,ebit,basic-shares-outstanding,shares-outstanding,eps-basic-net-earnings-per-share,eps-earnings-per-share-diluted,current-ratio,long-term-debt-capital,debt-equity-ratio,gross-margin,operating-margin,ebit-margin,pre-tax-profit-margin,net-profit-margin,asset-turnover,receiveable-turnover,days-sales-in-receivables,roe,return-on-tangible-equity,roa,roi,book-value-per-share,operating-cash-flow-per-share,free-cash-flow-per-share
2024-03-31,167.55300,45.19100,122.36200,50.87800,55.04500,105.92300,16.43900,9.41200,25.85100,-1.10500,26.95600,26.95600,26.95600,18.51300,16.43900,42.78000,47.35300,0.63000,0.57000,3.21770,0.07050,0.07580,73.02880,9.81120,9.81120,15.42860,16.08810,0.15680,2.19250,41.04900,3.79100,3.91570,2.52240,3.52390,16.51420,1.76360,1.65760
2023-12-31,150.98500,40.57100,110.41400,50.25600,55.36300,105.61900,4.79500,10.33800,15.13300,3.01600,12.11700,12.11700,12.11700,6.83700,4.79500,41.45100,46.52200,0.29000,0.27000,3.23690,0.03120,0.03220,73.12910,3.17580,3.17580,10.02290,8.02530,0.15830,1.69690,53.03670,1.84850,1.90680,1.27020,1.79090,15.41410,1.0777,0.9867
2023-09-30,137.62400,36.25400,101.37000,50.30500,55.73500,106.04000,-4.67000,7.60200,2.93200,0.12500,2.80700,2.80700,2.80700,-3.01300,-4.67000,41.71900,46.94600,0.07000,0.06000,3.48650,0.03300,0.03410,73.65720,-3.39330,-3.39330,2.13040,2.03960,0.15810,2.23010,40.35630,0.45660,0.47020,0.32240,0.44150,14.64830,0.7998,0.6987
2023-06-30,126.83900,33.78800,93.05100,47.94700,49.96900,97.91600,-4.86500,7.27500,2.41000,-1.31500,3.72500,3.72500,3.72500,-3.23100,-4.86500,41.22200,46.87200,0.09000,0.08000,3.61550,0.03450,0.03570,73.36150,-3.83560,-3.83560,1.90000,2.93680,0.15190,2.27440,39.57150,0.62460,0.64010,0.44620,0.60300,14.36050,0.6957,0.6281
2023-03-31,115.66100,31.49200,84.16900,45.84400,46.84400,92.68800,-8.51900,5.82100,-2.69800,-0.11600,-2.58200,-2.58200,-2.58200,-6.75700,-8.51900,40.61800,40.61800,-0.06000,-0.06000,3.65480,0.03810,0.03960,72.77220,-7.36550,-7.36550,-2.33270,-2.23240,0.14630,2.20270,40.85920,-0.45680,-0.46720,-0.32670,-0.43940,13.77900,0.72880,0.69650
2022-12-31,103.82400,27.77000,76.05400,44.47000,49.73600,94.20600,-18.15200,4.93800,-13.21400,0.71600,-13.93000,-13.93000,-13.93000,-16.70800,-18.15200,39.47000,39.47000,-0.36000,-0.36000,3.83560,0.04160,0.04340,73.25280,-17.48350,-17.48340,-12.72730,-13.41690,0.13890,2.22190,40.50630,-2.56970,-2.63060,-1.86390,-2.46300,13.43070,0.3017,0.2773
2022-09-30,96.06500,26.30200,69.76300,41.97600,47.94900,89.92500,-20.16200,1.77000,-18.39200,0.05300,-18.44500,-18.44500,-18.44500,-18.68000,-20.16200,39.75300,39.75300,-0.46000,-0.46000,4.29440,0.04340,0.04540,72.62060,-20.98790,-20.98790,-19.14540,-19.20050,0.13460,3.18130,28.29050,-3.45520,-3.45520,-2.58440,-3.30510,13.31700,0.2101,0.1235
2022-06-30,88.38600,23.86900,64.51700,34.21700,45.33400,79.55100,-15.03400,0.13000,-14.90400,0.14100,-15.04500,-15.04500,-15.04500,-13.86400,-15.03400,39.27400,39.27400,-0.38000,-0.38000,4.44690,0.04610,0.04830,72.99460,-17.00950,-17.00950,-16.86240,-17.02190,0.12610,3.13330,28.72410,-2.84830,-2.84830,-2.14610,-2.71710,13.34320,0.3131,0.2309
2022-03-31,81.22000,21.49000,59.73000,29.78100,41.79600,71.57700,-11.84700,-0.27900,-12.12600,0.02800,-12.15400,-12.15400,-12.15400,-11.07300,-11.84700,38.59000,38.59000,-0.31000,-0.31000,4.71840,0.05110,0.05380,73.54100,-14.58630,-14.58630,-14.92980,-14.96430,0.11870,2.84250,31.66180,-2.33410,-2.33410,-1.77560,-2.21490,13.32530,0.53450,0.47120
2021-12-31,73.01400,19.95200,53.06200,30.01900,40.45800,70.47700,-17.41500,0.00600,-17.40900,0.10800,-17.51700,-17.51700,-17.51700,-16.65800,-17.41500,23.43300,23.43300,-0.54000,-0.54000,5.19820,0.05370,0.05680,72.67370,-23.85160,-23.85160,-23.84340,-23.99130,0.11040,2.20170,40.87810,-3.41420,-3.41420,-2.64880,-3.23080,13.40550,0.0954,0.0032
2021-09-30,63.59500,18.07800,45.51700,29.34500,44.87200,74.21700,-28.70000,-0.21900,-28.91900,0.05100,-28.97000,-28.97000,-28.97000,-27.96700,-28.70000,29.53100,29.53100,-0.98000,-0.98000,6.04540,0.01620,0.01640,71.57320,-45.12930,-45.12930,-45.47370,-45.55390,0.10290,3.06670,29.34710,-5.67230,-5.67230,-4.68940,-5.58050,13.63950,-0.025,0.0783
2021-06-30,58.80300,16.13700,42.66600,21.94000,21.20400,43.14400,-0.47800,0.30300,-0.17500,0.00100,-0.17600,-0.17600,-0.17600,0.15800,-0.47800,13.17200,13.17200,-0.01000,-0.01000,1.91140,-0.09080,-0.08330,72.55750,-0.81290,-0.81290,-0.29760,-0.29930,0.32360,2.34000,38.46080,0.18770,0.18770,-0.09690,0.20470,-7.06630,-0.0757,-0.214
2021-03-31,55.36000,15.01900,40.34100,22.52900,31.22600,53.75500,-13.41400,-0.04100,-13.45500,0.01700,-13.47200,-13.47200,-13.47200,-12.81400,-13.41400,12.91600,12.91600,-1.04000,-1.04000,1.89100,-0.08880,-0.08150,72.87030,-24.23050,-24.23050,-24.30460,-24.33530,0.31300,2.37120,37.95570,13.77720,13.77720,-7.61670,15.00010,-2.72440,0.39660,0.25900
2020-12-31,48.26800,12.86300,35.40500,15.44300,30.53300,45.97600,-10.57100,0.18700,-10.38400,0.02300,-10.40700,-10.40700,-10.40700,-9.96400,-10.57100,12.73500,12.73500,-0.81130,-0.81100,2.41100,-0.11210,-0.10080,73.35090,-21.90060,-21.90060,-21.51320,-21.56090,0.27470,2.36030,38.13090,12.89740,12.89740,-5.92190,14.34260,-6.30690,0.271,0.1697
2020-09-30,45.30500,13.10100,32.20400,15.89400,19.37700,35.27100,-3.06700,-0.08600,-3.15300,0.02300,-3.17600,-3.17600,-3.17600,-2.44000,-3.06700,12.53000,12.53000,-0.25000,-0.25000,,,,71.08270,-6.76970,-6.76970,-6.95950,-7.01030,,,,,,,,,0.3061,0.2351
2020-06-30,40.01100,11.80900,28.20200,12.11100,16.00900,28.12000,0.08200,-0.03100,0.05100,0.01100,0.04000,0.04000,0.01600,0.70500,0.08200,12.43900,16.20300,0.00130,0.00100,,,,70.48560,0.20490,0.20490,0.12750,0.04000,,,,,,,,,0.4329,0.4289
2020-03-31,28.11200,8.21400,19.89800,9.57600,12.77700,22.35300,-2.45500,0.23300,-2.22200,0.01100,-2.23300,-2.23300,-2.23300,-2.05600,-2.45500,12.40300,12.40300,-0.18000,-0.18000,,,,70.78120,-8.73290,-8.73290,-7.90410,-7.94320,,,,,,,,,0.38050,0.24160
2019-12-31,,,,,,,,,,,,,,,,,,,0.00000,,,,,,,,,,,,,,,,,0,0
