Date,revenue,cost-goods-sold,gross-profit,research-development-expenses,selling-general-administrative-expenses,operating-expenses,operating-income,total-non-operating-income-expense,pre-tax-income,total-provision-income-taxes,income-after-taxes,income-from-continuous-operations,net-income,ebitda,ebit,basic-shares-outstanding,shares-outstanding,eps-basic-net-earnings-per-share,eps-earnings-per-share-diluted,current-ratio,long-term-debt-capital,debt-equity-ratio,gross-margin,operating-margin,ebit-margin,pre-tax-profit-margin,net-profit-margin,asset-turnover,inventory-turnover,receiveable-turnover,days-sales-in-receivables,roe,return-on-tangible-equity,roa,roi,book-value-per-share,operating-cash-flow-per-share,free-cash-flow-per-share
2024-03-31,1779.00000,357.00000,1422.00000,638.00000,419.00000,1188.00000,234.00000,26.00000,260.00000,78.00000,182.00000,182.00000,182.00000,383.00000,234.00000,270.00000,272.00000,0.68000,0.67000,1.37440,0.20030,0.25050,79.93260,13.15350,13.15350,14.61500,10.23050,0.13260,,3.14870,28.58350,2.42250,10.49600,1.35620,1.93720,28.24440,2.1088,1.9233
2023-12-31,1945.00000,529.00000,1416.00000,584.00000,446.00000,1051.00000,365.00000,17.00000,382.00000,92.00000,290.00000,290.00000,290.00000,447.00000,365.00000,269.00000,271.00000,1.08000,1.07000,1.32590,0.19980,0.24970,72.80210,18.76610,18.76610,19.64010,14.91000,0.14280,,2.24340,40.11830,3.84970,17.57580,2.12970,3.08050,28.10820,4.6706,4.4774
2023-09-30,1914.00000,456.00000,1458.00000,602.00000,453.00000,1081.00000,377.00000,14.00000,391.00000,-8.00000,399.00000,399.00000,399.00000,462.00000,377.00000,271.00000,272.00000,1.47000,1.47000,1.37880,0.19890,0.24830,76.17550,19.69700,19.69700,20.42840,20.84640,0.14570,,1.82810,49.23200,5.26730,24.05060,3.03680,4.21950,28.05560,0.4214,0.2327
2023-06-30,1924.00000,368.00000,1556.00000,596.00000,392.00000,1014.00000,542.00000,14.00000,556.00000,154.00000,402.00000,402.00000,402.00000,630.00000,542.00000,272.00000,274.00000,1.48000,1.47000,1.27640,0.20400,0.25630,80.87320,28.17050,28.17050,28.89810,20.89400,0.14710,,3.72150,24.18400,5.48130,29.21510,3.07270,4.36290,26.96320,1.31020,1.14600
2023-03-31,1874.00000,448.00000,1426.00000,635.00000,479.00000,1251.00000,175.00000,6.00000,181.00000,193.00000,-12.00000,-12.00000,-12.00000,348.00000,175.00000,277.00000,278.00000,-0.03000,-0.03000,1.20820,0.20490,0.25780,76.09390,9.33830,9.33830,9.65850,-0.64030,0.13920,,2.73980,32.84950,-0.16450,-0.92660,-0.08920,-0.13080,26.71430,2.2194,2.0503
2022-12-31,1881.00000,568.00000,1313.00000,556.00000,418.00000,1024.00000,289.00000,-7.00000,282.00000,78.00000,204.00000,204.00000,204.00000,411.00000,289.00000,276.00000,278.00000,0.74000,0.73000,1.23420,0.19930,0.24880,69.80330,15.36420,15.36420,14.99200,10.84530,0.13960,,2.25000,40.00000,2.70160,14.20610,1.51450,2.16330,27.45820,4.0371,3.863
2022-09-30,1904.00000,462.00000,1442.00000,565.00000,407.00000,1015.00000,427.00000,,427.00000,128.00000,299.00000,299.00000,299.00000,554.00000,427.00000,278.00000,279.00000,1.08000,1.07000,1.34400,0.19420,0.24100,75.73530,22.42650,22.42650,22.42650,15.70380,0.14560,,2.07180,43.44010,3.83430,18.54840,2.28610,3.08980,28.15160,-0.4034,-0.5949
2022-06-30,1767.00000,314.00000,1453.00000,572.00000,401.00000,1012.00000,441.00000,-5.00000,436.00000,125.00000,311.00000,311.00000,311.00000,555.00000,441.00000,279.00000,281.00000,1.11000,1.11000,1.24140,0.19730,0.24580,82.22980,24.95760,24.95760,24.67460,17.60050,0.13390,,3.05180,29.49070,4.07010,22.76720,2.35750,3.26720,27.38710,-0.27760,-0.48750
2022-03-31,1825.00000,419.00000,1406.00000,579.00000,410.00000,1041.00000,365.00000,-9.00000,356.00000,131.00000,225.00000,225.00000,225.00000,506.00000,365.00000,284.00000,286.00000,0.81000,0.80000,1.18160,0.19760,0.24630,77.04110,20.00000,20.00000,19.50690,12.32880,0.13220,,2.80770,32.05480,2.95080,17.63320,1.63040,2.36770,27.23210,1.5346,1.3509
2021-12-31,1789.00000,631.00000,1158.00000,539.00000,456.00000,1056.00000,102.00000,-11.00000,91.00000,25.00000,66.00000,66.00000,66.00000,248.00000,102.00000,283.00000,285.00000,0.23000,0.23000,1.20060,0.19780,0.24660,64.72890,5.70150,5.70150,5.08660,3.68920,0.12840,,1.85390,48.54670,0.86650,5.61220,0.47380,0.69510,27.01060,5.3806,5.21
2021-09-30,1826.00000,494.00000,1332.00000,553.00000,409.00000,992.00000,340.00000,-14.00000,326.00000,32.00000,294.00000,294.00000,294.00000,434.00000,340.00000,285.00000,287.00000,1.03000,1.02000,1.31550,0.19280,0.23890,72.94630,18.61990,18.61990,17.85320,16.10080,0.14030,,1.77110,50.81600,3.74240,22.32350,2.25820,3.02070,27.66200,0.2195,0.0687
2021-06-30,1551.00000,315.00000,1236.00000,515.00000,359.00000,914.00000,322.00000,-14.00000,308.00000,104.00000,204.00000,204.00000,204.00000,427.00000,322.00000,286.00000,289.00000,0.71000,0.71000,1.89280,0.19540,0.24290,79.69050,20.76080,20.76080,19.85820,13.15280,0.12180,,2.78460,32.32110,2.63980,7.95940,1.60200,2.12390,27.11580,-0.49480,-0.64710
2021-03-31,1346.00000,319.00000,1027.00000,468.00000,370.00000,852.00000,175.00000,-10.00000,165.00000,89.00000,76.00000,76.00000,76.00000,233.00000,175.00000,289.00000,292.00000,0.26000,0.27000,2.43350,0.19310,0.23930,76.30020,13.00150,13.00150,12.25850,5.64640,0.10130,,2.58350,34.83660,0.96940,1.62990,0.57190,0.78220,27.41260,1.2706,1.1644
2020-12-31,1673.00000,601.00000,1072.00000,451.00000,365.00000,821.00000,251.00000,-6.00000,245.00000,34.00000,211.00000,211.00000,211.00000,297.00000,251.00000,290.00000,292.00000,0.73000,0.72000,2.21110,0.04750,0.12520,64.07650,15.00300,15.00300,14.64440,12.61210,0.13470,,2.15040,41.85300,2.64980,3.49920,1.69890,2.52390,27.64930,3.8544,3.7509
2020-09-30,1151.00000,286.00000,865.00000,421.00000,289.00000,716.00000,149.00000,-10.00000,139.00000,-46.00000,185.00000,185.00000,185.00000,189.00000,149.00000,289.00000,293.00000,0.64000,0.63000,2.74850,0.04690,0.12330,75.15200,12.94530,12.94530,12.07650,16.07300,0.10030,,2.72100,33.07560,2.29100,3.01200,1.61290,2.18370,27.84480,0.2038,0.1189
2020-06-30,1459.00000,288.00000,1171.00000,438.00000,257.00000,700.00000,471.00000,-3.00000,468.00000,103.00000,365.00000,365.00000,365.00000,508.00000,471.00000,288.00000,292.00000,1.27000,1.25000,2.60510,0.04850,0.12800,80.26050,32.28240,32.28240,32.07680,25.01710,0.12930,,2.87770,31.27490,4.69030,6.24470,3.23470,4.46260,26.92730,1.29450,1.16440
2020-03-31,1387.00000,269.00000,1118.00000,402.00000,309.00000,717.00000,401.00000,13.00000,414.00000,-4.00000,418.00000,418.00000,418.00000,440.00000,401.00000,293.00000,295.00000,1.52000,1.48000,2.44630,0.05050,0.13350,80.60560,28.91130,28.91130,29.84860,30.13700,0.12480,,3.00870,29.91350,5.60250,7.56840,3.76170,5.31940,25.90630,1.6731,1.5387
2019-12-31,1593.00000,508.00000,1085.00000,389.00000,328.00000,724.00000,361.00000,13.00000,374.00000,28.00000,346.00000,346.00000,346.00000,400.00000,361.00000,292.00000,294.00000,1.18000,1.18000,2.83530,0.12090,0.13750,68.11050,22.66160,22.66160,23.47770,21.72000,0.14270,,1.99620,45.08480,4.78100,6.54930,3.10010,4.20310,24.86940,3.7596,3.6627
2019-09-30,1348.00000,405.00000,943.00000,387.00000,280.00000,675.00000,268.00000,16.00000,284.00000,-570.00000,854.00000,854.00000,854.00000,303.00000,268.00000,295.00000,296.00000,2.89000,2.89000,3.32230,0.12200,0.13900,69.95550,19.88130,19.88130,21.06830,63.35310,0.12730,,1.57480,57.15130,11.93070,16.43570,8.06190,10.47470,24.43000,0.1304,0.0376
2019-06-30,1209.00000,187.00000,1022.00000,381.00000,220.00000,607.00000,415.00000,21.00000,436.00000,-985.00000,1421.00000,1421.00000,1421.00000,452.00000,415.00000,297.00000,299.00000,4.78000,4.75000,3.51520,0.13300,0.15340,84.53270,34.32590,34.32590,36.06290,117.53510,0.12400,,3.67480,24.49130,21.91210,31.48680,14.57590,18.99730,21.90880,0.52840,0.37790
2019-03-31,1238.00000,276.00000,962.00000,398.00000,352.00000,766.00000,196.00000,23.00000,219.00000,10.00000,209.00000,209.00000,209.00000,233.00000,196.00000,303.00000,306.00000,0.69000,0.69000,2.81720,0.15720,0.18650,77.70600,15.83200,15.83200,17.68980,16.88210,0.13820,,1.98720,45.29080,3.92050,6.23510,2.33340,3.30430,17.88930,1.9372,1.8246
2018-12-31,1289.00000,413.00000,876.00000,334.00000,293.00000,634.00000,242.00000,23.00000,265.00000,3.00000,262.00000,262.00000,262.00000,276.00000,242.00000,302.00000,304.00000,0.87000,0.86000,2.98900,0.15680,0.18600,67.95970,18.77420,18.77420,20.55860,20.32580,0.14550,,1.59930,56.27620,4.90270,7.79760,2.95810,4.13380,17.75420,3.1379,3.0669
2018-09-30,1286.00000,418.00000,868.00000,339.00000,263.00000,610.00000,258.00000,18.00000,276.00000,21.00000,255.00000,255.00000,255.00000,294.00000,258.00000,305.00000,307.00000,0.84000,0.83000,3.51910,0.15740,0.18680,67.49610,20.06220,20.06220,21.46190,19.82890,0.15220,,1.33130,67.60500,4.79590,7.67380,3.01780,4.04120,17.49010,-0.4066,-0.5087
2018-06-30,1137.00000,215.00000,922.00000,362.00000,254.00000,622.00000,300.00000,19.00000,319.00000,26.00000,293.00000,293.00000,293.00000,338.00000,300.00000,306.00000,310.00000,0.96000,0.95000,3.84150,0.15880,0.18880,81.09060,26.38520,26.38520,28.05630,25.76960,0.13790,,3.06470,29.36680,5.57030,8.96850,3.55280,4.68580,17.24590,0.38710,0.28390
2018-03-31,1582.00000,233.00000,1349.00000,335.00000,256.00000,596.00000,753.00000,1.00000,754.00000,147.00000,607.00000,607.00000,607.00000,792.00000,753.00000,308.00000,312.00000,1.98000,1.95000,2.41030,0.17760,0.21590,85.27180,47.59800,47.59800,47.66120,38.36920,0.18430,,4.10910,21.90270,13.21000,22.98370,7.07130,10.86450,15.01630,1.9263,1.8658
2017-12-31,1160.00000,501.00000,659.00000,329.00000,350.00000,680.00000,-21.00000,5.00000,-16.00000,170.00000,-186.00000,-186.00000,-186.00000,13.00000,-21.00000,308.00000,308.00000,-0.60000,-0.60000,1.92020,0.19540,0.24280,56.81030,-1.81030,-1.81030,-1.37930,-16.03450,0.13420,,1.30930,68.74140,-4.55210,-8.74880,-2.15230,-3.66290,13.30950,2.7589,2.6803
2017-09-30,959.00000,389.00000,570.00000,331.00000,278.00000,611.00000,-41.00000,3.00000,-38.00000,-16.00000,-22.00000,-22.00000,-22.00000,-9.00000,-41.00000,309.00000,309.00000,-0.07000,-0.07000,2.38340,0.18420,0.22580,59.43690,-4.27530,-4.27530,-3.96250,-2.29410,0.12110,,1.18100,76.20440,-0.50140,-0.82340,-0.27770,-0.40900,14.24680,0.1756,0.0771
2017-06-30,1449.00000,154.00000,1295.00000,325.00000,226.00000,552.00000,743.00000,6.00000,749.00000,105.00000,644.00000,644.00000,644.00000,774.00000,743.00000,309.00000,313.00000,2.08000,2.06000,3.00920,0.18090,0.22090,89.37200,51.27670,51.27670,51.69080,44.44450,0.19650,,6.52700,13.78880,14.35580,23.24070,8.73220,11.75830,14.51780,0.56230,0.45690
2017-03-31,1527.00000,202.00000,1325.00000,335.00000,272.00000,608.00000,717.00000,-1.00000,716.00000,150.00000,566.00000,566.00000,566.00000,749.00000,717.00000,303.00000,314.00000,1.86000,1.81000,2.15280,0.19600,0.24380,86.77150,46.95480,46.95480,46.88930,37.06610,0.19780,,4.25350,21.15910,13.94090,24.13650,7.33350,11.20790,13.18180,1.2598,1.1784
2016-12-31,1149.00000,516.00000,633.00000,285.00000,350.00000,637.00000,-4.00000,-2.00000,-6.00000,-5.00000,-1.00000,-1.00000,-1.00000,45.00000,-4.00000,303.00000,303.00000,0.00000,0.00000,1.73680,0.21810,0.27900,55.09140,-0.34810,-0.34810,-0.52220,-0.08700,0.14890,14.74290,1.95740,45.97910,-0.02820,-0.05450,-0.01300,-0.02200,11.56030,3.7524,3.6713
2016-09-30,898.00000,401.00000,497.00000,291.00000,254.00000,546.00000,-49.00000,-3.00000,-52.00000,-14.00000,-38.00000,-38.00000,-38.00000,-4.00000,-49.00000,301.00000,301.00000,-0.13000,-0.13000,2.07800,0.21530,0.27440,55.34520,-5.45660,-5.45660,-5.79060,-4.23160,0.13030,8.02000,1.24200,72.46100,-1.05320,-2.03100,-0.55140,-0.82640,12.02670,0.3879,0.2857
2016-06-30,1271.00000,179.00000,1092.00000,294.00000,236.00000,532.00000,560.00000,-8.00000,552.00000,112.00000,440.00000,440.00000,440.00000,606.00000,560.00000,301.00000,315.00000,1.46000,1.40000,2.40730,0.21020,0.30270,85.91660,44.05980,44.05980,43.43040,34.61840,0.19240,6.88460,5.16670,17.41940,11.84070,22.38050,6.66160,9.35180,12.34550,-0.37460,-0.50160
2016-03-31,1308.00000,226.00000,1082.00000,282.00000,263.00000,546.00000,536.00000,-10.00000,526.00000,-373.00000,899.00000,899.00000,899.00000,584.00000,536.00000,310.00000,330.00000,2.90000,2.77000,1.80070,0.22590,0.33920,82.72170,40.97860,40.97860,40.21410,68.73090,0.18550,,5.61370,16.03210,26.47230,55.18720,12.75180,20.49240,11.28240,1.7802,1.701
2015-12-31,1070.00000,546.00000,524.00000,266.00000,287.00000,555.00000,-31.00000,1.00000,-30.00000,15.00000,-45.00000,-45.00000,-45.00000,19.00000,-31.00000,311.00000,311.00000,-0.14000,-0.14000,1.32020,0.00230,0.11290,48.97200,-2.89720,-2.89720,-2.80370,-4.20560,0.16540,13.00000,1.72300,52.23370,-1.49400,-3.64960,-0.69550,-1.49060,9.71610,2.8579,2.7899
2015-09-30,815.00000,409.00000,406.00000,265.00000,257.00000,525.00000,-119.00000,-9.00000,-128.00000,12.00000,-140.00000,-140.00000,-140.00000,-69.00000,-119.00000,312.00000,312.00000,-0.45000,-0.45000,1.44400,0.00410,0.13830,49.81600,-14.60120,-14.60120,-15.70550,-17.17790,0.13580,6.59680,1.10580,81.38650,-4.45010,-10.34740,-2.33330,-4.43180,10.11580,0.0132,-0.0497
2015-06-30,1203.00000,173.00000,1030.00000,296.00000,221.00000,518.00000,512.00000,-3.00000,509.00000,67.00000,442.00000,442.00000,442.00000,561.00000,512.00000,311.00000,335.00000,1.42000,1.32000,1.63920,0.00740,0.18970,85.61930,42.56030,42.56030,42.31090,36.74150,0.21030,5.08820,8.35420,10.77310,13.24940,28.98360,7.72590,13.15090,10.72670,-0.21190,-0.28360
2015-03-31,1185.00000,234.00000,951.00000,285.00000,264.00000,551.00000,400.00000,-3.00000,397.00000,2.00000,395.00000,395.00000,395.00000,455.00000,400.00000,311.00000,325.00000,1.27000,1.20000,1.35420,0.01010,0.20850,80.25320,33.75530,33.75530,33.50210,33.33330,0.19280,6.50000,3.27350,27.49370,13.01050,32.59080,6.42590,12.87900,9.79350,0.5927,0.4954
2014-12-31,1126.00000,401.00000,725.00000,283.00000,276.00000,563.00000,162.00000,-6.00000,156.00000,14.00000,142.00000,142.00000,142.00000,215.00000,162.00000,311.00000,323.00000,0.46000,0.44000,1.22320,0.01360,0.23560,64.38720,14.38720,14.38720,13.85440,12.61100,0.18260,10.28210,2.30740,39.00530,5.28470,16.86460,2.30260,5.21290,8.66770,2.1097,2.0637
2014-09-30,990.00000,427.00000,563.00000,261.00000,275.00000,539.00000,24.00000,-6.00000,18.00000,15.00000,3.00000,3.00000,3.00000,80.00000,24.00000,313.00000,322.00000,0.01000,0.01000,1.47970,0.18120,0.22130,56.86870,2.42420,2.42420,1.81820,0.30300,0.16420,6.37310,1.19420,75.36360,0.11240,0.37310,0.04970,0.09200,8.55770,0.5683,0.5031
2014-06-30,1214.00000,367.00000,847.00000,265.00000,218.00000,485.00000,362.00000,-8.00000,354.00000,19.00000,335.00000,335.00000,335.00000,418.00000,362.00000,313.00000,322.00000,1.07000,1.04000,1.64050,0.17760,0.21600,69.76940,29.81880,29.81880,29.15980,27.59470,0.22170,9.91890,5.54340,16.23560,12.34800,40.50790,6.11760,10.15460,8.66770,0.01240,-0.07140
2014-03-31,1123.00000,223.00000,900.00000,289.00000,260.00000,556.00000,344.00000,-7.00000,337.00000,-30.00000,367.00000,367.00000,367.00000,401.00000,344.00000,308.00000,316.00000,1.19000,1.21000,1.31300,0.19320,0.23950,80.14250,30.63220,30.63220,30.00890,32.68030,0.19650,3.98210,3.43430,26.20660,15.15280,70.30650,6.42060,12.22520,7.78780,0.8584,0.8135
2013-12-31,808.00000,517.00000,291.00000,275.00000,305.00000,583.00000,-292.00000,-6.00000,-298.00000,10.00000,-308.00000,-308.00000,-308.00000,-234.00000,-292.00000,309.00000,309.00000,-1.00000,-1.00000,1.09850,0.22300,0.28690,36.01490,-36.13860,-36.13860,-36.88120,-38.11880,0.14500,9.40000,1.53610,58.58910,-15.36930,-371.08430,-5.52660,-11.94260,6.48540,2.2195,2.1295
2013-09-30,695.00000,413.00000,282.00000,283.00000,293.00000,534.00000,-252.00000,-8.00000,-260.00000,13.00000,-273.00000,-273.00000,-273.00000,-196.00000,-252.00000,308.00000,308.00000,-0.89000,-0.89000,1.26420,0.19960,0.24930,40.57550,-36.25900,-36.25900,-37.41010,-39.28060,0.13800,7.12070,1.17000,76.92090,-11.94230,-79.36050,-5.42100,-9.55880,7.39810,-0.0298,-0.109
2013-06-30,949.00000,194.00000,755.00000,278.00000,232.00000,522.00000,233.00000,-5.00000,228.00000,6.00000,222.00000,222.00000,222.00000,289.00000,233.00000,304.00000,312.00000,0.73000,0.71000,1.53670,0.18460,0.22630,79.55740,24.55220,24.55220,24.02530,23.39310,0.20610,4.73170,7.90830,11.38040,8.90850,41.41790,4.82080,7.26440,8.14380,-0.79490,-0.88780
2013-03-31,1209.00000,309.00000,900.00000,287.00000,294.00000,591.00000,309.00000,21.00000,330.00000,7.00000,323.00000,323.00000,323.00000,395.00000,309.00000,310.00000,313.00000,1.05000,1.04000,1.21280,0.19780,0.24660,74.44170,25.55830,25.55830,27.29530,26.71630,0.23850,7.35710,3.87500,23.22580,14.24790,110.23890,6.37080,11.42960,7.50660,0.7358,0.6636
2012-12-31,922.00000,429.00000,493.00000,278.00000,290.00000,532.00000,-39.00000,6.00000,-33.00000,12.00000,-45.00000,-45.00000,-45.00000,27.00000,-39.00000,304.00000,304.00000,-0.15000,-0.15000,1.03870,0.22050,0.28290,53.47070,-4.22990,-4.22990,-3.57920,-4.88070,0.18300,7.27120,2.41360,37.28850,-2.29830,64.28570,-0.89300,-1.79140,6.50500,1.1601,1.0709
2012-09-30,711.00000,445.00000,266.00000,306.00000,319.00000,630.00000,-364.00000,-4.00000,-368.00000,13.00000,-381.00000,-381.00000,-381.00000,-308.00000,-364.00000,316.00000,316.00000,-1.21000,-1.21000,1.13980,0.20310,0.25490,37.41210,-51.19550,-51.19550,-51.75810,-53.58650,0.13700,6.26760,1.10580,81.39240,-17.68800,-392.78350,-7.33960,-14.09550,6.90380,-0.0983,-0.1786
2012-06-30,955.00000,205.00000,750.00000,282.00000,239.00000,535.00000,215.00000,-5.00000,210.00000,9.00000,201.00000,201.00000,201.00000,271.00000,215.00000,317.00000,320.00000,0.63000,0.63000,1.46030,0.17570,0.21320,78.53400,22.51310,22.51310,21.98950,21.04710,0.19790,3.41670,8.60360,10.46070,7.87620,41.10430,4.16580,6.49220,8.02520,-0.76250,-0.85940
2012-03-31,1368.00000,374.00000,994.00000,252.00000,369.00000,629.00000,365.00000,-4.00000,361.00000,-39.00000,400.00000,400.00000,400.00000,433.00000,365.00000,331.00000,336.00000,1.21000,1.22000,1.23070,0.17980,0.21930,72.66080,26.68130,26.68130,26.38890,29.23980,0.24910,6.33900,3.73770,24.07900,16.27340,107.81670,7.28460,13.34670,7.68130,0.8545,0.7272
2011-12-31,1061.00000,552.00000,509.00000,325.00000,367.00000,692.00000,-183.00000,-10.00000,-193.00000,12.00000,-205.00000,-205.00000,-205.00000,-129.00000,-183.00000,332.00000,332.00000,-0.62000,-0.62000,1.17060,0.19080,0.23580,47.97360,-17.24790,-17.24790,-18.19040,-19.32140,0.18630,8.00000,2.01710,44.61830,-9.05080,-139.45580,-3.59900,-7.32400,6.80180,1.4352,1.3032
2011-09-30,715.00000,432.00000,283.00000,318.00000,310.00000,657.00000,-374.00000,-6.00000,-380.00000,-40.00000,-340.00000,-340.00000,-340.00000,-323.00000,-374.00000,331.00000,331.00000,-1.03000,-1.03000,1.38510,0.17240,0.20830,39.58040,-52.30770,-52.30770,-53.14690,-47.55250,0.13160,4.80000,1.27220,70.74130,-13.38580,-80.18870,-6.25580,-11.07850,7.65060,-0.6522,-0.7325
2011-06-30,999.00000,240.00000,759.00000,285.00000,214.00000,532.00000,227.00000,3.00000,230.00000,9.00000,221.00000,221.00000,221.00000,270.00000,227.00000,331.00000,337.00000,0.67000,0.66000,1.92160,,,75.97600,22.72270,22.72270,23.02300,22.12210,0.22940,3.20000,33.30000,2.70270,8.03640,14.89220,5.07460,8.03640,8.30820,-0.81310,-0.90800
2011-03-31,1090.00000,328.00000,762.00000,299.00000,298.00000,617.00000,145.00000,4.00000,149.00000,-2.00000,151.00000,151.00000,151.00000,187.00000,145.00000,330.00000,330.00000,0.45000,0.45000,1.51520,,,69.90830,13.30280,13.30280,13.66970,13.85320,0.22120,4.25970,3.25370,27.66060,5.88920,11.52670,3.06410,5.88920,7.69970,0.7679,0.7036
2010-12-31,1053.00000,586.00000,467.00000,273.00000,328.00000,770.00000,-303.00000,,-303.00000,19.00000,-322.00000,-322.00000,-322.00000,-259.00000,-303.00000,332.00000,332.00000,-0.97000,-0.97000,1.35160,,,44.34950,-28.77490,-28.77490,-28.77490,-30.57930,0.22280,5.58100,2.70000,33.33330,-13.65560,-29.51420,-6.81190,-13.65560,7.05990,1.0589,1.0144
2010-09-30,631.00000,363.00000,268.00000,277.00000,250.00000,520.00000,-252.00000,34.00000,-218.00000,-17.00000,-201.00000,-201.00000,-201.00000,-206.00000,-252.00000,329.00000,329.00000,-0.61000,-0.61000,1.58480,,,42.47230,-39.93660,-39.93660,-34.54830,-31.85420,0.14040,2.34190,1.42120,63.32810,-7.61940,-14.60760,-4.47260,-7.61940,7.94580,-0.4113,-0.4482
2010-06-30,815.00000,222.00000,593.00000,275.00000,201.00000,495.00000,98.00000,-5.00000,93.00000,-3.00000,96.00000,96.00000,96.00000,146.00000,98.00000,328.00000,332.00000,0.29000,0.29000,1.91240,,,72.76070,12.02450,12.02450,11.41100,11.77910,0.19200,2.70730,7.91260,11.37420,3.48840,6.49970,2.26150,3.48840,8.33940,-0.44580,-0.47890
2010-03-31,979.00000,298.00000,681.00000,311.00000,250.00000,598.00000,83.00000,-3.00000,80.00000,50.00000,30.00000,30.00000,30.00000,133.00000,83.00000,325.00000,325.00000,0.10000,0.10000,1.64230,,,69.56080,8.47800,8.47800,8.17160,3.06440,0.21070,2.98000,4.75240,18.93770,1.09930,2.09500,0.64570,1.09930,8.26970,0.7785,0.7108
2009-12-31,1243.00000,654.00000,589.00000,290.00000,292.00000,696.00000,-107.00000,-3.00000,-110.00000,-28.00000,-82.00000,-82.00000,-82.00000,-59.00000,-107.00000,325.00000,325.00000,-0.25000,-0.25000,1.48690,,,47.38540,-8.60820,-8.60820,-8.84960,-6.59690,0.25170,4.54170,2.51110,35.84070,-3.15510,-6.37140,-1.66030,-3.15510,7.94800,0.683,0.6342
2009-09-30,788.00000,593.00000,195.00000,316.00000,278.00000,612.00000,-417.00000,-1.00000,-418.00000,-27.00000,-391.00000,-391.00000,-391.00000,-371.00000,-417.00000,324.00000,324.00000,-1.21000,-1.21000,1.68690,,,24.74620,-52.91880,-52.91880,-53.04570,-49.61930,0.15750,2.37200,1.21980,73.78170,-14.72140,-23.76900,-7.81690,-14.72140,8.17230,0.0217,-0.0586
2009-06-30,644.00000,321.00000,323.00000,312.00000,230.00000,568.00000,-245.00000,-13.00000,-258.00000,-24.00000,-234.00000,-234.00000,-234.00000,-197.00000,-245.00000,323.00000,323.00000,-0.72000,-0.72000,2.52060,,,50.15530,-38.04350,-38.04350,-40.06210,-36.33540,0.13640,1.49300,1.71730,52.40680,-7.79740,-11.82420,-4.95550,-7.79740,9.29100,-1.01550,-1.04020
2009-03-31,860.00000,349.00000,511.00000,332.00000,190.00000,573.00000,-62.00000,3.00000,-59.00000,-17.00000,-42.00000,-42.00000,-42.00000,-16.00000,-62.00000,320.00000,320.00000,-0.13000,-0.13000,2.74650,,,59.41860,-7.20930,-7.20930,-6.86050,-4.88370,0.18380,1.60830,7.41380,12.13950,-1.34010,-1.99430,-0.89780,-1.34010,9.70280,0.0375,-0.3219
