Date,revenue,cost-goods-sold,gross-profit,selling-general-administrative-expenses,other-operating-income-expenses,operating-expenses,operating-income,total-non-operating-income-expense,pre-tax-income,income-after-taxes,income-from-continuous-operations,income-from-discontinued-operations,net-income,ebitda,ebit,basic-shares-outstanding,shares-outstanding,eps-basic-net-earnings-per-share,eps-earnings-per-share-diluted,current-ratio,long-term-debt-capital,debt-equity-ratio,gross-margin,operating-margin,ebit-margin,pre-tax-profit-margin,net-profit-margin,asset-turnover,inventory-turnover,receiveable-turnover,days-sales-in-receivables,roe,return-on-tangible-equity,roa,roi,book-value-per-share,operating-cash-flow-per-share,free-cash-flow-per-share
2023-09-30,2.98300,2.47100,0.51200,1.21300,0.03900,1.17400,-0.66200,-1.49400,-2.15600,-2.15600,-2.15600,,-2.19400,-0.35700,-0.66200,1.09700,1.09700,-2.00000,-2.00000,1.43120,0.52710,1.33230,17.16390,-22.19240,-22.19240,-72.27620,-73.55010,0.15880,0.69350,2.73920,32.85620,-81.23590,76.48110,-11.48030,-38.41770,1.72560,-0.8004,-0.9076
2023-06-30,2.66100,2.63500,0.02600,1.56300,0.13500,1.42800,-1.40200,-0.24100,-1.64300,-1.64300,-1.64300,,-1.68000,-0.99200,-1.40200,0.85600,0.85600,-1.96000,-1.96000,0.28000,,-3.94160,0.97710,-52.68700,-52.68700,-61.74370,-63.13420,0.13500,0.72990,2.87370,31.31910,40.68850,17.08970,-8.33710,40.68850,-4.17150,-0.2269,-0.1076
2023-03-31,2.85300,2.21200,0.64100,1.87500,-0.00600,1.88100,-1.24000,-0.35800,-1.59800,-1.59800,-1.59800,,-1.63600,-0.83300,-1.24000,0.82380,0.82380,-2.00000,-2.00000,0.28450,,-5.24330,22.46760,-43.46300,-43.46300,-56.01120,-57.34320,0.14090,0.55450,3.31740,27.12930,53.10740,18.44410,-7.89020,53.10740,-3.61220,-0.51960,-0.55360
2022-12-31,2.30900,2.45700,-0.14800,1.83800,0.04300,1.79500,-1.94300,-7.76600,-9.70900,-9.70900,-9.70900,,-9.74700,-1.59700,-1.94300,0.76690,0.76690,-12.62000,-12.62000,0.50880,,-5.30340,-6.40970,-84.14900,-84.14900,-420.48500,-422.13070,0.10750,0.55310,2.63580,34.14470,640.43260,133.47540,-45.20860,640.43540,-1.87160,-1.3392,-1.1444
2022-09-30,2.97700,2.78700,0.19000,2.14000,,2.14000,-1.95000,-0.78300,-2.73300,-2.73300,-2.73300,,-2.77100,-0.98000,-1.95000,0.77200,0.77200,-3.59000,-3.59000,0.64340,,0.66870,6.38230,-65.50220,-65.50220,-91.80380,-93.08030,0.09950,0.56020,3.26070,27.60160,-30.51930,62.69790,-9.13250,-30.51930,11.59450,-0.1591,-0.1228
2022-06-30,4.85700,3.40500,1.45200,2.47700,-0.10100,2.57800,-1.12600,-0.66200,-1.78800,-1.78800,-1.78800,,-1.82400,-0.21000,-1.12600,0.76400,0.76400,-2.39000,-2.39000,0.82890,,0.51280,29.89500,-23.18300,-23.18300,-36.81290,-37.55410,0.15290,0.65090,3.87630,23.21800,-15.42710,97.81180,-5.62720,-15.42710,15.00620,0.5372,-0.8511
2022-03-31,3.74000,2.79300,0.94700,2.57700,,2.57700,-1.63000,-0.40600,-2.03600,-2.03600,-2.03600,,-2.07400,-1.18700,-1.63000,0.74510,0.74510,-2.80000,-2.80000,1.34320,,0.54050,25.32090,-43.58290,-43.58290,-54.43850,-55.45450,0.10870,0.45900,2.98010,30.20050,-16.15750,221.30480,-5.91620,-16.15750,16.70560,-0.18250,-2.04680
2021-12-31,2.59400,1.99600,0.59800,2.30400,0.00200,2.30200,-1.70400,-0.51100,-2.21500,-2.21500,-2.21500,-0.01100,-2.25300,-1.26500,-1.70400,0.63540,0.63540,-4.40000,-4.00000,1.48500,,0.49400,23.05320,-65.69000,-65.69010,-85.38930,-86.85430,0.07730,0.30660,1.79390,50.16960,-16.53110,984.45530,-6.60010,-16.53110,18.11780,-5.2982,-5.4149
2021-09-30,3.20700,2.34700,0.86000,2.00400,-0.36000,2.36400,-1.50400,-0.38900,-1.89300,-1.89300,-1.89300,-0.01700,-4.19800,-1.02300,-1.50400,0.65280,0.65280,-6.40000,-6.40000,1.83660,0.19410,0.58550,26.81630,-46.89740,-46.89740,-59.02710,-130.90120,0.10890,0.38740,2.39690,37.54910,-16.74930,78.02970,-6.43000,-13.49830,16.04600,-3.8035,-3.7891
2021-06-30,3.44500,2.53600,0.90900,2.30200,,2.30200,-1.39300,-0.32800,-1.72100,-1.72100,-1.72100,-0.04700,-1.76800,-1.04900,-1.39300,0.61310,0.61310,-2.80000,-2.80000,1.28310,0.22340,0.75240,26.38610,-40.43540,-40.43540,-49.95650,-51.32080,0.12670,0.40360,2.26050,39.81420,-19.82950,33.40450,-6.32770,-15.39910,13.97810,-2.5963,-2.8553
2021-03-31,3.14800,2.60500,0.54300,2.78100,-0.06100,2.84200,-2.29900,2.07400,-0.22500,-0.22500,-0.22500,3.93300,3.70800,-1.99900,-2.29900,0.55450,0.59910,6.60000,6.20000,1.05230,,0.76080,17.24910,-73.03050,-73.03050,-7.14740,117.78910,0.11200,0.42320,3.15120,28.56100,-2.70600,4.00360,-0.80050,-2.70600,14.29060,2.33700,2.46060
2020-12-31,3.43900,3.36600,0.07300,2.09700,0.23500,1.86200,-1.78900,-0.62300,-2.41200,-2.41200,-2.41200,0.01300,-2.39900,-0.90700,-1.78900,0.50140,0.50140,-4.60000,-4.60000,0.42440,,-9.23740,2.12270,-52.02100,-52.02090,-70.13670,-69.75860,0.10840,0.50030,4.95530,18.16230,217.68920,15.92500,-7.60120,217.68950,-2.13450,-0.3446,-0.5549
2020-09-30,4.01800,2.61400,1.40400,3.15200,0.11200,3.04000,-1.63600,-0.21500,-1.85100,-1.85100,-1.85100,0.08400,-1.76700,-0.98400,-1.63600,0.50520,0.50520,-3.40000,-3.40000,0.44350,,11.37070,34.94280,-40.71680,-40.71680,-46.06770,-43.97710,0.12180,0.25320,3.06120,29.40070,-202.52540,13.96370,-5.61030,-202.52570,1.80110,-1.4304,-1.195
2020-06-30,3.63900,2.21800,1.42100,3.25700,0.02000,3.23700,-1.81600,-0.31900,-2.13500,-2.13500,-2.13500,-0.05100,-2.18600,-1.13000,-1.81600,0.49920,0.49920,-4.40000,-4.40000,1.03090,,4.18630,39.04920,-49.90380,-49.90380,-58.67000,-60.07150,0.10780,0.20630,3.12350,28.81340,-87.35520,17.77030,-6.32500,-87.35510,4.87980,-1.4981,-1.25
2020-03-31,2.91200,2.18700,0.72500,3.66900,-0.00100,3.67000,-2.94500,-0.30400,-3.24900,-3.24900,-3.24900,-0.25900,-3.50800,-2.19900,-2.94500,0.48780,0.48780,-7.20000,-7.20000,1.25980,,1.69660,24.89700,-101.13320,-101.13320,-111.57280,-120.46700,0.08490,0.19780,2.48790,36.17440,-75.88910,31.56460,-9.47060,-75.88900,8.76770,-2.72270,-2.79650
2019-12-31,0.24450,0.37770,-0.13320,1.05930,0.00090,1.05840,-1.19160,-2.84030,-4.03190,-4.03190,-4.03190,-3.43990,-7.47180,-0.62390,-1.19160,0.46380,0.46380,-16.00000,-16.00000,2.35780,0.28770,0.65200,-54.48440,-487.34730,-487.34750,-1648.93800,-3055.76300,0.00680,0.05290,0.18470,487.33360,-54.98280,54.70680,-11.24150,-39.16350,15.15870,-2.5177,-2.1743
2019-09-30,4.28650,2.59700,1.68950,5.04350,0.01410,5.02940,-3.33990,-0.11320,-3.45310,-3.45310,-3.45310,-0.09120,-3.54430,-2.87590,-3.33990,0.46280,0.46280,-7.60000,-7.60000,4.00250,0.17630,0.25450,39.41400,-77.91570,-77.91570,-80.55720,-82.68500,0.11360,0.21190,2.01560,44.65170,-25.02960,392.08850,-9.15020,-20.61740,28.99240,-3.5766,-3.9662
2019-06-30,3.73930,2.33750,1.40180,4.10880,,4.10880,-2.70710,-0.11710,-2.82420,-2.82420,-2.82420,-0.12430,-2.94850,-2.34450,-2.70710,0.45720,0.45720,-6.40000,-6.40000,4.66810,0.15950,0.20960,37.48740,-72.39590,-72.39590,-75.52780,-78.85200,0.14250,0.19630,1.68850,53.30150,-18.18190,-22.49330,-10.76050,-15.28170,33.88890,-5.0672,-7.3681
2019-03-31,3.35570,2.25470,1.10100,3.81540,,3.81540,-2.71440,-0.10740,-2.82180,-2.82180,-2.82180,-0.12160,-2.94340,-2.39180,-2.71440,0.45500,0.45500,-6.40000,-6.40000,4.87830,0.14070,0.19610,32.80930,-80.88980,-80.88980,-84.09060,-87.71440,0.11520,0.19500,1.79650,50.09620,-15.71170,-18.98070,-9.68400,-13.50090,39.42510,-8.52160,-10.86830
2018-12-31,1.88940,1.53520,0.35430,3.46500,,3.46500,-3.11070,-0.08550,-3.19620,-3.19620,-3.19620,,-3.19550,-3.00430,-3.11070,0.30370,0.30370,-8.60000,-8.60000,9.90040,0.13530,0.15650,18.74910,-164.63620,-164.63620,-169.15920,-169.12550,0.07170,0.13930,1.77570,50.68530,-17.04520,-17.33540,-12.12610,-14.73890,42.79120,-12.7248,-13.975
2018-09-30,1.48900,0.88680,0.60220,2.68840,,2.68850,-2.08620,-0.54030,-2.62650,-2.62650,-2.62650,,-2.62700,-1.64480,-2.08620,0.31280,0.31280,-8.40000,-8.40000,9.76580,0.13410,0.16820,40.44330,-140.10350,-140.10350,-176.38510,-176.42090,0.08050,0.08720,2.05360,43.82550,-20.87060,-21.42630,-14.20110,-18.07290,34.94240,-6.8814,-7.2165
2018-06-30,1.52470,0.76380,0.76090,2.56230,,2.56230,-1.80140,-0.10450,-1.90590,-1.90590,-1.90590,,-1.90660,-1.67320,-1.80140,0.25980,0.25980,-7.40000,-7.40000,7.67330,0.28700,0.49240,49.90660,-118.14980,-118.14980,-125.00460,-125.05030,0.11280,0.09680,2.62430,34.29430,-39.18630,-42.12180,-14.09640,-27.94130,18.61370,-15.8715,-17.158
2018-03-31,1.22030,0.62750,0.59280,1.85550,,1.85550,-1.26270,-0.05640,-1.31910,-1.31910,-1.31910,,-1.31850,-1.18170,-1.26270,0.24610,0.24610,-5.40000,-5.40000,5.52790,,0.06150,48.57770,-103.47000,-103.47000,-108.09480,-108.04620,0.12640,0.11830,3.00870,29.91320,-27.27360,-29.41090,-13.66660,-27.27360,19.17390,-10.35180,-11.74880
2017-12-31,0.77510,0.53230,0.24290,1.65030,0.00000,1.65020,-1.40740,-0.26840,-1.67580,-1.67580,-1.67580,,-1.67130,-1.12690,-1.40740,0.18590,0.18590,-6.60000,-6.60000,4.42360,,0.05710,31.33360,-181.56320,-181.56320,-216.19260,-215.61680,0.08590,0.13140,2.45830,36.61090,-32.54930,-34.95140,-18.56040,-32.54920,21.05750,-15.7307,-17.4241
2017-09-30,0.61830,0.38430,0.23410,1.60470,,1.60470,-1.37060,-0.04050,-1.41120,-1.41120,-1.41120,,-1.41150,-1.33130,-1.37060,0.20720,0.20720,-6.80000,-6.80000,10.02770,,0.00610,37.85510,-221.66300,-221.66300,-228.21860,-228.26730,0.07290,0.15900,3.20710,28.06310,-21.91210,-24.14250,-16.62590,-21.91210,26.69470,-5.0676,-5.9731
2017-06-30,0.60500,0.39460,0.21040,1.39830,-0.00540,1.40380,-1.19340,-0.09580,-1.28910,-1.28910,-1.28910,,-1.28770,-1.15670,-1.19340,0.16270,0.16270,-8.00000,-8.00000,6.04770,,0.01960,34.77600,-197.24190,-197.24190,-213.06810,-212.82430,0.13420,0.25860,2.45190,36.70660,-62.66990,-88.93570,-28.58680,-62.66990,12.31010,-8.3028,-8.9374
2017-03-31,0.61250,0.32290,0.28960,1.11250,-0.03550,1.14810,-0.85850,-0.04330,-0.90180,-0.90180,-0.90180,,-0.90690,-0.81250,-0.85850,0.13070,0.13070,-7.00000,-7.00000,3.47840,,,47.27790,-140.16660,-140.16660,-147.24020,-148.06250,0.20780,0.32430,1.70070,52.91810,-48.82080,-59.20840,-30.59250,-47.54850,12.63140,-8.61670,-8.91990
2016-12-31,0.60560,0.38510,0.22050,1.25070,,1.25070,-1.03020,-0.40640,-1.43900,-1.43900,-1.43900,,-1.45330,-1.02480,-1.03020,0.06240,0.06240,-10.99730,-10.99730,2.43140,,0.00400,36.40750,-170.12500,-170.12500,-237.62120,-239.98510,0.23770,0.49370,1.75550,51.26630,-162.23210,-127.02590,-56.47560,-127.02590,8.90940,-40.0031,-40.0629
2016-09-30,0.55420,0.37090,0.18330,1.52990,,1.52980,-1.34660,-0.09230,-1.43640,-1.43640,-1.43640,,-1.45600,-1.34100,-1.34660,0.07940,0.07940,-18.40000,-18.40000,1.05580,,-0.02460,33.08060,-242.98240,-242.98240,-259.20260,-262.73930,0.29390,0.42060,1.44690,62.20070,99.46160,208.97180,-76.18030,208.97180,-8.65270,-6.694,-6.6336
2016-06-30,0.49380,0.26820,0.22560,1.30310,,1.30310,-1.07750,-0.23200,-1.30950,-1.30950,-1.30950,,-1.32730,-0.88600,-1.07750,0.04760,0.04760,-27.80000,-27.80000,1.15100,,0.42690,45.68130,-218.22060,-218.22060,-265.19800,-268.79450,0.21650,0.34450,1.85480,48.52190,277.73830,-458.91320,-57.41210,-458.91330,3.64860,-25.611,-25.5758
2016-03-31,0.45480,0.25620,0.19860,1.04220,,1.04220,-0.84360,-0.17110,-1.01470,-1.01470,-1.01470,,-1.01470,-0.67880,-0.84360,0.03790,0.03790,-27.00270,-27.00270,,,,43.66970,-185.50820,-185.50820,-223.12310,-223.12310,,,,,,,,,,-7.15740,-7.34070
2015-12-31,0.98200,,0.98200,,,,0.98200,,0.98200,0.98200,-0.66900,0.00000,-0.66900,0.99810,0.98200,0.03840,0.03840,-24.00200,-24.00200,0.48380,,-0.44430,100.00000,100.00000,100.00000,100.00000,-68.12630,0.76010,,6.90550,13.03310,62.89880,62.89880,-51.78590,62.89880,-27.62910,1.7994,1.6197
2015-09-30,0.35210,0.16750,0.18460,1.58730,,1.58730,-1.40270,-0.00990,-1.41260,-1.41260,-1.41260,,-1.41260,-1.39780,-1.40270,0.03820,0.03820,-37.20370,-37.20370,,,,52.41890,-398.40350,-398.40350,-401.21790,-401.21790,,,,,,,,,,-8.2711,-9.0425
2015-06-30,0.30440,0.15770,0.14680,0.83200,,0.83200,-0.68530,-0.00280,-0.68810,-0.68810,-0.68810,,-0.68810,-0.68530,-0.68530,0.03800,0.03800,-24.00240,-24.00240,,,,48.21160,-225.11320,-225.11320,-226.02770,-226.02770,,,,,,,,,,-24.2575,-24.6085
2015-03-31,424.91000,,424.91000,,,,424.91000,,424.91000,424.91000,-0.83100,0.00000,-0.83100,424.91000,424.91000,0.03790,0.03790,-24.00200,-24.00200,,,,100.00000,100.00000,100.00000,100.00000,-0.19560,,,,,,,,,,0.00000,
2014-12-31,,,,,,,,,,,,,,,,,,,0.00000,,,,,,,,,,,,,,,,,,0,0
