Date,revenue,cost-goods-sold,gross-profit,selling-general-administrative-expenses,other-operating-income-expenses,operating-expenses,operating-income,total-non-operating-income-expense,pre-tax-income,total-provision-income-taxes,income-after-taxes,income-from-continuous-operations,income-from-discontinued-operations,net-income,ebitda,ebit,basic-shares-outstanding,shares-outstanding,eps-basic-net-earnings-per-share,eps-earnings-per-share-diluted,current-ratio,long-term-debt-capital,debt-equity-ratio,gross-margin,operating-margin,ebit-margin,pre-tax-profit-margin,net-profit-margin,asset-turnover,inventory-turnover,receiveable-turnover,days-sales-in-receivables,roe,return-on-tangible-equity,roa,roi,book-value-per-share,operating-cash-flow-per-share,free-cash-flow-per-share
2023-11-30,104.62100,74.09000,30.53100,17.41000,-0.00100,17.41100,13.12000,0.69600,13.81600,3.91000,9.90600,9.90600,,9.90600,17.57400,13.12000,25.89500,26.08300,0.38000,0.38000,5.81310,,,29.18250,12.54050,12.54050,13.20580,9.46850,0.26080,1.75050,2.17330,41.41230,2.84960,4.64720,2.46900,2.84960,13.45670,0.6718,0.6272
2023-08-31,106.76000,73.66100,33.09900,18.34100,-0.05200,18.39300,14.70600,0.57700,15.28300,4.37300,10.91000,10.91000,,10.91000,19.20300,14.70600,25.88610,26.05100,0.42000,0.42000,5.58610,,,31.00320,13.77480,13.77480,14.31530,10.21920,0.26770,1.61350,2.21420,40.64580,3.17940,5.25380,2.73520,3.17940,13.30710,0.5047,0.4433
2023-05-31,111.29400,77.25300,34.04100,18.34300,,18.34300,15.69800,0.46200,16.16000,4.52500,11.63500,11.63500,,11.63500,20.04200,15.69800,25.84000,25.98000,0.45000,0.45000,5.17780,,,30.58660,14.10500,14.10500,14.52010,10.45430,0.28110,1.60780,2.38690,37.70580,3.44560,5.72610,2.93820,3.44560,13.08130,0.83630,0.75540
2023-02-28,102.69200,74.34200,28.35000,17.87700,5.91100,11.96600,16.38400,-0.21300,16.17100,3.97800,12.19300,12.19300,,12.19300,20.69400,16.38400,25.81900,25.95100,0.47000,0.46000,4.76700,,,27.60680,15.95450,15.95450,15.74710,11.87340,0.26070,1.58740,1.91920,46.89390,3.67890,6.23600,3.09600,3.67890,12.85270,0.4893,0.5146
2022-11-30,110.24500,76.76800,33.47700,17.29200,-0.01500,17.30700,16.17000,-0.49600,15.67400,4.38800,11.28600,11.28600,,11.28600,20.50900,16.17000,25.81000,25.88900,0.44000,0.44000,4.69880,,,30.36600,14.66730,14.66730,14.21740,10.23720,0.28510,1.53780,2.41040,37.33880,3.51130,6.13680,2.91890,3.51130,12.46450,0.4719,0.4125
2022-08-31,111.23300,76.01400,35.21900,17.94200,,17.94200,17.27700,-0.34200,16.93500,4.74100,12.19400,12.19400,,12.19400,21.60600,17.27700,25.79710,25.85880,0.47000,0.47000,4.70490,,,31.66240,15.53230,15.53230,15.22480,10.96260,0.29160,1.57080,2.53450,35.50950,3.86720,6.62690,3.19660,3.86720,12.22770,0.2907,0.2611
2022-05-31,107.66700,73.66300,34.00400,17.68200,,17.68200,16.32200,-0.17200,16.15000,4.52300,11.62700,11.62700,,11.62700,20.70000,16.32200,25.81200,25.85500,0.45000,0.45000,4.28630,,,31.58260,15.15970,15.15970,15.00000,10.79900,0.28510,1.67800,2.63390,34.16950,3.76730,6.60110,3.07910,3.76730,11.97620,0.55060,0.51060
2022-02-28,99.66500,72.22900,27.43610,16.88700,-0.00400,16.89100,10.54500,-0.49700,10.04800,3.39300,6.65500,6.65500,,6.65500,15.43300,10.54500,26.02600,26.10900,0.25000,0.25000,4.43750,,,27.52820,10.58050,10.58050,10.08180,6.67740,0.27020,1.87420,2.55410,35.23780,2.19050,3.92470,1.80430,2.19050,11.77580,0.623,0.5317
2021-11-30,102.96800,73.76800,29.20000,17.51300,-0.00100,17.51400,11.68600,-0.88100,10.80500,3.24200,7.56300,7.56300,,7.56300,16.27900,11.68600,26.02000,26.02000,0.29000,0.29000,4.23070,,,28.35830,11.34920,11.34920,10.49360,7.34500,0.27850,1.82750,2.66920,33.71770,2.47200,4.46330,2.04570,2.47200,11.79200,0.3815,0.3031
2021-08-31,100.45100,71.55000,28.90100,18.09500,-0.00100,18.09600,10.80500,-0.14800,10.65700,3.19700,7.46000,7.46000,,7.46000,15.46700,10.80500,26.08000,26.17000,0.29000,0.29000,4.00240,,,28.77120,10.75650,10.75650,10.60920,7.42650,0.26910,1.78200,2.64850,33.98190,2.44330,4.46700,1.99870,2.44330,11.72190,0.4813,0.4277
2021-05-31,96.93000,67.74400,29.18600,18.91500,0.27700,18.63800,10.54800,-0.11400,10.43400,3.13000,7.30400,7.30400,,7.30400,15.18200,10.54800,26.02900,26.11300,0.28000,0.28000,3.99480,,,30.11040,10.88210,10.88210,10.76450,7.53530,0.26150,1.86600,2.71470,33.15230,2.40700,4.44910,1.97040,2.40700,11.65690,0.45520,0.45970
2021-02-28,89.92200,63.30600,26.61600,16.92200,-0.16600,17.08800,9.52800,-1.87500,7.65300,2.52800,5.12500,5.12500,,5.12500,14.29800,9.52800,25.99500,25.99500,0.20000,0.20000,4.22440,,,29.59900,10.59590,10.59590,8.51070,5.69940,0.24680,1.92380,2.37320,37.92390,1.70520,3.21940,1.40650,1.70520,11.58190,0.4618,0.4181
2020-11-30,92.44300,64.35500,28.08800,16.69000,0.15900,16.53100,11.55700,-0.25500,11.30200,2.93900,8.36300,8.36300,,8.36300,16.00300,11.55700,25.97400,25.97400,0.32000,0.32000,4.88760,,,30.38410,12.50180,12.50180,12.22590,9.04670,0.25690,2.01120,2.73510,32.90580,2.81870,5.11220,2.32440,2.81870,11.44980,0.4861,0.4672
2020-08-31,86.61200,61.45700,25.15500,16.53500,0.30000,16.23500,8.92000,-0.24300,8.67700,2.25600,6.42100,6.42100,,6.42100,13.32500,8.92000,25.97440,25.97440,0.25000,0.25000,4.48410,,,29.04330,10.29880,10.29880,10.01820,7.41350,0.24050,1.84470,2.58370,34.83430,2.18170,4.03450,1.78260,2.18170,11.33540,0.5122,0.5367
2020-05-31,88.99600,65.08900,23.90700,18.12300,0.11200,18.01100,5.89600,-0.24100,5.65500,1.47000,4.18500,4.18500,,4.18500,10.31200,5.89600,25.97500,25.97500,0.16000,0.16000,4.65610,,,26.86300,6.62500,6.62500,6.35420,4.70250,0.24960,1.90120,2.68330,33.54120,1.42830,2.68470,1.17390,1.42830,11.28870,0.57170,0.53360
2020-02-29,106.70300,76.76900,29.93400,19.07500,0.09100,18.98400,10.95000,0.14200,11.09200,2.51800,8.57400,8.57400,,8.57400,15.51200,10.95000,26.03600,26.03600,0.32000,0.32000,3.94750,,,28.05360,10.26210,10.26210,10.39520,8.03540,0.29180,2.20380,2.47650,36.34140,2.91310,5.52290,2.34460,2.91310,11.35660,0.4894,0.4904
2019-11-30,114.86000,81.02400,33.83600,19.75100,-0.00400,19.75500,14.08100,0.18000,14.26100,3.70800,10.55300,10.55300,,10.55300,18.83700,14.08100,26.01060,26.01060,0.41000,0.41000,3.78410,,,29.45850,12.25930,12.25930,12.41600,9.18770,0.31290,2.21730,2.55090,35.28150,3.51240,6.64890,2.87470,3.51240,11.59270,0.6434,0.597
2019-08-31,108.81600,76.35800,32.45800,19.64400,,19.64400,12.81400,0.06800,12.88200,3.34900,9.53300,9.53300,,9.53300,17.32800,12.81400,26.02940,26.02940,0.37000,0.37000,3.57300,,,29.82830,11.77580,11.77580,11.83830,8.76070,0.29990,1.95250,2.49070,36.13450,3.22040,6.25710,2.62700,3.22040,11.40340,0.4628,0.4348
2019-05-31,108.03300,75.33700,32.69600,19.70300,,19.70300,12.99300,0.02300,13.01600,3.38400,9.63200,9.63200,,9.63200,17.40200,12.99300,26.02800,26.02800,0.37000,0.37000,4.38450,0.09310,0.10260,30.26480,12.02690,12.02690,12.04820,8.91580,0.28000,2.04580,2.57980,34.88600,3.29570,6.48390,2.49640,2.98890,11.25070,0.60210,0.57130
2019-02-28,100.70200,71.61100,29.09100,18.24600,0.01800,18.22800,10.86300,0.09400,10.95700,2.75300,8.20400,8.20400,,8.20400,15.07600,10.86300,25.83000,25.84200,0.31000,0.32000,5.25460,0.09400,0.10380,28.88820,10.78730,10.78730,10.88060,8.14680,0.27740,2.02230,2.49530,36.06810,2.83750,5.61070,2.25950,2.57080,11.13910,0.5871,0.5499
2018-11-30,108.07000,74.31500,33.75500,19.94200,0.19300,19.74900,14.00600,-0.11400,13.89200,3.47300,10.41900,10.41900,,10.41900,18.81100,14.00600,26.19000,26.20200,0.40000,0.40000,5.32030,0.09440,0.10430,31.23440,12.96010,12.96010,12.85460,9.64100,0.29830,1.94330,2.60020,34.61260,3.62120,7.27550,2.87550,3.27930,11.07960,0.4553,0.4219
2018-08-31,98.59100,68.26800,30.32300,17.56700,0.00200,17.56500,12.75800,-0.00200,12.75600,3.18900,9.56700,9.56700,,9.56700,16.56500,12.75800,25.67160,25.68550,0.37000,0.37000,4.99050,0.09480,0.10470,30.75640,12.94030,12.94030,12.93830,9.70370,0.27210,1.95540,2.26480,39.73780,3.33930,6.82960,2.63990,3.02280,10.94940,0.4753,0.4238
2018-05-31,93.41900,63.22800,30.19100,17.73500,0.00400,17.73100,12.46000,-0.13100,12.32900,3.08200,9.24700,9.24700,,9.24700,15.93800,12.46000,25.33370,25.36380,0.37000,0.36000,5.92020,0.10140,0.11290,32.31780,13.33780,13.33780,13.19750,9.89840,0.28110,2.04150,2.57770,34.91460,3.47920,6.36110,2.78250,3.12640,10.51990,0.46880,0.42140
2018-02-28,87.08800,60.69300,26.39500,18.22600,-0.10300,18.32900,8.06600,-0.20200,7.86400,-0.29600,8.16000,8.16000,,8.30700,11.60400,8.06600,25.39200,25.41700,0.32000,0.32000,5.52380,0.10280,0.11460,30.30840,9.26190,9.26190,9.02990,9.53860,0.26440,2.29200,2.44260,36.84620,3.11800,5.75270,2.47690,2.79740,10.35880,0.4501,0.4287
2017-11-30,93.60600,63.65000,29.95600,16.64200,0.00400,16.63800,13.31800,-0.18400,13.13400,4.86000,8.27400,8.27400,,8.27400,16.85500,13.31800,25.36050,25.39350,0.33000,0.33000,6.02130,0.10350,0.11550,32.00220,14.22770,14.22770,14.03120,8.83920,0.28320,2.28970,2.43710,36.92940,3.18540,5.97820,2.50340,2.85560,10.23990,0.5758,0.5565
2017-08-31,94.88700,64.02800,30.85900,17.03800,-0.04800,17.08600,13.77300,-0.21700,13.55600,5.01600,8.54000,8.54000,,8.54000,17.35400,13.77300,25.34280,25.36600,0.34000,0.34000,5.89120,0.10490,0.11720,32.52180,14.51520,14.51520,14.28650,9.00020,0.29120,2.19060,2.48580,36.20510,3.33620,6.41420,2.62040,2.98620,10.13220,0.2706,0.2369
2017-05-31,94.59000,64.59800,29.99200,17.31600,-0.01500,17.33100,12.66100,-0.30600,12.35500,4.57100,7.78400,7.78400,,7.78400,16.21000,12.66100,25.42290,25.43680,0.31000,0.31000,5.17540,0.10640,0.11910,31.70740,13.38510,13.38510,13.06160,8.22920,0.29160,2.20860,2.60160,34.59470,3.08960,6.03710,2.39950,2.76090,9.97360,0.48540,0.45740
2017-02-28,86.57200,60.86600,25.70600,14.57600,-0.01200,14.58800,11.11800,-1.56900,9.54900,2.33900,7.21000,7.21000,-1.07600,6.13400,14.31600,11.11800,25.73500,25.74900,0.24000,0.24000,4.98030,0.10660,0.11940,29.69320,12.84250,12.84250,11.03010,7.08540,0.26700,2.17650,2.31670,38.84770,2.86850,5.68500,2.22340,2.56260,9.90890,0.6299,0.5852
2016-11-30,88.66000,63.36800,25.29200,15.83300,-0.26400,16.09700,9.19500,-0.08400,9.11100,3.37100,5.74000,5.74000,,5.74000,12.33700,9.19500,25.67380,25.68360,0.22000,0.22000,6.36160,0.10800,0.12110,28.52700,10.37110,10.37110,10.27630,6.47420,0.27830,2.33550,2.52230,35.68130,2.31740,4.28850,1.80150,2.06700,9.74860,0.5348,0.5215
2016-08-31,91.24600,64.20800,27.03800,16.05700,0.00400,16.05300,10.98500,-0.22000,10.76500,3.98100,6.78400,6.78400,,6.78400,14.17500,10.98500,25.89300,25.91000,0.26000,0.26000,6.02730,0.10630,0.11900,29.63200,12.03890,12.03890,11.79780,7.43480,0.28140,2.27470,2.46500,36.51150,2.69080,4.93780,2.09200,2.40470,9.77360,0.5393,0.5203
2016-05-31,90.41000,63.71600,26.69400,16.07100,-0.00600,16.07700,10.61700,-0.00900,10.60800,3.92500,6.68300,6.68300,-23.56100,-16.87800,13.75900,10.61700,25.78400,25.81100,-0.65000,-0.65000,7.89790,0.10750,0.12050,29.52550,11.74320,11.74320,11.73320,-18.66830,0.24730,2.30960,2.51290,35.81580,2.30100,3.82880,1.82810,2.05350,11.21430,0.58300,0.56670
2016-02-29,128.18500,94.19400,33.99100,23.13200,0.11200,27.26200,6.72900,0.81000,7.53900,2.69400,4.84500,4.84500,-0.44400,4.84500,9.89600,6.72900,25.70300,25.76100,0.19000,0.19000,4.35250,0.11820,0.13400,26.51710,5.24940,5.24940,5.88130,3.77970,0.32860,3.41050,3.50750,25.65930,1.62290,2.66580,1.24220,1.43110,11.65470,0.3089,0.3071
2015-11-30,97.51600,67.79700,29.71900,16.42700,0.36100,16.06600,13.65300,-0.01000,13.64300,5.04800,8.59500,8.59500,2.07900,10.67400,16.78400,13.65300,25.68400,25.72800,0.42000,0.41000,4.47340,0.13040,0.15000,30.47600,14.00080,14.00080,13.99050,10.94590,0.23960,0.68780,1.79780,50.06230,2.86520,5.27760,2.11150,2.49150,11.71020,0.7135,0.6822
2015-08-31,100.45500,69.09200,31.36300,16.11600,0.00800,16.10800,15.25500,,15.25500,5.64400,9.61100,9.61100,1.43500,11.04600,18.37200,15.25500,25.66280,25.69330,0.43000,0.43000,4.32790,0.17680,0.21480,31.22100,15.18590,15.18590,15.18590,10.99600,0.23840,0.70620,1.61990,55.55800,3.27720,6.21530,2.28120,2.69770,11.44860,1.1707,1.1253
2015-05-31,96.76900,66.80500,29.96400,16.05300,-0.00200,16.05500,13.90900,-0.00300,13.91000,5.14700,8.76300,8.76300,0.40800,9.17100,16.84700,13.90900,25.58700,25.59900,0.36000,0.36000,5.03760,0.22830,0.29580,30.96450,14.37340,14.37340,14.37440,9.47720,0.22160,0.62250,1.55640,57.82490,3.03190,5.85170,2.00690,2.33980,11.28290,1.17180,1.12650
2015-02-28,-59.61900,-64.59800,4.97900,-6.77500,0.03500,-100.13390,105.11290,1.42900,106.54200,18.94100,87.60100,87.60100,,8.59800,104.02690,105.11290,25.86400,25.86400,0.34000,0.34000,5.38030,0.27230,0.37410,-8.35140,-176.30780,-176.30780,-178.70480,-14.42160,-0.13150,-0.53920,-0.94840,-94.90010,30.77170,60.84930,19.32680,22.39400,11.14710,0.6896,0.6769
2014-11-30,146.97100,110.45500,36.51600,23.81700,0.01500,117.12600,-80.61000,-0.12500,-80.73500,-9.55600,-71.17900,-71.17900,,-71.17900,-76.56600,-80.61000,25.75300,25.75300,-2.76000,-2.76000,5.30100,0.25960,0.35050,24.84570,-54.84760,-54.84760,-54.93260,-48.43060,0.33050,0.88240,2.32630,38.68800,-24.58200,-45.58720,-16.00550,-18.20170,11.32190,0.5581,0.5333
2014-08-31,151.84100,113.65300,38.18800,21.82400,0.00300,21.82100,16.36700,-0.46800,15.89900,5.88300,10.01600,10.01600,,10.01600,20.46300,16.36700,25.99000,26.00300,0.39000,0.39000,5.07780,0.21890,0.28030,25.15000,10.77900,10.77900,10.47080,6.59640,0.27810,0.90320,2.26580,39.72030,2.69930,7.00380,1.83440,2.10830,14.32520,0.7314,0.7079
2014-05-31,141.18600,105.79800,35.38800,21.79500,0.00100,21.79400,13.59400,-0.84500,12.74900,4.71700,8.03200,8.03200,,8.03200,17.63000,13.59400,25.97320,25.98740,0.31000,0.31000,5.22200,0.22330,0.28750,25.06480,9.62840,9.62840,9.02990,5.68890,0.26050,0.81640,2.20930,40.73610,2.18900,5.68250,1.48220,1.70020,14.12170,0.51220,0.50060
2014-02-28,132.13800,98.55800,33.58010,21.04900,0.00400,45.27100,-11.69100,-0.41400,-12.10500,2.36200,-14.46700,-14.46700,,-14.46700,-7.66500,-11.69100,26.12500,26.14600,-0.57000,-0.57000,5.11360,0.22520,0.29070,25.41280,-8.84760,-8.84760,-9.16090,-10.94840,0.24640,0.75760,2.07450,43.38310,-3.98610,-10.64120,-2.69730,-3.08840,14.00100,-0.2218,-0.2448
2013-11-30,136.55000,98.79100,37.75900,22.34000,0.01500,22.32500,15.43400,-0.59500,14.83900,5.49000,9.34900,9.34900,,9.34900,19.21000,15.43400,26.12640,26.15690,0.36000,0.36000,4.38610,0.20070,0.25110,27.65210,11.30280,11.30280,10.86710,6.84660,0.24490,0.81110,2.21060,40.71260,2.45860,7.33380,1.67670,1.96510,14.60280,-0.0603,-0.131
2013-08-31,135.28800,98.62900,36.65900,21.08300,0.24800,20.83500,15.82400,-0.26900,15.55500,5.75400,9.80100,9.80100,,9.80100,19.02200,15.82400,26.10210,26.12870,0.38000,0.38000,4.40160,0.08540,0.09340,27.09700,11.69650,11.69650,11.49770,7.24450,0.27760,0.98060,2.28990,39.30280,2.61470,5.74950,2.01140,2.39140,14.39740,0.7078,0.6871
2013-05-31,138.46600,102.67100,35.79500,22.20500,0.00700,22.19800,13.59700,-0.09400,13.50300,4.99700,8.50600,8.50600,,8.50600,16.81600,13.59700,26.03800,26.05600,0.33000,0.33000,4.75890,0.10840,0.12150,25.85110,9.81970,9.81970,9.75190,6.14300,0.28290,1.04790,2.17090,41.45830,2.29720,5.13280,1.73800,2.04830,14.22830,0.82710,0.80170
2013-02-28,123.63800,92.29500,31.34300,19.80900,-0.00800,19.81700,11.52600,-0.47200,11.05400,3.98000,7.07400,7.07400,,7.07400,14.79700,11.52590,26.03560,26.05350,0.27000,0.27000,4.49400,0.13730,0.15920,25.35060,9.32230,9.32230,8.94060,5.72150,0.24960,0.84140,2.05820,43.72760,1.95840,4.55630,1.42820,1.68950,13.90950,0.3574,0.3253
2012-11-30,128.99600,98.38500,30.61100,20.59100,-0.00300,20.59400,10.01700,-0.51700,9.50000,3.33000,6.17000,6.17000,,6.17000,13.34700,10.01700,26.02500,26.04600,0.24000,0.24000,4.82880,0.14140,0.16460,23.73020,7.76540,7.76540,7.36460,4.78310,0.25930,0.89860,2.22420,40.46360,1.69300,3.89600,1.24020,1.45360,14.03670,0.4314,0.3985
2012-08-31,138.34400,104.39500,33.94900,21.33100,0.00500,21.32600,12.62300,-0.66700,11.95600,4.36400,7.59200,7.59200,,7.59200,15.96500,12.62300,25.99250,26.01110,0.29000,0.29000,4.81010,0.16200,0.19330,24.53960,9.12440,9.12440,8.64220,5.48780,0.27370,0.96440,2.17550,41.36930,2.09680,4.88910,1.50180,1.75710,13.94610,0.5604,0.5327
2012-05-31,142.52800,114.27900,28.24900,22.02600,0.00400,22.02200,6.22700,-0.11900,6.10800,2.22900,3.87900,3.87900,,3.87900,9.66800,6.22700,25.96300,25.98300,0.15000,0.15000,5.21400,0.19210,0.23780,19.82000,4.36900,4.36900,4.28550,2.72160,0.27790,0.97360,2.42890,37.05440,1.08530,2.57970,0.75630,0.87680,13.77060,0.56830,0.56340
2012-02-29,121.52600,94.99100,26.53500,20.56400,0.00400,20.56000,5.97490,-0.73400,5.24100,1.91100,3.33000,3.33000,,3.33000,9.06390,5.97500,25.94600,25.96800,0.13000,0.13000,4.36320,0.20010,0.25010,21.83480,4.91660,4.91660,4.31270,2.74020,0.22840,0.71650,2.06710,43.53880,0.92530,2.19690,0.62600,0.74020,13.88190,-0.0926,-0.084
2011-11-30,121.84600,91.66300,30.18300,19.09400,0.00800,19.08600,11.09700,-0.08700,11.01000,4.11800,6.89200,6.89200,,6.89200,14.13200,11.09700,25.93500,25.95400,0.27000,0.27000,2.10090,,0.13800,24.77140,9.10740,9.10740,9.03600,5.65630,0.25150,0.75410,2.58020,34.88140,1.90230,4.04390,1.42240,1.90230,13.97730,0.548,0.5052
2011-08-31,130.38400,96.29000,34.09400,18.44700,0.12500,18.32200,15.77200,-0.49300,15.27900,5.56700,9.71200,9.71200,,9.71200,18.83300,15.77200,25.93400,25.96100,0.37000,0.37000,2.06570,,0.13810,26.14890,12.09660,12.09660,11.71850,7.44880,0.26710,0.79720,2.48290,36.24810,2.68320,5.72970,1.98980,2.68320,13.96450,0.0561,-0.0149
2011-05-31,143.25800,103.55700,39.70100,20.85700,,20.85700,18.84400,-0.99400,17.85000,6.42600,11.42400,11.42400,,11.42400,22.04300,18.84400,25.89400,25.92400,0.44000,0.44000,3.69830,0.12300,0.14090,27.71290,13.15390,13.15390,12.46000,7.97440,0.29230,0.89840,2.66190,33.81050,3.20320,6.98330,2.33070,2.80930,13.79360,0.43480,0.35310
2011-02-28,131.40700,95.31600,36.09100,21.18400,,21.18300,14.90800,-0.31300,14.59500,4.77600,9.81900,9.81900,,9.81900,17.50700,14.90800,25.85500,25.88800,0.38000,0.38000,3.87270,0.12570,0.14550,27.46510,11.34490,11.34490,11.10670,7.47220,0.27740,0.94970,2.25170,39.96980,2.82410,6.37470,2.07270,2.46910,13.44690,0.0829,-0.1048
2010-11-30,134.81700,98.29800,36.51900,20.97100,,20.97100,15.54800,-0.36200,15.18600,5.54300,9.64300,9.64300,,9.64300,18.27700,15.54800,25.85800,25.90700,0.37000,0.37000,3.47660,0.13100,0.15080,27.08780,11.53270,11.53270,11.26420,7.15270,0.28700,0.99390,2.48130,36.27120,2.85560,6.72290,2.05270,2.48150,13.10840,0.1201,-0.098
2010-08-31,143.03400,103.32600,39.70800,20.27600,0.00000,20.27600,19.43200,-0.33200,19.10000,6.97100,12.12900,12.12900,,12.12900,22.22500,19.43200,25.84000,25.88300,0.47000,0.47000,3.30170,0.11090,0.12470,27.76120,13.58560,13.58560,13.35350,8.47980,0.31740,1.23100,2.56370,35.10610,3.66610,8.91540,2.69140,3.25950,12.80900,0.6894,0.3006
2010-05-31,140.74100,98.56100,42.18000,21.24700,,21.24700,20.93300,-0.39700,20.53600,7.49600,13.04000,13.04000,,13.04000,23.70900,20.93300,25.80100,25.85000,0.51000,0.50000,3.43640,0.11380,0.12840,29.97000,14.87340,14.87340,14.59130,9.26520,0.32000,1.26450,2.34890,38.31530,4.03970,10.23560,2.96470,3.58020,12.50260,0.37330,-0.13570
2010-02-28,121.38500,87.17200,34.21300,18.32100,-0.00400,18.32500,15.88800,-0.49700,15.39500,5.56100,9.83400,9.83400,,9.83400,18.74200,15.88800,25.76900,25.79700,0.38000,0.37000,3.34210,0.11780,0.13350,28.18550,13.08890,13.08890,12.68280,8.10150,0.28050,1.16020,2.12030,42.44690,3.13920,8.38580,2.27270,2.76950,12.16020,0.4333,0.1028
2009-11-30,127.75600,93.45600,34.30000,19.00600,0.00200,19.00400,15.29600,-0.70200,14.59000,5.39900,9.19100,9.19100,,9.19100,18.22400,15.29600,25.76400,25.82600,0.36000,0.36000,3.42040,0.12050,0.13710,26.84810,11.97280,11.97280,11.42020,7.19420,0.30070,1.22890,2.21310,40.66610,2.99280,8.31610,2.16360,2.63220,11.93580,0.8289,0.5994
2009-08-31,137.76700,101.94500,35.82200,19.95200,0.00100,19.95100,15.87100,-0.71900,15.15200,5.60600,9.54600,9.54600,,9.54600,18.83600,15.87100,25.73600,25.78100,0.37000,0.37000,3.55700,0.14720,0.17290,26.00190,11.52020,11.52020,10.99830,6.92910,0.32180,1.29790,2.14850,41.88880,3.16740,9.16150,2.22950,2.70110,11.71320,0.9642,0.7637
2009-05-31,130.83000,99.84600,30.98400,19.45900,0.00200,19.45700,11.52700,-0.99500,10.53200,3.89700,6.63500,6.63500,,6.63500,14.59700,11.52700,25.82100,25.83700,0.26000,0.26000,1.57230,,0.25860,23.68260,8.81070,8.81070,8.05010,5.07150,0.29650,1.12980,2.15700,41.72480,2.24560,6.79180,1.50350,2.24560,11.49020,0.97420,0.95000
2009-02-28,117.32600,91.39700,25.92900,18.35700,-4.52400,86.03200,-60.10300,-0.44200,-60.54500,2.37600,-62.92100,-62.92100,,-62.92100,-56.95900,-60.10300,25.72400,25.79000,-2.43000,-2.43000,4.15350,0.20690,0.26160,22.10000,-51.22730,-51.22740,-51.60410,-53.62920,0.26890,0.90340,2.04160,44.08260,-21.54790,-67.20320,-14.41890,-17.08920,11.35460,1.7145,1.507
