Date,revenue,cost-goods-sold,gross-profit,selling-general-administrative-expenses,operating-expenses,operating-income,pre-tax-income,total-provision-income-taxes,income-after-taxes,income-from-continuous-operations,income-from-discontinued-operations,net-income,basic-shares-outstanding,shares-outstanding,eps-basic-net-earnings-per-share,eps-earnings-per-share-diluted,long-term-debt-capital,debt-equity-ratio,pre-tax-profit-margin,net-profit-margin,asset-turnover,roe,return-on-tangible-equity,roa,roi,book-value-per-share,operating-cash-flow-per-share,free-cash-flow-per-share
2023-12-31,277.38710,,277.38710,283.18800,,-252.97000,-271.69600,-0.93400,-270.76200,-270.76200,,-270.76200,23.67000,23.67000,-11.44000,-11.34000,0.77990,3.54290,-97.94840,-97.61160,0.05990,-28.91100,-82.03350,-5.84740,-6.36400,39.77650,1.6972,3.5605
2023-09-30,309.61900,,309.61900,268.36000,,30.06300,30.06300,10.72400,19.33900,19.33900,,19.33900,23.71200,24.38200,0.82000,0.79000,0.72210,2.59780,9.70970,6.24610,0.06500,1.61320,5.18790,0.40630,0.44840,50.94920,2.1871,1.8909
2023-06-30,323.04400,,323.04400,276.00800,,36.33400,36.33400,10.02900,26.30500,26.30500,,26.30500,23.67000,24.28000,1.11000,1.08000,0.72190,2.59630,11.24740,8.14290,0.06620,2.13200,6.89260,0.53940,0.59280,52.53720,1.1393,0.9438
2023-03-31,312.63000,,312.63000,276.72500,,25.03500,25.03500,6.40900,18.62600,18.62600,,18.62600,23.54800,24.94200,0.79000,0.75000,0.72240,2.60250,8.00790,5.95780,0.06670,1.57290,5.32200,0.39750,0.43660,50.42820,1.43990,1.24400
2022-12-31,233.99600,,233.99600,264.52300,,-41.81200,-45.88700,27.23100,-73.11800,-73.11800,,-73.11800,24.14200,26.09200,-2.84000,-2.45000,0.71080,2.45740,-19.61020,-31.24750,0.05190,-6.19840,-20.40050,-1.62180,-1.79280,50.57780,2.0991,2.5479
2022-09-30,307.75200,,307.75200,253.67900,,42.41400,42.41400,10.92000,31.49400,31.49400,,31.49400,23.95800,25.91900,1.31000,1.22000,0.69280,2.25510,13.78190,10.23360,0.07110,2.64010,7.43870,0.72770,0.81100,50.68100,2.2448,1.8838
2022-06-30,356.91700,,356.91700,261.58200,,83.68900,83.68900,23.25000,60.43900,60.43900,,60.43900,24.35900,26.41100,2.48000,2.29000,0.69400,2.26780,23.44780,16.93360,0.08000,4.90740,14.83570,1.35530,1.50170,51.34020,1.7464,1.5521
2022-03-31,499.68200,,499.68200,257.08000,,230.77300,230.77300,55.02400,175.74900,175.74900,,175.74900,24.72200,27.48200,7.11000,6.40000,0.70190,2.35410,46.18400,35.17220,0.10830,14.10080,47.52110,3.80870,4.20410,51.16270,1.98420,1.72660
2021-12-31,357.30300,,357.30300,259.77300,,85.14500,85.14500,9.06200,76.08300,76.08300,,76.08300,30.12900,31.15300,2.75000,2.56000,0.71660,2.52880,23.82990,21.29370,0.07750,6.41910,26.46680,1.65110,1.81900,48.29720,2.9684,3.6679
2021-09-30,412.62400,,412.62400,290.21900,,108.26900,108.26900,24.70300,83.56600,83.56600,,83.56600,30.22500,31.36200,2.76000,2.66000,0.66660,1.99900,26.23910,20.25230,0.09070,5.97400,16.60350,1.83660,1.99200,47.26060,2.0177,1.5766
2021-06-30,427.73500,,427.73500,294.29500,,121.39400,121.39400,24.60700,96.78700,96.78700,,96.50300,30.90900,31.41500,3.12000,3.07000,0.68890,2.21460,28.38070,22.56140,0.09140,7.14640,22.03300,2.06820,2.22310,44.53190,2.5704,2.3602
2021-03-31,416.83700,,416.83700,283.59200,,121.73300,121.73300,26.96800,94.76500,94.76500,,94.63000,31.46900,31.83200,3.01000,2.97000,0.71140,2.46480,29.20400,22.70190,0.08740,7.41060,25.84870,1.98660,2.13880,41.23780,2.17140,2.05220
2020-12-31,382.61000,,382.61000,323.55500,,47.71110,47.71100,10.49900,37.21200,37.21200,,37.32000,31.42700,31.71000,1.18000,1.16000,0.72900,2.68970,12.46990,9.75410,0.07870,3.05000,11.88450,0.76500,0.82660,38.92410,2.0118,1.6326
2020-09-30,403.67600,,403.67600,318.21300,,74.85400,74.85400,19.74700,55.10700,55.10700,,54.65000,31.48400,31.82600,1.74000,1.72000,0.74260,2.88500,18.54310,13.53810,0.08530,4.88860,21.14630,1.16450,1.25830,35.96290,1.2096,0.9105
2020-06-30,426.03300,,426.03300,249.13700,,166.35400,166.35400,35.57000,130.78400,130.78400,,130.33200,31.41300,31.56000,4.15000,4.13000,0.76290,3.21740,39.04720,30.59200,0.08990,12.54660,63.99590,2.75870,2.97500,33.31590,4.3834,3.9706
2020-03-31,289.08100,,289.08100,284.81700,,-6.02100,-6.02100,4.55800,-10.57900,-10.57900,,-10.45400,31.30800,31.30800,-0.33000,-0.33000,0.78980,3.75840,-2.08280,-3.61630,0.06260,-1.16790,-15.90590,-0.22920,-0.24540,29.00080,2.26160,2.26160
2019-12-31,347.79390,,347.79390,279.38290,,57.11790,57.11800,13.88600,43.23200,43.23200,,43.08500,31.21000,31.47400,1.39000,1.36000,0.77410,3.42620,16.42300,12.38810,0.07080,4.21610,30.61300,0.88050,0.95250,32.97440,1.5545,4.6958
2019-09-30,355.93600,,355.93600,292.78400,,42.43400,42.43400,3.02100,39.41300,39.41300,,38.86900,31.33800,31.65700,1.24000,1.23000,0.78770,3.71140,11.92180,10.92020,0.07560,4.26550,42.63260,0.83710,0.90540,29.74970,2.7585,2.3446
2019-06-30,346.87400,,346.87400,288.55800,,48.57500,48.57500,11.75300,36.82200,36.82200,,36.66100,31.22500,31.42600,1.17000,1.17000,0.79630,3.90910,14.00360,10.56900,0.07210,4.07790,98.37610,0.76540,0.83070,29.14650,3.1122,2.8821
2019-03-31,347.07700,,347.07700,283.96700,,53.11500,53.11500,3.67300,49.44200,49.44200,,49.25400,31.20100,31.35900,1.58000,1.57000,0.80420,4.10830,15.30350,14.19110,0.07210,5.65340,-593.74900,1.02710,1.10670,28.24160,0.35050,0.02440
2018-12-31,348.72120,,348.72120,283.59700,,55.12820,55.12800,9.09500,46.03300,46.03300,,47.03600,28.31300,28.57200,1.55000,1.54000,0.80980,4.25850,15.80860,13.48810,0.07530,5.61590,-95.03490,0.99380,1.06800,26.54090,2.5529,1.4342
2018-09-30,336.77400,,336.77400,297.00600,,29.89500,29.89500,16.87900,13.01600,13.01600,,20.72500,29.86700,30.12100,0.69000,0.69000,0.82090,4.58240,8.87690,6.15400,0.07250,1.67470,-10.72360,0.28010,0.30000,25.19170,0.288,-0.0213
2018-06-30,349.74700,,349.74700,300.54200,,38.28200,38.28200,11.30800,26.97400,26.97400,,26.29800,26.15000,26.40900,1.01000,1.00000,0.85150,5.73600,10.94560,7.51920,0.07590,4.38260,-9.18810,0.58560,0.65060,23.73550,3.6577,3.1489
2018-03-31,326.78800,,326.78800,283.16900,,33.18300,33.18300,9.47000,23.71300,23.71300,,21.82700,26.05600,26.41600,0.84000,0.83000,0.85700,5.99410,10.15430,6.67930,0.07040,3.94050,-6.67320,0.51080,0.56340,23.22380,0.03900,-0.38580
2017-12-31,317.48110,,317.48110,291.93700,,11.38610,11.38600,8.60700,2.77900,2.77900,,12.68100,25.97200,26.40500,0.49000,0.48000,0.85770,6.02670,3.58640,3.99430,0.07070,0.48590,-0.77830,0.06190,0.06910,22.16710,1.6337,1.336
2017-09-30,306.69900,,306.69900,238.18900,,59.98800,59.98800,17.84400,42.14400,42.14400,,28.19400,26.01100,26.73600,1.08000,1.05000,0.84840,5.59820,19.55920,9.19270,0.07350,7.49340,-14.49510,1.00970,1.13570,21.84560,0.3542,0.0408
2017-06-30,290.91700,,290.91700,249.63800,,32.60700,32.60700,13.53100,19.07600,19.07600,,20.25500,25.98300,26.39100,0.78000,0.77000,0.84550,5.47150,11.20840,6.96250,0.07420,3.52150,-6.58130,0.48680,0.54420,21.04440,1.6602,1.4392
2017-03-31,271.94100,,271.94100,236.07100,,27.24500,27.24500,12.06700,15.17800,15.17800,-0.19900,22.09800,25.87600,26.08700,0.85000,0.85000,0.82910,4.85050,10.01870,8.12600,0.07220,2.56460,-7.41880,0.40320,0.43840,23.00290,1.04110,0.80800
2016-12-31,271.38400,,271.38400,223.77600,,38.86800,38.86800,28.37400,10.49400,10.49400,0.82900,22.81200,25.71300,25.90900,0.88000,0.89000,0.83570,5.08550,14.32210,8.40580,0.07390,1.90190,-4.49870,0.28590,0.31250,21.55920,1.7225,1.1422
2016-09-30,179.41500,,179.41500,237.09700,,-65.71400,-65.71400,-13.76800,-51.94600,-51.94600,,-1.52400,25.77700,25.77700,-0.06000,-0.06000,0.83220,4.95790,-36.62680,-0.84940,0.04840,-9.04150,21.18010,-1.40190,-1.51760,22.50220,1.411,1.1591
2016-06-30,289.44200,,289.44200,236.92300,,44.28400,44.28400,13.45100,30.83300,30.83300,,29.58800,25.74200,25.87400,1.15000,1.14000,0.81930,4.53390,15.29980,10.22240,0.07680,4.90670,-14.53330,0.81780,0.88670,24.61660,0.6655,0.3747
2016-03-31,289.01700,,289.01700,239.21900,,39.93700,39.93700,10.14800,29.78900,29.78900,-3.18200,25.69400,25.55000,25.86800,1.01000,0.99000,0.82380,4.67660,13.81820,8.89010,0.07560,4.81480,-10.95970,0.77910,0.84820,24.25510,1.23140,1.13210
2015-12-31,290.60910,,290.60910,246.70900,,34.79810,34.79800,3.98800,30.81000,30.81000,-29.21400,-0.98800,25.72200,26.64700,-0.02000,0.01000,0.82980,4.87640,11.97420,-0.34000,0.06960,5.10320,-9.59490,0.73800,0.86840,23.87450,1.8684,1.4132
2015-09-30,278.91400,,278.91400,288.88200,,-18.01100,-18.01100,-6.36100,-11.65000,-11.65000,2.28600,-10.95900,25.45000,25.45000,-0.43000,-0.43000,0.83280,4.97940,-6.45750,-3.92920,0.06800,-1.86140,3.70650,-0.28390,-0.31130,24.76320,0.7291,0.5054
2015-06-30,282.66200,,282.66200,236.33900,,38.44500,38.44500,14.92100,23.52400,23.52400,1.66100,27.65700,25.88500,26.91900,1.07000,1.03000,0.82920,4.85360,13.60110,9.78450,0.06870,3.64290,-7.25640,0.57180,0.62230,25.58720,1.0514,0.8125
2015-03-31,277.78200,,277.78200,226.94400,,42.70100,42.70100,14.61400,28.08700,28.08700,1.88000,29.42500,26.07200,27.31500,1.13000,1.08000,0.80850,4.22320,15.37210,10.59280,0.07610,4.40810,-12.29020,0.76990,0.84390,24.49520,0.70990,0.55350
2014-12-31,247.21100,,247.21100,204.57400,,35.41500,35.41500,12.66300,22.75200,22.75200,,26.65000,25.85300,27.49500,1.03000,0.98000,0.81560,4.42370,14.32580,10.78030,0.06590,3.62880,-8.39710,0.60670,0.66910,24.30720,0.4434,0.1014
2014-09-30,273.28200,,273.28200,226.05700,,40.29200,40.29200,10.15400,30.13800,30.13800,,30.33500,25.87900,27.33200,1.17000,1.11000,0.82300,4.65050,14.74370,11.10030,0.07340,5.02220,-9.37650,0.80970,0.88880,23.33200,1.7085,1.5362
2014-06-30,269.19500,,269.19500,227.00300,,35.36300,35.36300,14.01000,21.35300,21.35300,,23.56100,25.79800,27.49200,0.91000,0.86000,0.82610,4.75180,13.13660,8.75240,0.07490,3.73600,-6.92460,0.59430,0.64950,22.29900,1.4741,1.2544
2014-03-31,253.74100,,253.74100,217.05200,,30.57200,30.57200,11.74200,18.83000,18.83000,,23.18000,25.74900,28.19600,0.90000,0.82000,0.82330,4.65890,12.04850,9.13530,0.07390,3.35840,-6.63290,0.54820,0.59350,21.83250,0.43090,0.32530
2013-12-31,237.09900,,237.09900,193.15300,,38.92600,38.92600,15.27800,23.64800,23.64800,-1.43200,22.95300,24.65900,26.20400,0.90000,0.82000,0.76260,3.21310,16.41760,9.68080,0.08830,4.10620,32.98460,0.88070,0.97460,22.62270,1.387,1.1756
2013-09-30,235.55800,,235.55800,199.39100,,31.64400,31.64400,10.27200,21.37200,21.37200,-0.30800,21.88600,25.53500,27.18300,0.86000,0.81000,0.76730,3.29660,13.43360,9.29110,0.09090,3.89970,36.52090,0.82490,0.90760,21.56620,1.0139,0.9277
2013-06-30,156.12100,,156.12100,135.68400,,18.27900,18.27900,7.26700,11.01200,11.01200,,11.01200,23.96600,24.85500,0.46000,0.44000,0.68460,2.17030,11.70820,7.05350,0.08650,2.15770,2.81940,0.60990,0.68060,20.21110,-0.5178,-0.6376
2013-03-31,144.58600,,144.58600,110.72100,,32.01900,32.01900,12.57100,19.44800,19.44800,,19.44800,23.44600,24.41400,0.83000,0.80000,0.60210,1.51320,22.14530,13.45080,0.12770,4.55530,5.18570,1.71730,1.81260,18.29500,0.97050,0.87560
2012-12-31,143.25800,,143.25800,108.73300,,32.87790,33.52800,13.36100,20.16700,20.16700,0.00000,20.16700,24.85500,25.83600,0.82000,0.79000,0.63500,1.73980,23.29820,14.01380,0.12290,4.96950,5.75590,1.72170,1.81380,17.49890,1.2735,1.031
2012-09-30,145.21800,,145.21800,108.49000,,35.19500,35.19500,13.88700,21.30800,21.30800,,21.30800,25.07100,26.04700,0.85000,0.82000,0.58790,1.42660,24.23600,14.67310,0.13090,4.94180,5.67880,1.92120,2.03650,17.24590,0.8126,0.9131
2012-06-30,141.89600,0.65000,141.24600,107.99200,109.41200,31.83400,31.83400,12.84600,18.98800,18.98800,-2.39200,16.59600,24.91900,25.82500,0.67000,0.64000,0.63500,1.74000,22.53800,11.74970,0.12090,4.70420,5.45990,1.62580,1.71690,16.27780,0.6742,0.6342
2012-03-31,126.40500,,126.40500,95.39700,,29.76800,29.76800,11.66000,18.10800,18.10800,-6.70200,11.40600,24.77900,25.74000,0.46000,0.44000,0.50850,1.03480,23.54970,9.02340,0.15080,4.70510,4.78020,2.16090,2.31230,15.58380,1.05300,0.99250
2011-12-31,111.50700,,111.50700,89.08000,,21.41100,27.00400,10.16600,16.83800,16.83800,0.29600,17.13400,24.57200,25.69000,0.70000,0.65000,0.51140,1.04690,23.06060,14.63190,0.14410,4.53200,4.74190,2.07240,2.21410,15.15230,1.018,0.9365
2011-09-30,115.84300,,115.84300,89.64500,,25.14400,25.14400,9.83400,15.31000,15.31000,0.06000,15.37000,24.63800,25.60400,0.62000,0.60000,0.49300,0.97250,21.70520,13.26800,0.15500,4.32580,4.53760,2.04830,2.19300,14.46230,1.0348,0.9568
2011-06-30,111.09300,,111.09300,85.89400,,24.24100,24.24100,9.47500,14.76600,14.76600,0.00900,14.77500,24.43300,25.61000,0.60000,0.58000,0.52860,1.12130,21.82050,13.29970,0.14560,4.37800,4.60450,1.93530,2.06390,13.79560,0.2543,0.222
2011-03-31,110.30300,5.59300,104.71000,81.37700,82.43000,22.28000,22.28000,8.60100,13.67900,13.67900,,13.67900,24.26000,25.45100,0.56000,0.54000,0.54530,1.19930,21.27780,13.06370,0.13880,4.29020,4.52680,1.81370,1.95070,13.19100,0.98520,0.96040
2010-12-31,82.75800,,82.75800,76.18400,,6.26300,20.60900,8.09600,12.51300,12.51300,,14.17100,23.89700,25.09100,0.59000,0.55000,0.56000,1.27280,21.22360,14.59360,0.13190,4.13380,4.37570,1.69910,1.81890,12.60660,0.9209,0.8809
2010-09-30,97.96700,4.92800,93.03900,73.30100,74.11700,18.92200,18.92200,6.63200,12.29000,12.29000,,12.29000,23.94700,25.15400,0.51000,0.49000,0.53890,1.16900,20.33770,13.20950,0.14010,4.28950,4.55720,1.85070,1.97770,11.98550,0.6919,0.6894
2010-06-30,96.23100,4.88000,91.35100,72.12000,72.87200,18.47900,18.47900,6.74900,11.73000,11.73000,,11.73000,23.71300,24.95800,0.49000,0.47000,0.54700,1.20770,20.22860,12.84060,0.14150,4.31050,4.59640,1.81680,1.95250,11.44110,0.5637,0.5061
2010-03-31,87.33800,4.53800,82.80000,64.77600,65.44900,17.35100,17.35100,6.49000,10.86100,10.86100,,10.86100,23.49400,24.68500,0.46000,0.44000,0.55290,1.23660,20.95530,13.11720,0.13300,4.22330,4.52280,1.74470,1.88830,10.96280,0.83160,0.82320
2009-12-31,81.55200,3.95900,77.59300,63.88200,64.57900,13.01400,13.01400,4.60900,8.40500,8.40500,,8.40500,23.21500,24.08200,0.35000,0.34000,0.55490,1.24680,16.77210,10.83220,0.13040,3.45760,3.71960,1.41220,1.53890,10.40670,0.8682,0.8258
2009-09-30,80.38600,3.97000,76.41600,60.81200,61.46400,14.95200,14.95200,5.94800,9.00400,9.00400,,9.00400,23.22500,24.19900,0.39000,0.37000,0.58310,1.39870,19.56660,11.78290,0.12680,3.88220,4.19420,1.49350,1.61850,10.01470,0.9044,0.8129
2009-06-30,78.03500,3.95800,74.07700,62.65000,63.27000,10.80700,10.80700,4.16600,6.64100,6.64100,,6.64100,23.16800,23.97100,0.29000,0.28000,0.59140,1.44710,14.58890,8.96500,0.12660,3.00000,3.25600,1.13460,1.22590,9.56710,0.6901,0.6516
2009-03-31,76.44600,4.27300,72.17300,56.58000,57.20300,14.97000,14.97000,5.97300,8.99700,8.99700,,8.99700,23.12200,23.63100,0.39000,0.38000,0.58100,1.38670,20.74180,12.46590,0.13090,4.21000,4.58690,1.63130,1.76390,9.26710,0.71470,0.69480
