Date,revenue,cost-goods-sold,gross-profit,selling-general-administrative-expenses,operating-expenses,operating-income,total-non-operating-income-expense,pre-tax-income,total-provision-income-taxes,income-after-taxes,income-from-continuous-operations,net-income,ebitda,ebit,basic-shares-outstanding,shares-outstanding,eps-basic-net-earnings-per-share,eps-earnings-per-share-diluted,long-term-debt-capital,debt-equity-ratio,operating-margin,ebit-margin,pre-tax-profit-margin,net-profit-margin,asset-turnover,roe,return-on-tangible-equity,roa,roi,book-value-per-share,operating-cash-flow-per-share,free-cash-flow-per-share
2024-03-31,4133.00000,3243.00000,890.00000,22.00000,22.00000,868.00000,-37.00000,832.00000,99.00000,733.00000,733.00000,733.00000,838.00000,868.00000,42.90000,42.90000,16.87000,16.87000,0.19900,0.24850,21.00170,21.00170,20.13070,17.73530,0.08110,5.37860,5.37820,1.43900,4.30820,314.00920,25.68760,25.68760
2023-12-31,3660.00000,3334.00000,326.00000,18.00000,152.00000,174.00000,,271.00000,-533.00000,804.00000,804.00000,804.00000,145.00000,174.00000,41.30000,41.30000,18.99000,18.99000,0.20410,0.25650,4.75410,4.75410,7.40440,21.96720,0.07410,6.09000,6.09000,1.62760,4.84690,304.19350,27.8179,27.8179
2023-09-30,3991.00000,3213.00000,778.00000,19.00000,19.00000,759.00000,-34.00000,725.00000,47.00000,678.00000,678.00000,678.00000,735.00000,759.00000,42.90000,42.90000,15.63000,15.63000,0.21560,0.27480,19.01780,19.01780,18.16590,16.98820,0.08620,6.03960,6.03960,1.46380,4.73760,258.66360,29.4021,29.4021
2023-06-30,3650.00000,2851.00000,799.00000,17.00000,17.00000,782.00000,-33.00000,750.00000,80.00000,670.00000,670.00000,670.00000,772.00000,782.00000,40.70000,40.70000,16.26000,16.26000,0.22060,0.28300,21.42470,21.42470,20.54800,18.35620,0.08170,6.14510,6.14570,1.50000,4.79020,251.19820,25.5286,25.5286
2023-03-31,3286.00000,2827.00000,459.00000,19.00000,19.00000,440.00000,-32.00000,408.00000,43.00000,365.00000,365.00000,365.00000,439.00000,440.00000,38.70000,38.70000,9.31000,9.31000,0.25500,0.34220,13.39010,13.39010,12.41630,11.10770,0.07850,4.04930,4.04930,0.87240,3.01680,229.94900,27.49350,27.49350
2022-12-31,3256.00000,2645.00000,611.00000,16.00000,117.00000,494.00000,,568.00000,73.00000,495.00000,495.00000,495.00000,500.00000,494.00000,38.80000,38.80000,12.73000,12.74000,0.26760,0.36540,15.17200,15.17200,17.44470,15.20270,0.08150,5.86420,5.86420,1.23860,4.29500,215.88240,26.1598,26.1598
2022-09-30,3073.00000,3433.00000,-360.00000,16.00000,16.00000,-376.00000,-25.00000,-401.00000,-82.00000,-319.00000,-319.00000,-319.00000,-362.00000,-376.00000,38.80000,38.80000,-8.22000,-8.22000,0.28730,0.40320,-12.23560,-12.23560,-13.04910,-10.38070,0.08060,-4.17050,-4.17050,-0.83630,-2.97210,195.62660,28.918,28.918
2022-06-30,2835.00000,2676.00000,159.00000,15.00000,15.00000,144.00000,-24.00000,119.00000,-4.00000,123.00000,123.00000,123.00000,160.00000,144.00000,38.90000,38.90000,3.11000,3.11000,0.25870,0.34900,5.07940,5.07940,4.19750,4.33860,0.07480,1.38940,1.38940,0.32450,1.03000,224.58940,18.3501,18.3501
2022-03-31,2896.00000,2556.00000,340.00000,14.00000,14.00000,326.00000,-24.00000,302.00000,4.00000,298.00000,298.00000,298.00000,345.00000,326.00000,38.80000,38.80000,7.57000,7.56000,0.24480,0.32420,11.25690,11.25690,10.42820,10.29010,0.07620,3.12770,3.12770,0.78450,2.36200,241.52370,21.80410,21.80410
2021-12-31,3120.53700,2576.60500,543.93210,21.45400,91.45400,452.47780,,500.72400,69.56800,431.15590,431.15590,431.15600,471.47780,452.47780,39.30000,39.30000,11.04000,11.03000,0.23350,0.30470,14.50000,14.50000,16.04610,13.81670,0.08170,4.25200,4.25250,1.12910,3.25940,257.98980,26.3328,26.3328
2021-09-30,2925.00000,2979.00000,-54.00000,18.00000,18.00000,-72.00000,-16.00000,-88.00000,-14.00000,-74.00000,-74.00000,-74.00000,-52.92800,-72.00000,39.20000,39.20000,-1.88000,-1.88000,0.16070,0.19150,-2.46150,-2.46150,-3.00850,-2.52990,0.07990,-0.74160,-0.74160,-0.20220,-0.62240,253.39990,30.0546,30.0546
2021-06-30,3076.69000,2284.73400,791.95610,16.16800,16.16800,775.78810,-15.60700,760.18100,80.19900,679.98210,679.98210,679.98200,796.39310,775.78810,39.52700,39.56700,16.97000,16.95000,0.15500,0.18340,25.21500,25.21500,24.70780,22.10110,0.08700,6.52780,6.52780,1.92250,5.51600,260.32210,18.3051,18.3051
2021-03-31,2743.77300,2342.66100,401.11210,12.37800,12.37800,388.73410,-15.63900,373.09500,31.23300,341.86200,341.86200,341.86200,406.05710,388.73410,39.54300,39.59700,8.53000,8.52000,0.16480,0.19730,14.16790,14.16790,13.59790,12.45960,0.08170,3.53060,3.53060,1.01760,2.94870,241.57680,22.83930,22.83930
2020-12-31,2761.28500,2614.89900,146.38570,11.81600,47.81600,98.56960,,119.04700,55.59600,63.45100,63.45100,63.45100,115.97560,98.56980,40.00000,40.00000,1.54000,1.53000,0.16420,0.19640,3.56970,3.56970,4.31130,2.29790,0.08440,0.65240,0.65240,0.19400,0.54530,243.25170,16.4715,16.4715
2020-09-30,2610.18400,2320.41700,289.76710,10.61800,10.61800,279.14920,-6.64100,272.50800,29.45100,243.05700,243.05700,243.05700,291.19620,279.14920,39.48300,39.55700,6.08000,6.07000,0.06900,0.07410,10.69460,10.69460,10.44020,9.31190,0.08660,2.53410,2.53410,0.80610,2.35930,239.98030,27.4277,27.4277
2020-06-30,2244.51500,1991.46200,253.05300,8.73300,8.73300,244.31990,-7.25300,237.06700,46.18700,190.88000,190.88000,190.88000,256.22700,244.31990,39.44900,39.51900,4.78000,4.77000,0.06270,0.06680,10.88520,10.88520,10.56210,8.50430,0.07850,2.05550,2.05550,0.66780,1.92670,232.32010,15.394,15.394
2020-03-31,1982.01600,2008.22200,-26.20590,9.83300,9.83300,-36.03890,-7.58300,-43.62200,-60.23400,16.61200,16.61200,16.61200,-27.39890,-36.03890,40.20400,40.29600,0.41000,0.41000,0.07360,0.07950,-1.81830,-1.81830,-2.20090,0.83810,0.07280,0.19360,0.19360,0.06100,0.17930,214.58800,12.55680,12.55680
2019-12-31,2214.08600,1976.94300,237.14280,10.34400,42.03700,195.10630,3.32400,219.07810,1.43400,217.64410,217.64410,217.64400,202.40030,195.10630,40.29100,40.42000,5.34000,5.32000,0.06490,0.06940,8.81200,8.81200,9.89470,9.83000,0.08100,2.38310,2.38310,0.79650,2.22840,223.85170,9.0255,9.0255
2019-09-30,2042.52000,1933.15800,109.36210,8.43500,8.43500,100.92700,-7.90700,93.02000,-11.37800,104.39800,104.39800,104.39800,111.24800,100.92700,40.28700,40.41100,2.56000,2.56000,0.06590,0.07060,4.94130,4.94130,4.55420,5.11120,0.07560,1.16210,1.16210,0.38630,1.08560,220.49670,15.6691,15.6691
2019-06-30,2008.72700,1620.41300,388.31400,7.53500,7.53500,380.77890,-8.43400,372.34500,39.47700,332.86800,332.86800,332.86800,388.20090,380.77890,40.27700,40.40400,8.17000,8.15000,0.06660,0.07130,18.95620,18.95620,18.53640,16.57110,0.07610,3.74680,3.74680,1.26140,3.49730,218.06440,9.7558,9.7558
2019-03-31,1965.83600,1537.00900,428.82700,6.65200,6.65200,422.17500,-7.63100,414.54400,59.99300,354.55100,354.55100,354.55100,428.07400,422.17500,40.30400,40.44500,8.70000,8.67000,0.06990,0.07520,21.47560,21.47560,21.08740,18.03560,0.07670,4.20750,4.20750,1.38330,3.91320,206.68700,11.36860,11.36860
2018-12-31,1786.93600,2481.85800,-694.92160,7.15300,7.15300,-702.07450,-7.98400,-710.05900,-320.50600,-389.55300,-389.55300,-389.55300,-697.60640,-702.07430,40.38800,40.58600,-9.54000,-9.48000,0.07460,0.08060,-39.28930,-39.28930,-39.73610,-21.80010,0.07220,-4.95560,-4.95560,-1.57390,-4.58600,193.37280,1.6225,1.6225
2018-09-30,1936.46300,1731.20100,205.26200,7.89000,7.89000,197.37190,-7.90100,189.47100,-8.91000,198.38100,198.38100,198.38100,204.49890,197.37190,40.35000,40.54200,4.87000,4.84000,0.07070,0.07610,10.19240,10.19240,9.78440,10.24450,0.07930,2.38180,2.38180,0.81270,2.21340,204.91090,10.1506,10.1506
2018-06-30,1892.93900,1817.81500,75.12400,6.63300,6.63300,68.49100,-7.72800,60.76300,-9.13200,69.89500,69.89500,69.89500,77.21800,68.49100,40.50400,40.71000,1.71000,1.70000,0.07140,0.07690,3.61820,3.61820,3.21000,3.69240,0.07920,0.84810,0.84810,0.29260,0.78760,201.69720,-1.5498,-1.5498
2018-03-31,1745.15700,1511.10000,234.05700,8.99600,8.99600,225.06100,-7.41800,217.64300,7.32500,210.31800,210.31800,210.31800,234.01100,225.06100,40.46900,40.68900,5.14000,5.11000,0.07060,0.07590,12.89630,12.89630,12.47130,12.05150,0.07420,2.52050,2.52050,0.89450,2.34270,203.62090,4.80820,4.80820
2017-12-31,1881.43800,1159.97700,721.46140,4.61500,4.61500,716.84630,-7.31400,709.53210,124.72400,584.80800,584.80800,584.80800,728.05630,716.84590,40.59500,40.84300,14.40000,14.41000,0.07040,0.07570,38.10100,38.10100,37.71220,31.08300,0.07970,6.98760,6.98760,2.47890,6.49600,204.94740,2.9258,2.9258
2017-09-30,1725.47100,2616.34000,-890.86910,5.93200,5.93200,-896.80100,-7.26600,-904.06700,-264.69300,-639.37400,-639.37400,-639.37400,-884.61900,-896.80100,40.63800,40.88300,-15.73000,-15.73000,0.07360,0.07950,-51.97430,-51.97430,-52.39540,-37.05510,0.07210,-8.02290,-8.02290,-2.67120,-7.43230,194.05210,10.0217,10.0217
2017-06-30,1530.61100,1240.10000,290.51090,6.91900,6.91900,283.59190,-8.05900,275.53300,29.85900,245.67400,245.67400,245.67400,294.32090,283.59190,40.62400,40.87400,5.98000,5.95000,0.06870,0.07380,18.52800,18.52800,18.00150,16.05070,0.06800,2.86170,2.86170,1.09080,2.66510,209.05390,6.1608,6.1608
2017-03-31,1484.77800,1128.94400,355.83390,8.45700,8.45700,347.37680,-8.96400,338.41300,46.77000,291.64300,291.64300,291.64300,359.12280,347.37680,40.52900,40.79600,7.12000,7.07000,0.07050,0.07590,23.39590,23.39590,22.79220,19.64220,0.06690,3.49360,3.49360,1.31410,3.24730,203.31910,9.35910,9.35910
2016-12-31,1613.96000,1183.50700,430.45310,5.82800,5.82800,424.62510,-9.03400,415.59100,42.01900,373.57200,373.57200,373.57190,435.63810,424.62510,41.32900,41.62800,9.01000,8.95000,0.07270,0.07840,26.30950,26.30950,25.74980,23.14630,0.07570,4.62610,4.62610,1.75210,4.28970,197.44730,10.0229,10.0229
2016-09-30,1510.45600,1174.27600,336.18010,6.40000,6.40000,329.78000,-8.89300,320.88700,25.49300,295.39400,295.39400,295.39400,343.80700,329.78000,41.10100,41.38600,7.11000,7.06000,0.07300,0.07870,21.83310,21.83310,21.24440,19.55660,0.06970,3.67360,3.67360,1.36360,3.40540,196.66620,6.9191,6.9191
2016-06-30,1427.88400,1225.39500,202.48900,7.11700,7.11700,195.37210,-9.07300,186.29900,30.60700,155.69200,155.69200,155.69200,207.14410,195.37210,41.65300,41.94900,3.70000,3.67000,0.07350,0.07930,13.68260,13.68260,13.04720,10.90370,0.06710,1.94970,1.94970,0.73160,1.80650,190.65680,7.4528,7.4528
2016-03-31,1242.04600,1047.86500,194.18100,7.88600,7.88600,186.29500,-9.22800,177.06700,5.38100,171.68600,171.68600,171.68600,198.65000,186.29500,42.12900,42.46300,4.03000,4.00000,0.07530,0.08140,14.99910,14.99910,14.25610,13.82280,0.05960,2.18980,2.18980,0.82320,2.02490,184.91710,8.84240,8.84240
2015-12-31,1518.61000,1083.04900,435.56100,5.94200,5.94200,429.61890,-9.18500,420.43400,63.15300,357.28100,357.28100,357.28100,441.74690,429.61900,43.41500,43.79500,8.29000,8.23000,0.07680,0.08320,28.29030,28.29030,27.68550,23.52690,0.07390,4.69580,4.69580,1.73900,4.33510,178.21200,6.9681,6.9681
2015-09-30,1332.11900,1234.78500,97.33400,5.92400,5.92400,91.41000,-8.99000,82.42000,-6.13300,88.55300,88.55300,88.55300,104.66700,91.41000,43.36100,43.72800,2.02000,2.00000,0.07860,0.08530,6.86200,6.86200,6.18710,6.64750,0.06140,1.18290,1.18290,0.40840,1.08990,173.75700,6.3082,6.3082
2015-06-30,1390.44800,1130.60600,259.84200,5.92500,5.92500,253.91700,-9.02600,244.89100,35.83400,209.05700,209.05700,209.05700,266.09900,253.91700,43.80400,44.19700,4.72000,4.68000,0.07630,0.08260,18.26150,18.26150,17.61240,15.03520,0.06470,2.70570,2.70570,0.97310,2.49920,174.84300,4.1409,4.1409
2015-03-31,1435.58800,1056.99000,378.59800,5.46300,5.46300,373.13500,-8.99000,364.14500,41.16700,322.97800,322.97800,322.97800,386.46900,373.13500,44.02800,44.44400,7.26000,7.19000,0.07690,0.08330,25.99180,25.99180,25.36560,22.49800,0.06750,4.21280,4.21280,1.51870,3.88900,172.62910,7.88790,7.88790
2014-12-31,1406.79100,1044.94900,361.84190,4.61900,4.61900,357.22330,-9.56300,347.65990,49.70400,297.95600,297.95600,340.12300,368.43030,357.22300,45.37700,45.80200,7.53000,7.44000,0.07890,0.08570,25.39280,25.39280,24.71300,24.17720,0.06760,3.99880,3.99880,1.43130,3.68330,166.74390,2.6137,2.6137
2014-09-30,1535.88000,1191.38900,344.49100,9.95800,9.95800,334.53300,-12.42400,322.10900,20.85600,301.25300,301.25300,274.91600,345.49000,334.53300,44.94100,45.35600,6.05000,6.00000,0.10740,0.12030,21.78120,21.78120,20.97230,17.89960,0.07150,4.08080,4.08080,1.40200,3.64250,163.14590,7.5415,7.5415
2014-06-30,1452.46000,1077.79800,374.66190,3.89900,3.89900,370.76280,-8.97800,361.78500,63.86000,297.92500,297.92500,290.18400,384.27280,370.76280,45.44100,45.86400,6.32000,6.26000,0.10820,0.12130,25.52650,25.52650,24.90840,19.97880,0.06850,4.06840,4.06840,1.40590,3.62830,160.26940,5.0484,5.0484
2014-03-31,1283.81600,916.04900,367.76700,4.94500,4.94500,362.82200,-7.56800,355.25400,53.23200,302.02200,302.02200,293.93300,376.40800,362.82200,46.47900,46.91300,6.26000,6.21000,0.06490,0.06940,28.26120,28.26120,27.67170,22.89530,0.06380,4.29160,4.29160,1.50170,4.01310,152.80000,7.82510,7.82510
2013-12-31,1517.12200,1049.19200,467.93020,8.17400,8.17400,459.75620,-7.63800,452.11800,85.37000,366.74810,366.74810,364.63800,475.95020,459.75620,48.61900,49.05600,7.66000,7.57000,0.06550,0.07010,30.30450,30.30450,29.80100,24.03490,0.07660,5.26310,5.26310,1.85150,4.91840,146.56790,5.3178,5.3178
2013-09-30,1401.49800,1078.54900,322.94900,4.75800,4.75800,318.19090,-7.63700,310.55400,72.02700,238.52700,238.52700,234.75900,332.97790,318.19090,47.92500,48.32800,4.85000,4.81000,0.06780,0.07270,22.70360,22.70360,22.15870,16.75060,0.07000,3.55090,3.55090,1.19100,3.31020,140.19810,8.1389,8.1389
2013-06-30,1354.54300,1008.55800,345.98490,6.16800,6.16800,339.81690,-17.36200,322.45500,46.81300,275.64200,275.64200,275.64200,356.73090,339.81690,48.76200,49.14700,5.60000,5.56000,0.07390,0.07980,25.08720,25.08720,23.80540,20.34950,0.06930,4.16200,4.16200,1.40930,3.85450,136.30530,3.8279,3.8279
2013-03-31,1367.67300,878.63600,489.03700,5.71700,5.71700,483.32000,-13.48100,469.83900,85.49600,384.34300,384.34300,384.34300,501.94000,483.32000,50.42300,50.82200,7.56000,7.50000,0.10720,0.12000,35.33890,35.33890,34.35320,28.10200,0.06910,5.63810,5.63810,1.94090,5.03390,136.43010,5.10330,5.10330
2012-12-31,1272.65000,1213.32900,59.32100,7.29300,7.29300,52.02780,-13.93000,38.09810,-20.67900,58.77700,58.77700,58.77700,68.09080,52.02800,51.89400,52.06700,1.21000,1.21000,0.10830,0.12150,4.08820,4.08820,2.99360,4.61850,0.06430,0.87290,0.87290,0.29720,0.77830,130.95540,4.0618,4.0618
2012-09-30,1218.98100,880.49800,338.48300,5.94700,5.94700,332.53590,-13.33100,319.20500,68.28300,250.92200,250.92200,250.92200,347.37800,332.53590,51.44400,51.66700,4.84000,4.82000,0.10760,0.12060,27.27980,27.27980,26.18620,20.58460,0.06200,3.69800,3.69800,1.27580,3.30010,131.22480,3.4263,3.4263
2012-06-30,1182.05500,923.33400,258.72110,6.07500,6.07500,252.64610,-13.24400,239.40200,24.85100,214.55100,214.55100,214.55100,268.85810,252.64610,51.85500,52.02600,4.10000,4.08000,0.11310,0.12750,21.37350,21.37350,20.25300,18.15070,0.06250,3.34330,3.34330,1.13500,2.96530,123.75090,2.7359,2.7359
2012-03-31,1249.12400,888.46400,360.66000,4.66100,4.66100,355.99900,-13.17800,342.82100,38.11700,304.70400,304.70400,304.70400,370.77800,355.99900,53.04700,53.17100,5.70000,5.68000,0.11440,0.12920,28.49990,28.49990,27.44490,24.39340,0.06520,4.81290,4.81290,1.58990,4.26210,120.30400,3.11710,3.11710
2011-12-31,1285.93100,1310.76200,-24.83110,4.53900,4.53900,-29.37000,-13.12000,-42.49000,-83.53200,41.04200,41.04200,41.04200,-15.86900,-29.36990,53.79200,53.91600,0.74000,0.75000,0.11870,0.13470,-2.28390,-2.28390,-3.30420,3.19160,0.06810,0.67600,0.67600,0.21720,0.59570,112.98520,3.1681,3.1681
2011-09-30,1024.79400,998.11700,26.67690,4.20400,4.20400,22.47290,-13.08500,9.38800,-53.66600,63.05400,63.05400,63.05400,31.29890,22.47290,53.82200,53.88900,1.16000,1.16000,0.11840,0.13430,2.19290,2.19290,0.91610,6.15280,0.05470,1.03510,1.03510,0.33650,0.91250,113.25440,3.8835,3.8835
2011-06-30,1176.79100,1019.06000,157.73100,3.79000,3.79000,153.94100,-13.11600,140.82500,9.51300,131.31200,131.31200,131.31200,166.77100,153.94100,53.94900,54.10800,2.42000,2.41000,0.12240,0.13950,13.08140,13.08140,11.96690,11.15850,0.06190,2.13430,2.13430,0.69100,1.87300,113.21090,2.7927,2.7927
2011-03-31,1206.44500,1531.18900,-324.74400,3.92800,3.92800,-328.67200,-12.99800,-341.67000,-25.77600,-315.89400,-315.89400,-315.89400,-315.90800,-328.67200,54.05600,54.24200,-5.81000,-5.81000,0.12670,0.14510,-27.24300,-27.24300,-28.32040,-26.18390,0.06420,-5.34130,-5.34130,-1.68100,-4.66450,109.06920,3.46790,3.46790
2010-12-31,1258.37400,1006.57800,251.79630,2.53500,2.53500,249.26100,-13.03400,236.22700,-66.30600,302.53300,302.53300,302.53300,259.17800,249.26110,56.63000,56.78600,5.29000,5.27000,0.12140,0.13810,19.80820,19.80820,18.77240,24.04160,0.06840,4.81470,4.81470,1.64560,4.23030,115.44640,1.9705,1.9705
2010-09-30,1178.09000,956.59700,221.49300,3.91700,3.91700,217.57600,-13.13800,204.43800,30.23800,174.20000,174.20000,174.20000,232.43800,217.57600,55.52600,55.66200,3.12000,3.11000,0.12540,0.14340,18.46850,18.46850,17.35330,14.78670,0.06350,2.77320,2.77320,0.93910,2.42530,114.21130,5.6783,5.6783
2010-06-30,1099.43100,922.18800,177.24300,3.88700,3.88700,173.35600,-13.01600,160.34000,3.66700,156.67300,156.67300,156.67300,183.82100,173.35600,57.69100,57.80800,2.70000,2.70000,0.13610,0.15760,15.76780,15.76780,14.58390,14.25040,0.06040,2.59580,2.59580,0.86050,2.24250,107.39500,3.9354,3.9354
2010-03-31,1169.91200,1158.46200,11.45000,4.57500,4.57500,6.87500,-16.64200,-9.76700,12.88500,-22.65200,-22.65200,-22.65200,17.80200,6.87500,58.92700,59.11200,-0.38000,-0.38000,0.11930,0.13550,0.58770,0.58770,-0.83480,-1.93620,0.06440,-0.37520,-0.37520,-0.12470,-0.33040,102.49500,4.59010,4.59010
2009-12-31,1181.45600,939.29410,242.16200,5.02700,5.02680,237.13510,-17.44700,219.68800,22.46100,197.22700,197.22700,197.22700,256.56410,237.13510,60.66100,60.84700,3.29000,3.28000,0.14300,0.16680,20.07140,20.07140,18.59470,16.69360,0.06560,3.23230,3.23230,1.09560,2.77020,102.86460,3.0374,3.0374
2009-09-30,1156.50800,861.00810,295.50000,4.43300,4.43290,291.06700,-17.37600,273.69100,45.07300,228.61800,228.61800,228.61800,297.02700,291.06700,60.49500,60.72000,3.76000,3.75000,0.14330,0.16730,25.16780,25.16780,23.66530,19.76800,0.06380,3.75710,3.75710,1.26110,3.21870,100.74420,5.2251,5.2251
2009-06-30,1171.31900,836.96900,334.35000,4.36700,4.36700,329.98300,-17.11600,312.86700,40.27900,272.58800,272.58800,272.58800,334.42200,329.98300,61.11800,61.26500,4.44000,4.43000,0.15510,0.18360,28.17190,28.17190,26.71070,23.27190,0.06760,4.91560,4.91560,1.57320,4.15320,91.20750,1.6961,1.6961
2009-03-31,989.29500,832.29800,156.99690,3.78000,3.78000,153.21700,-20.14200,133.07500,24.51900,108.55600,108.55600,108.55600,155.75300,153.21700,61.29400,61.43200,1.77000,1.76000,0.16800,0.20200,15.48750,15.48750,13.45150,10.97310,0.05920,2.15400,2.15400,0.64910,1.79200,81.94880,2.93830,2.93830
