Date,revenue,cost-goods-sold,gross-profit,selling-general-administrative-expenses,other-operating-income-expenses,operating-expenses,operating-income,total-non-operating-income-expense,pre-tax-income,income-after-taxes,income-from-continuous-operations,income-from-discontinued-operations,net-income,ebitda,ebit,basic-shares-outstanding,shares-outstanding,eps-basic-net-earnings-per-share,eps-earnings-per-share-diluted,long-term-debt-capital,debt-equity-ratio,operating-margin,ebit-margin,pre-tax-profit-margin,net-profit-margin,asset-turnover,roe,return-on-tangible-equity,roa,roi,book-value-per-share,operating-cash-flow-per-share,free-cash-flow-per-share
2023-12-31,149.14900,39.36800,109.78100,3.74000,-0.14600,49.13400,60.64700,2.82200,63.46900,63.46900,63.46900,,63.45500,,60.64700,46.83100,46.98000,1.35000,1.35000,,,,,,,,,,,,,,
2023-09-30,146.53000,40.70900,105.82100,3.42900,-0.14700,46.09700,59.72400,-10.81400,48.91000,48.91000,48.91000,,48.89600,102.24500,59.72400,45.65800,45.78800,1.07000,1.07000,0.41310,0.70370,40.75890,40.75890,33.37880,33.36930,0.03360,2.05570,2.05570,1.12310,1.20660,51.41360,2.5576,-1.2445
2023-06-30,139.88700,37.76700,102.12000,4.38400,-0.14900,46.82800,55.29200,-11.82700,43.46500,43.46500,43.46500,,43.45000,97.58700,55.29200,44.65600,44.73400,0.97000,0.97000,0.43810,0.77970,39.52620,39.52620,31.07150,31.06080,0.03330,1.96340,1.96340,1.03390,1.10330,48.84210,1.8638,-1.5897
2023-03-31,135.02500,36.18600,98.83900,5.20400,-0.14000,46.35800,52.48100,-7.77700,44.70400,44.70400,44.70400,,44.69000,93.49500,52.48100,43.75100,43.82300,1.02000,1.02000,0.46890,0.88270,38.86760,38.86760,33.10790,33.09760,0.03310,2.19530,2.19530,1.09560,1.16600,46.02720,2.13270,0.30970
2022-12-31,129.84000,35.27200,94.56800,3.85900,-0.13600,44.55400,50.01400,-11.32600,38.68800,38.68800,38.68800,,38.67100,90.57300,50.01400,42.59900,42.71200,0.87000,0.86000,0.48800,0.95310,38.51970,38.51970,29.79670,29.78360,0.03220,1.98050,1.98050,0.95860,1.01410,44.82830,1.0644,-1.6774
2022-09-30,125.65800,35.03300,90.62500,3.96700,-0.11900,43.36300,47.26200,-9.44500,37.81700,37.81700,37.81700,,37.79200,86.53900,47.26200,43.46700,43.58100,0.87000,0.87000,0.46030,0.85300,37.61160,37.61160,30.09520,30.07530,0.03170,1.90020,1.90020,0.95440,1.02540,45.67370,2.1829,-0.387
2022-06-30,118.55300,32.54600,86.00700,4.22600,-0.11600,41.80300,44.20400,1.96100,46.16500,46.16500,46.16500,,46.13900,81.66500,44.20400,42.21100,42.31600,1.09000,1.09000,0.44980,0.81750,37.28630,37.28630,38.94040,38.91850,0.03080,2.32440,2.32440,1.19860,1.27890,45.58770,2.1738,-1.7751
2022-03-31,112.97400,31.06400,81.91000,4.31000,-0.17500,40.82600,41.08400,22.52000,63.60400,63.60400,63.60400,,63.58000,77.42500,41.08400,41.24600,41.35900,1.54000,1.54000,0.46660,0.87470,36.36590,36.36590,56.29970,56.27840,0.03380,3.79860,3.79860,1.90160,2.02630,40.17250,1.98900,-1.32230
2021-12-31,107.37200,29.55700,77.81500,3.62300,-0.10300,36.90000,40.91500,30.99600,71.91100,71.91100,71.91100,,71.88900,74.08900,40.91500,40.25500,40.37700,1.77000,1.76000,0.48020,0.92380,38.10580,38.10580,66.97370,66.95320,0.03340,4.57610,4.57610,2.23650,2.37860,38.07850,0.4075,-5.6469
2021-09-30,104.59700,29.64400,74.95300,3.55900,-0.13300,35.95500,38.99800,-8.20600,30.79200,30.79200,30.79200,,30.77100,71.26100,38.99800,40.43400,40.56700,0.76000,0.76000,0.48490,0.94150,37.28410,37.28410,29.43870,29.41860,0.03500,2.16880,2.16880,1.03160,1.11710,34.89680,2.4242,-1.9366
2021-06-30,99.57500,28.05700,71.51800,4.48600,-0.13400,35.96900,35.54900,-7.97100,27.57800,27.57800,27.57800,,27.55800,66.89800,35.54900,40.06800,40.16500,0.69000,0.69000,0.48940,0.95830,35.70070,35.70070,27.69570,27.67560,0.03490,2.00810,2.00810,0.96570,1.02540,33.99670,1.5385,-1.7768
2021-03-31,97.93100,27.82000,70.11100,4.03600,-0.33000,34.67900,35.43200,-8.07500,27.35700,27.35700,27.35700,,27.33900,65.74500,35.43200,39.67300,39.76500,0.69000,0.69000,0.49410,0.97670,36.18060,36.18060,27.93500,27.91660,0.03550,2.07750,2.07750,0.99230,1.05100,32.90190,1.98220,1.75260
2020-12-31,92.66800,25.86300,66.80500,3.38400,-0.13900,34.20900,32.59600,4.59900,37.19500,37.19500,37.19500,,37.18100,63.28200,32.59600,39.18500,39.29600,0.95000,0.94000,0.50780,1.03180,35.17510,35.17510,40.13790,40.12280,0.03410,2.92750,2.92750,1.36710,1.44090,32.02150,0.4422,-2.5261
2020-09-30,92.01200,26.32500,65.68700,3.71400,-0.24800,33.17300,32.51400,-8.10300,24.41100,24.41100,24.41100,,24.40100,61.72500,32.51400,39.33800,39.45000,0.62000,0.62000,0.49320,0.97300,35.33670,35.33670,26.53020,26.51940,0.03490,1.96130,1.96130,0.92620,0.99410,31.46390,1.5668,0.7742
2020-06-30,89.71500,25.35100,64.36400,4.02500,-0.16600,32.76100,31.60300,-8.11600,23.48700,23.48700,23.48700,,23.48400,60.17300,31.60300,39.00700,39.07700,0.60000,0.60000,0.50320,1.01300,35.22600,35.22600,26.17960,26.17620,0.03420,1.93020,1.93020,0.89560,0.95890,30.94760,1.6657,0.5476
2020-03-31,88.62800,25.82900,62.79900,3.28100,-0.10800,31.28100,31.51800,-8.22000,23.29800,23.29800,23.29800,,23.29700,59.41000,31.51800,38.88200,38.96100,0.60000,0.60000,0.51190,1.04870,35.56210,35.56210,26.28740,26.28630,0.03400,1.95390,1.95390,0.89440,0.95380,30.53040,1.32030,-0.86950
2019-12-31,86.55000,24.29400,62.25600,4.90500,-0.10500,32.70700,29.54900,21.73300,51.28200,51.28200,51.28200,,49.60900,57.24600,29.54900,37.44200,37.52700,1.30000,1.29000,0.49590,0.98360,34.14100,34.14100,59.25130,57.31830,0.03400,4.26520,4.26520,2.01420,2.15030,30.88760,0.7131,-4.2841
2019-09-30,83.93800,23.75600,60.18200,3.15100,-0.11000,29.25100,30.93100,-8.35600,22.57500,22.57500,22.57500,,22.57100,56.92100,30.93100,37.77100,37.86900,0.60000,0.60000,0.50090,1.00340,36.84980,36.84980,26.89490,26.89010,0.03500,2.03620,2.03620,0.94050,1.01640,28.86490,1.8498,-1.1848
2019-06-30,82.10100,22.92200,59.17900,4.50600,-0.10300,31.90000,27.27900,-0.33000,26.94900,26.94900,26.94900,,26.95300,54.57000,27.27900,36.94400,37.01900,0.73000,0.73000,0.52950,1.12530,33.22610,33.22610,32.82420,32.82910,0.03580,2.67110,2.67110,1.17410,1.25680,26.86180,1.522,-2.4107
2019-03-31,78.79800,22.30200,56.49600,3.84400,-0.09300,27.68300,28.81300,-6.27900,22.53400,22.53400,22.53400,,22.52900,52.55900,28.81300,36.46500,36.52600,0.62000,0.62000,0.54870,1.21570,36.56570,36.56570,28.59720,28.59080,0.03630,2.44540,2.44540,1.03760,1.10370,25.07280,1.13570,-0.19090
2018-12-31,77.97800,22.54700,55.43100,3.47500,,27.71600,27.71500,-9.13200,18.58300,18.58300,18.58300,,18.55600,51.95600,27.71500,35.43900,35.50600,0.51000,0.50000,0.55000,1.22230,35.54210,35.54210,23.83110,23.79650,0.03660,2.05400,2.05400,0.87170,0.92430,24.78570,0.6729,-1.1785
2018-09-30,75.32600,21.71800,53.60800,3.06000,,26.03000,27.57800,-4.53700,23.04100,23.04100,23.04100,,23.01000,50.54800,27.57800,35.71600,35.79800,0.64000,0.64000,0.55470,1.24590,36.61150,36.61150,30.58840,30.54720,0.03610,2.64860,2.64860,1.10290,1.17930,24.13790,1.8754,-0.6888
2018-06-30,74.88500,21.45300,53.43200,3.74000,,26.54800,26.88400,-8.62000,18.26400,18.26400,18.26400,,18.22700,49.69200,26.88400,35.19600,35.25900,0.52000,0.52000,0.56550,1.30150,35.90040,35.90040,24.38940,24.34000,0.03700,2.17250,2.17250,0.90340,0.94390,23.53320,1.4661,-0.4594
2018-03-31,72.20300,20.67600,51.52700,3.46300,,25.14800,26.37900,2.36900,28.74800,28.74800,28.74800,,28.71300,48.06400,26.37900,34.68900,34.73600,0.83000,0.83000,0.58930,1.43480,36.53450,36.53450,39.81550,39.76700,0.03680,3.71100,3.71100,1.46470,1.52410,22.16910,0.62510,-0.42190
2017-12-31,71.35600,20.74800,50.60800,3.38600,,25.15900,25.44900,-7.78200,17.66700,17.66700,17.66700,,17.59000,47.22200,25.44900,33.99600,34.04700,0.52000,0.52000,0.59600,1.47550,35.66480,35.66480,24.75900,24.65100,0.03650,2.35210,2.35210,0.90450,0.95010,21.61030,0.9744,-1.1549
2017-09-30,68.74600,20.10900,48.63700,3.20500,,24.21600,24.42100,-8.44900,15.97200,15.97200,15.97200,,15.88400,45.43200,24.42100,34.21500,34.29000,0.46000,0.46000,0.59620,1.47620,35.52350,35.52350,23.23340,23.10530,0.03630,2.19950,2.19950,0.84330,0.88820,21.09440,1.6045,0.4476
2017-06-30,67.89400,20.24400,47.65000,2.90300,,23.76800,23.88200,13.09500,36.97700,36.97700,36.97700,,36.89000,44.74700,23.88200,33.98700,34.04000,1.09000,1.08000,0.59770,1.48540,35.17540,35.17540,54.46280,54.33470,0.03630,5.12970,5.12970,1.97660,2.06390,21.01160,1.2612,-0.1396
2017-03-31,66.15400,19.00700,47.14700,5.47800,,25.70300,21.44400,-8.47100,12.97300,12.97300,12.97300,,12.81900,41.66900,21.44400,33.36100,33.40900,0.38000,0.38000,0.62110,1.63890,32.41530,32.41530,19.61030,19.37750,0.03560,1.92200,1.92200,0.69880,0.72830,19.91270,0.71280,-0.69520
2016-12-31,66.35100,20.21700,46.13400,2.56900,,22.74800,23.38600,-8.01500,15.37100,15.37100,15.37100,,15.22400,43.56500,23.38600,32.56300,32.62800,0.45000,0.46000,0.63180,1.71580,35.24590,35.24590,23.16620,22.94460,0.03630,2.39470,2.39470,0.84190,0.88180,19.25680,0.9976,-2.6414
2016-09-30,63.19000,18.55200,44.63800,2.32800,,21.85000,22.78800,-7.98800,14.80000,14.80000,14.80000,,14.66100,42.14900,22.78800,32.74100,32.82300,0.45000,0.45000,0.62750,1.68490,36.06270,36.06270,23.42140,23.20150,0.03680,2.44620,2.44620,0.86120,0.91110,18.38770,1.2726,-1.4095
2016-06-30,61.91700,17.75800,44.15900,3.02300,,22.25600,21.90300,22.19000,44.09300,44.09300,44.09300,,43.91300,41.13600,21.90300,32.37600,32.44000,1.36000,1.35000,0.61450,1.59430,35.37480,35.37480,71.21310,70.92240,0.03740,7.25820,7.25820,2.66450,2.79780,18.47150,1.4084,0.6079
2016-03-31,61.58900,17.82000,43.76900,5.31200,,24.47400,19.29500,2.53500,21.83000,21.83000,21.83000,,21.71100,38.45700,19.29500,32.25400,32.30700,0.67000,0.67000,0.65140,1.86880,31.32860,31.32860,35.44460,35.25140,0.03710,3.92430,3.92430,1.31560,1.36790,17.14860,0.57740,-0.12380
2015-12-31,61.01900,18.14700,42.87200,3.56200,,22.65800,20.21400,-8.63600,11.57800,11.57800,11.57800,,11.43500,39.14600,20.21400,32.09100,32.19600,0.36000,0.36000,0.64770,1.83820,33.12740,33.12740,18.97440,18.74010,0.03670,2.07050,2.07050,0.69670,0.72950,17.24810,0.8589,-0.9518
2015-09-30,58.55300,16.79500,41.75800,3.17900,,21.41100,20.34700,-8.25000,12.09700,12.09700,12.09700,,11.96800,38.57900,20.34700,32.12600,32.24800,0.37000,0.37000,0.63530,1.74220,34.74970,34.74970,20.65990,20.43960,0.03610,2.15300,2.15300,0.74680,0.78510,17.33080,1.3437,0.3048
2015-06-30,57.84400,16.04700,41.79700,3.81200,,21.79600,20.00100,-5.33800,14.66300,14.66300,14.66300,,14.53300,37.98500,20.00100,32.04500,32.13900,0.45000,0.45000,0.63230,1.71960,34.57750,34.57750,25.34920,25.12450,0.03610,2.58870,2.58870,0.91440,0.95190,17.52870,1.1797,-0.0329
2015-03-31,57.59200,16.41300,41.17900,4.53800,,22.68000,18.49900,-8.43800,10.06100,10.06100,10.06100,,9.93000,36.64100,18.49900,32.03200,32.10900,0.31000,0.31000,0.62960,1.69970,32.12080,32.12080,17.46940,17.24200,0.03640,1.78130,1.78130,0.63630,0.65980,17.49710,0.65700,0.00840
2014-12-31,57.24100,16.26100,40.98000,2.94700,,21.21000,19.77000,-6.91400,12.85600,12.85600,12.85600,,12.72200,37.98300,19.77000,31.34100,31.45200,0.41000,0.40000,0.61850,1.62120,34.53820,34.53820,22.45940,22.22530,0.03630,2.23340,2.23340,0.81580,0.85210,17.85790,0.6902,-0.3405
2014-09-30,55.95700,15.89900,40.05800,3.37300,,21.15200,18.90600,-1.04500,17.86100,17.86100,17.86100,,17.72900,36.68500,18.90600,31.51500,31.64400,0.56000,0.56000,0.62090,1.63750,33.78670,33.78670,31.91920,31.68330,0.03580,3.17550,3.17550,1.14280,1.20400,17.61520,1.2829,0.453
2014-06-30,53.81900,15.62500,38.19400,2.95800,,20.27200,17.92200,-8.68000,9.24200,9.24200,9.24200,,9.11800,35.07600,17.92200,31.13700,31.24400,0.29000,0.29000,0.63380,1.73090,33.30050,33.30050,17.17240,16.94200,0.03480,1.70900,1.70900,0.59680,0.62580,17.10160,1.151,-1.4737
2014-03-31,52.81200,15.01200,37.80000,3.44800,,20.61600,17.18400,-8.67000,8.51400,8.51400,8.51400,,8.37200,34.35200,17.18400,30.80600,30.88600,0.27000,0.27000,0.62950,1.69930,32.53810,32.53810,16.12130,15.85250,0.03570,1.61000,1.61000,0.57490,0.59650,16.89510,0.57110,-0.25410
2013-12-31,53.69600,16.11900,37.57700,2.99500,,20.00800,17.56900,-8.78800,8.78100,8.78100,8.78100,0.83200,9.45500,34.57400,17.56900,30.16200,30.26900,0.31000,0.31000,0.63280,1.72300,32.71940,32.71940,16.35320,17.60840,0.03640,1.69290,1.69290,0.59600,0.62170,16.76650,0.7114,0.048
2013-09-30,51.17800,14.56100,36.61700,2.58900,,19.52600,17.09100,-8.59600,8.49500,8.49500,8.49500,0.01900,8.36300,34.01200,17.09100,30.28100,30.40000,0.28000,0.28000,0.64050,1.78190,33.39520,33.39520,16.59890,16.34100,0.03490,1.68660,1.68660,0.57960,0.60630,16.44740,1.1595,0.1996
2013-06-30,49.09600,13.66300,35.43300,2.77700,,19.21600,16.21700,-8.46200,7.75500,7.75500,7.75500,0.03500,7.64300,32.51800,16.21700,29.99100,30.09600,0.25000,0.25000,0.64590,1.82390,33.03120,33.03120,15.79560,15.56750,0.03380,1.56740,1.56740,0.53390,0.55510,16.32570,1.1774,-2.0668
2013-03-31,48.20100,13.54200,34.65900,3.36400,,18.95500,15.70400,-8.39700,7.30700,7.30700,7.30700,0.00100,7.15400,31.26600,15.70400,29.80900,29.89000,0.24000,0.24000,0.62330,1.65500,32.58020,32.58020,15.15940,14.84200,0.03530,1.46890,1.46890,0.53580,0.55330,16.44100,0.57750,-0.15290
2012-12-31,46.54800,12.98000,33.56800,2.38300,,17.34100,16.22700,-8.31600,7.91100,7.91100,7.91100,4.47300,12.23700,31.06200,16.22700,28.57700,28.67700,0.42000,0.43000,0.62360,1.65710,34.86080,34.86080,16.99530,26.28900,0.03440,1.61060,1.61060,0.58420,0.60620,16.41190,0.6806,-1.6404
2012-09-30,46.70100,13.58000,33.12100,2.45300,,17.83300,15.28800,-8.52400,6.76400,6.76400,6.76400,0.13300,6.77100,30.62300,15.28800,28.91200,29.03000,0.23000,0.23000,0.63320,1.72600,32.73590,32.73590,14.48360,14.49860,0.03590,1.47730,1.47730,0.52070,0.54190,15.63840,1.0544,0.332
2012-06-30,46.19800,13.33400,32.86400,2.53600,,17.97800,14.88600,-8.80500,6.08100,6.08100,6.08100,2.00300,7.97300,30.32700,14.88600,28.24600,28.34100,0.28000,0.28000,0.63280,1.72360,32.22220,32.22220,13.16290,17.25830,0.03560,1.31860,1.31860,0.46910,0.48410,15.80460,1.0184,0.413
2012-03-31,46.39700,12.99700,33.40000,3.11600,,18.86900,14.53100,-9.27000,5.26100,5.26100,5.26100,0.26100,5.40300,30.26500,14.53100,27.64700,27.71800,0.20000,0.19000,0.66990,2.02960,31.31880,31.31880,11.33910,11.64520,0.03590,1.26920,1.26920,0.40700,0.41890,14.75060,0.44810,-0.27210
2011-12-31,42.88500,11.35700,31.52800,2.56400,,16.88800,14.64000,-8.43000,6.21000,6.21000,6.21000,0.31600,6.40500,28.82700,14.64000,26.89700,26.97100,0.24000,0.24000,0.67240,2.05290,34.13780,34.13780,14.48060,14.93530,0.03330,1.53100,1.53100,0.48270,0.50150,14.66520,0.6479,-2.4342
2011-09-30,43.83900,12.57100,31.26800,2.55100,,16.95400,14.31400,-8.50000,5.81400,5.81400,5.81400,-0.02300,5.67000,28.66200,14.31400,26.83900,26.91400,0.21000,0.21000,0.66740,2.00620,32.65130,32.65130,13.26220,12.93370,0.03620,1.49850,1.49850,0.47960,0.49850,14.32760,1.0632,-0.5986
2011-06-30,43.14800,12.52300,30.62500,2.60700,,16.62400,14.00100,-8.36200,5.63900,5.63900,5.63900,-0.02400,5.49200,27.95800,14.00100,26.82000,26.89700,0.20000,0.20000,0.65450,1.89420,32.44880,32.44880,13.06900,12.72830,0.03660,1.42660,1.42660,0.47800,0.49290,14.60540,0.9747,0.5026
2011-03-31,43.27800,12.46000,30.81800,2.96900,,17.21600,13.60200,-8.70000,4.90200,4.90200,4.90200,,4.79200,27.84900,13.60200,26.80900,26.87300,0.18000,0.18000,0.64980,1.85540,31.42940,31.42940,11.32680,11.07260,0.03660,1.21700,1.21700,0.41510,0.42620,14.89070,0.52310,0.18540
2010-12-31,40.78400,10.93400,29.85000,2.58500,,16.39200,13.45800,-8.55400,4.90400,4.90400,4.89500,,4.92200,27.29600,13.45800,26.75200,26.82400,0.18000,0.18000,0.64130,1.78790,32.99820,32.99820,12.02430,12.06850,0.03450,1.18950,1.18950,0.41370,0.42670,15.25570,0.4866,0.0873
2010-09-30,43.13800,13.17600,29.96200,2.52100,,17.16900,12.79300,-8.67600,4.11700,4.11700,4.12600,,4.02300,27.40700,12.79300,26.75800,26.82800,0.15000,0.15000,0.63220,1.71870,29.65600,29.65600,9.54380,9.32590,0.03640,0.98170,0.98170,0.34800,0.36110,15.57840,0.9536,0.6738
2010-06-30,43.58800,13.04500,30.54300,2.54400,,17.25000,13.29300,-8.71500,4.57800,4.57800,4.57800,,4.47700,27.96500,13.29300,26.74800,26.81500,0.17000,0.17000,0.62760,1.68500,30.49690,30.49690,10.50290,10.27120,0.03670,1.06570,1.06570,0.38530,0.39690,15.92680,0.9214,0.5479
2010-03-31,44.45900,13.52400,30.93500,2.61000,,17.32700,13.60800,-8.60200,5.00600,5.00600,5.00600,,4.90300,28.29000,13.60800,26.73500,26.79400,0.18000,0.18000,0.62250,1.64930,30.60800,30.60800,11.25980,11.02810,0.03730,1.14260,1.14260,0.42030,0.43130,16.26260,0.50370,-0.56020
2009-12-31,42.77500,12.33400,30.44100,1.92100,,16.15300,14.28800,-8.52400,5.76400,5.76400,5.77900,0.00400,5.67800,28.44400,14.28800,25.59000,25.69000,0.21000,0.21000,0.60750,1.54800,33.40270,33.40270,13.47520,13.27410,0.03630,1.29260,1.29260,0.49040,0.50730,16.66650,0.5017,0.0343
2009-09-30,43.18600,12.71100,30.47500,2.24600,,15.81900,14.65600,-8.38200,6.27400,6.27400,6.28200,-0.03800,6.14700,28.19600,14.65600,25.81100,25.91600,0.24000,0.24000,0.62360,1.65670,33.93690,33.93690,14.52790,14.23380,0.03660,1.46990,1.46990,0.53270,0.55330,16.36880,1.078,0.4828
2009-06-30,43.06800,12.64600,30.42200,2.16600,,15.46200,14.96000,-7.69600,7.26400,7.26400,7.26400,-0.03800,7.15600,28.27300,14.96000,25.32600,25.41300,0.28000,0.28000,0.62240,1.64830,34.73580,34.73580,16.86640,16.61560,0.03670,1.69470,1.69470,0.61950,0.63990,16.51010,1.0194,0.0959
2009-03-31,43.32500,12.56800,30.75700,2.56100,,15.59000,15.16700,-7.29600,7.87100,7.87100,7.87900,-0.03800,7.67800,28.11100,15.16700,24.99900,25.07000,0.31000,0.31000,0.63590,1.74650,35.00750,35.00750,18.16730,17.72190,0.03730,1.92680,1.92680,0.67800,0.70150,16.23570,0.53770,-0.09420
