Date,revenue,cost-goods-sold,gross-profit,selling-general-administrative-expenses,other-operating-income-expenses,operating-expenses,operating-income,total-non-operating-income-expense,pre-tax-income,total-provision-income-taxes,income-after-taxes,income-from-continuous-operations,net-income,ebitda,ebit,basic-shares-outstanding,shares-outstanding,eps-basic-net-earnings-per-share,eps-earnings-per-share-diluted,current-ratio,long-term-debt-capital,debt-equity-ratio,gross-margin,operating-margin,ebit-margin,pre-tax-profit-margin,net-profit-margin,asset-turnover,inventory-turnover,receiveable-turnover,days-sales-in-receivables,roe,return-on-tangible-equity,roa,roi,book-value-per-share,operating-cash-flow-per-share,free-cash-flow-per-share
2024-03-31,3940.00000,1107.00000,2833.00000,2284.00000,0.00000,2302.00000,531.00000,-45.00000,486.00000,151.00000,335.00000,335.00000,330.00000,737.00000,531.00000,359.10000,360.80000,0.92000,0.91000,1.57570,0.55850,1.35270,71.90360,13.47720,13.47720,12.33500,8.37560,0.17360,0.47980,2.12510,42.35030,5.83220,-15.60320,1.47580,2.57510,16.01980,1.4743,0.9925
2023-12-31,4279.00000,1154.00000,3125.00000,2544.00000,,2551.00000,574.00000,-55.00000,519.00000,195.00000,324.00000,324.00000,313.00000,779.00000,574.00000,358.70000,360.00000,0.87000,0.87000,1.35610,0.53760,1.42510,73.03110,13.41440,13.41440,12.12900,7.31480,0.18380,0.44330,2.44240,36.84970,5.67230,-13.85210,1.39160,2.62310,15.93630,3.7346,3.089
2023-09-30,3518.00000,1070.00000,2448.00000,2349.00000,,2350.00000,98.00000,-52.00000,46.00000,10.00000,36.00000,36.00000,31.00000,301.00000,98.00000,358.40000,360.50000,0.09000,0.09000,1.45160,0.57020,1.51500,69.58500,2.78570,2.78570,1.30760,0.88120,0.15530,0.37370,1.84290,48.83740,0.67390,-1.36990,0.15890,0.28960,14.92830,-1.13180,-1.95010
2023-06-30,3609.00000,1163.00000,2446.00000,2420.00000,,2451.00000,-5.00000,-43.00000,-48.00000,-16.00000,-32.00000,-32.00000,-33.00000,191.00000,-5.00000,357.90000,360.90000,-0.10000,-0.08000,1.46460,0.56030,1.45280,67.77500,-0.13850,-0.13850,-1.33000,-0.91440,0.15410,0.39040,2.48550,36.20950,-0.57300,1.27850,-0.13670,-0.25190,15.61710,1.9807,1.0067
2023-03-31,3751.00000,1159.00000,2592.00000,2281.00000,0.00000,2295.00000,297.00000,-17.00000,280.00000,125.00000,155.00000,155.00000,156.00000,486.00000,297.00000,357.90000,361.20000,0.44000,0.43000,1.46060,0.46600,1.25420,69.10160,7.91790,7.91790,7.46470,4.15890,0.16510,0.37420,1.97010,45.68380,2.63740,42.58240,0.68240,1.40850,16.44520,0.7318,0.0893
2022-12-31,4620.00000,1219.00000,3401.00000,2630.00000,-207.00000,2845.00000,556.00000,-24.00000,532.00000,135.00000,397.00000,397.00000,394.00000,737.00000,556.00000,357.70000,360.40000,1.10000,1.09000,1.65640,0.46410,0.91000,73.61470,12.03460,12.03460,11.51520,8.52810,0.22290,0.39720,2.39130,37.63640,6.72650,119.57830,1.91500,3.60480,16.52620,3.8824,3.1403
2022-09-30,3930.00000,1023.00000,2907.00000,2244.00000,,2246.00000,661.00000,-28.00000,633.00000,143.00000,490.00000,490.00000,489.00000,839.00000,661.00000,357.90000,361.40000,1.37000,1.35000,1.68200,0.48070,0.97390,73.96950,16.81930,16.81930,16.10690,12.44280,0.19660,0.33900,1.82280,49.37410,8.88160,-556.81820,2.45130,4.61220,15.45240,-1.79860,-2.21910
2022-06-30,3561.00000,1031.00000,2530.00000,2334.00000,-25.00000,2451.00000,79.00000,-31.00000,48.00000,-2.00000,50.00000,50.00000,52.00000,260.00000,79.00000,360.00000,364.90000,0.16000,0.17000,1.59900,0.47920,0.96820,71.04750,2.21850,2.21850,1.34790,1.46030,0.17030,0.35310,2.18600,41.17100,0.89450,-13.92760,0.23910,0.46580,15.65580,2.9158,1.8754
2022-03-31,4245.00000,994.00000,3251.00000,2275.00000,-216.00000,2513.00000,738.00000,-35.00000,703.00000,130.00000,573.00000,573.00000,558.00000,920.00000,738.00000,359.20000,363.60000,1.55000,1.53000,1.75470,0.45610,0.88220,76.58420,17.38520,17.38520,16.56070,13.14490,0.19870,0.35120,1.92170,46.83390,9.26290,-1332.55800,2.68270,5.03780,17.28780,0.3716,-0.184
2021-12-31,5539.00000,1223.00000,4316.00000,2885.00000,0.00000,2898.00000,1418.00000,-30.00000,1388.00000,298.00000,1090.00000,1090.00000,1088.00000,1599.00000,1418.00000,360.60000,366.00000,3.02000,2.97000,1.72770,0.45690,0.88470,77.92020,25.60030,25.60030,25.05870,19.64250,0.25090,0.46820,2.66430,33.78050,17.43440,-536.94580,4.93700,9.46920,17.40200,5.2639,4.567
2021-09-30,4392.00000,1057.00000,3335.00000,2394.00000,,2400.00000,935.00000,-38.00000,897.00000,202.00000,695.00000,695.00000,692.00000,1118.00000,935.00000,362.20000,367.90000,1.91000,1.88000,1.78340,0.46270,0.90730,75.93350,21.28870,21.28870,20.42350,15.75590,0.20350,0.40140,1.93910,46.41390,11.36550,-181.46210,3.22060,6.10610,16.95550,-0.22020,-0.77740
2021-06-30,3936.00000,986.00000,2950.00000,2610.00000,-74.00000,2716.00000,234.00000,816.00000,1050.00000,35.00000,1015.00000,1015.00000,1018.00000,410.00000,234.00000,362.90000,368.20000,2.82000,2.76000,1.84370,0.47620,0.91430,74.94920,5.94510,5.94510,26.67680,25.86380,0.17910,0.39360,2.31260,38.91770,16.66390,-163.70970,4.61970,8.72890,16.83720,2.3358,1.6518
2021-03-31,3864.00000,939.00000,2925.00000,2145.00000,-33.00000,2309.00000,616.00000,-36.00000,580.00000,122.00000,458.00000,458.00000,456.00000,775.00000,616.00000,363.60000,369.00000,1.25000,1.24000,2.11600,0.49680,1.07200,75.69880,15.94200,15.94200,15.01040,11.80120,0.19420,0.44000,2.22710,40.41150,8.24040,24.16890,2.30150,4.14670,15.32960,2.1507,1.784
2020-12-31,4853.00000,1084.00000,3769.00000,2590.00000,-27.00000,2706.00000,1063.00000,-33.00000,1030.00000,153.00000,877.00000,877.00000,873.00000,1223.00000,1063.00000,363.00000,368.00000,2.40000,2.37000,1.89870,0.47380,0.98660,77.66330,21.90400,21.90400,21.22400,17.98890,0.24770,0.51230,2.46100,36.57120,16.07410,53.77070,4.47560,8.45790,15.04550,4.4001,4.0367
2020-09-30,3562.00000,825.00000,2737.00000,2026.00000,,2032.00000,705.00000,-34.00000,671.00000,146.00000,525.00000,525.00000,523.00000,861.00000,705.00000,362.10000,367.20000,1.44000,1.42000,1.85390,0.52300,1.20200,76.83890,19.79230,19.79230,18.83770,14.68280,0.19900,0.37430,1.96580,45.78330,11.71610,74.78630,2.93250,5.58870,12.39590,0.97490,0.65900
2020-06-30,2430.00000,767.00000,1663.00000,1884.00000,-277.00000,2206.00000,-543.00000,-62.00000,-605.00000,-146.00000,-459.00000,-459.00000,-462.00000,-379.00000,-543.00000,360.60000,366.90000,-1.28000,-1.25000,1.71690,0.55360,1.54870,68.43620,-22.34570,-22.34570,-24.89710,-19.01240,0.13670,0.37200,2.03520,44.22220,-11.58510,-205.82960,-2.58140,-5.17120,10.98950,0.8144,0.4157
2020-03-31,3345.00000,836.00000,2509.00000,2030.00000,-71.00000,2400.00000,109.00000,-29.00000,80.00000,84.00000,-4.00000,-4.00000,-6.00000,-508.00000,109.00000,360.20000,360.20000,-0.02000,-0.02000,1.62520,0.51750,1.42290,75.00750,3.25860,3.25860,2.39160,-0.17940,0.18220,0.40060,1.81200,49.66820,-0.09180,-0.74770,-0.02180,-0.04430,12.10600,1.9774,1.4716
2019-12-31,4624.00000,1041.00000,3583.00000,2538.00000,-266.00000,3322.00000,261.00000,550.00000,811.00000,250.00000,561.00000,561.00000,557.00000,1182.00000,261.00000,360.20000,366.70000,1.55000,1.52000,1.68540,0.50330,1.12670,77.48700,5.64450,5.64450,17.53890,12.04590,0.25780,0.50580,2.07820,43.30670,12.19300,165.48670,3.12760,6.05640,12.80200,3.8836,3.4292
2019-09-30,3895.00000,908.00000,2987.00000,2185.00000,,2208.00000,779.00000,-19.00000,760.00000,162.00000,598.00000,598.00000,595.00000,922.00000,779.00000,361.40000,368.60000,1.65000,1.61000,1.52980,0.38840,0.74920,76.68810,20.00000,20.00000,19.51220,15.27600,0.25240,0.44180,1.69790,53.00640,13.11980,39.89330,3.87530,8.02360,12.63650,-0.46120,-0.80030
2019-06-30,3590.00000,835.00000,2755.00000,2422.00000,,2539.00000,216.00000,-17.00000,199.00000,41.00000,158.00000,158.00000,157.00000,279.00000,216.00000,363.50000,370.40000,0.44000,0.42000,1.56610,0.39630,0.77350,76.74090,6.01670,6.01670,5.54320,4.37330,0.27290,0.41630,1.96070,45.90250,3.58200,11.79100,1.20100,2.16230,12.21540,2.0275,1.2216
2019-03-31,3744.00000,819.00000,2925.00000,2170.00000,-4.00000,2251.00000,674.00000,53.00000,727.00000,170.00000,557.00000,557.00000,555.00000,899.00000,674.00000,361.90000,368.30000,1.53000,1.51000,1.69230,0.38440,0.73620,78.12500,18.00210,18.00210,19.41770,14.82370,0.28950,0.45150,1.83890,48.94230,12.06410,36.23940,4.30750,7.42670,12.76220,1.3264,0.9184
2018-12-31,4005.00000,910.00000,3095.00000,2257.00000,-18.00000,2324.00000,771.00000,-23.00000,748.00000,171.00000,577.00000,577.00000,573.00000,908.00000,771.00000,363.30000,369.90000,1.58000,1.55000,1.70550,0.43770,0.78260,77.27840,19.25090,19.25090,18.67670,14.30710,0.31600,0.55120,2.00250,44.94380,13.31640,48.52820,4.55190,7.48770,11.97430,3.7593,2.8497
2018-09-30,3524.00000,823.00000,2701.00000,2008.00000,,2049.00000,652.00000,-19.00000,633.00000,131.00000,502.00000,502.00000,500.00000,784.00000,652.00000,366.80000,374.40000,1.36000,1.34000,1.75390,0.43140,0.80000,76.64590,18.50170,18.50170,17.96250,14.18840,0.28100,0.48960,1.59170,56.54370,11.33180,40.58210,4.00220,6.44330,12.15550,-0.31780,-0.19760
2018-06-30,3295.00000,697.00000,2598.00000,2287.00000,,2320.00000,278.00000,-17.00000,261.00000,73.00000,188.00000,188.00000,186.00000,420.00000,278.00000,368.00000,375.70000,0.51000,0.49000,1.86340,0.41640,0.75240,78.84670,8.43700,8.43700,7.92110,5.64490,0.26220,0.43080,2.21590,40.61610,3.99150,12.46680,1.49600,2.32930,12.82870,1.7088,1.0141
2018-03-31,3370.00000,683.00000,2687.00000,2092.00000,0.00000,2189.00000,498.00000,-18.00000,480.00000,106.00000,374.00000,374.00000,372.00000,631.00000,498.00000,367.90000,375.70000,1.01000,0.99000,1.82080,0.41520,0.77240,79.73290,14.77750,14.77750,14.24330,11.03860,0.26390,0.44550,1.91370,47.02970,7.89530,24.71910,2.92830,4.61730,12.89680,1.2844,1.0042
2017-12-31,3744.00000,753.00000,2991.00000,2214.00000,0.00000,2281.00000,710.00000,-20.00000,690.00000,565.00000,125.00000,125.00000,123.00000,839.00000,710.00000,368.70000,376.10000,0.33000,0.33000,1.75580,0.42370,0.82520,79.88780,18.96370,18.96370,18.42950,3.28530,0.29700,0.52110,2.20360,40.84130,2.72390,9.18440,0.99170,1.56980,12.46760,3.6077,3.2174
2017-09-30,3274.00000,711.00000,2563.00000,1960.00000,,1994.00000,569.00000,-20.00000,549.00000,119.00000,430.00000,430.00000,427.00000,696.00000,569.00000,368.40000,375.40000,1.16000,1.14000,1.75270,0.41580,0.82790,78.28350,17.37940,17.37940,16.76850,13.04220,0.26830,0.46840,1.81990,49.45330,9.04690,28.36410,3.52400,5.28520,12.89740,0.21840,-0.09060
2017-06-30,2894.00000,610.00000,2284.00000,1938.00000,,2042.00000,242.00000,-35.00000,207.00000,-23.00000,230.00000,230.00000,229.00000,369.00000,242.00000,367.10000,373.00000,0.62000,0.61000,1.75840,0.43460,0.81140,78.92190,8.36210,8.36210,7.15270,7.91290,0.25020,0.41240,2.07460,43.38290,5.22490,19.84470,1.98820,2.95440,11.95860,1.436,0.9336
2017-03-31,2857.00000,591.00000,2266.00000,1780.00000,,1839.00000,427.00000,-20.00000,407.00000,107.00000,300.00000,300.00000,298.00000,546.00000,427.00000,367.00000,372.30000,0.81000,0.80000,1.73850,0.44950,0.94220,79.31400,14.94580,14.94580,14.24570,10.43050,0.24960,0.45110,1.86980,48.13440,7.25510,35.04670,2.62120,3.99360,11.24540,1.1514,0.8608
2016-12-31,3208.00000,637.00000,2571.00000,1917.00000,,1954.00000,617.00000,-17.00000,600.00000,170.00000,430.00000,430.00000,428.00000,729.00000,617.00000,366.90000,372.60000,1.17000,1.15000,1.07420,0.33170,1.05910,80.14340,19.23320,19.23320,18.70320,13.34170,0.28610,0.49840,2.12730,42.30670,11.29200,82.53360,3.83520,7.54650,10.40050,2.6133,2.2829
2016-09-30,2865.00000,596.00000,2269.00000,1825.00000,,1851.00000,418.00000,-15.00000,403.00000,107.00000,296.00000,296.00000,294.00000,524.00000,418.00000,366.40000,373.30000,0.80000,0.79000,1.62280,0.34180,0.68030,79.19720,14.58990,14.58990,14.06630,10.26180,0.30650,0.45990,1.76420,51.01570,8.05440,14.05510,3.16650,5.30180,10.03210,-0.40180,-0.59740
2016-06-30,2646.00000,511.00000,2135.00000,1893.00000,,1992.00000,143.00000,-13.00000,130.00000,35.00000,95.00000,95.00000,94.00000,253.00000,143.00000,370.00000,376.60000,0.25000,0.24000,1.57590,0.34750,0.62500,80.68780,5.40440,5.40440,4.91310,3.55250,0.28690,0.40430,2.10330,42.78910,2.64850,4.71460,1.03000,1.72820,9.75360,1.2467,0.7418
2016-03-31,2657.00000,504.00000,2153.00000,1754.00000,,1769.00000,384.00000,-14.00000,370.00000,104.00000,266.00000,266.00000,265.00000,487.00000,384.00000,369.10000,375.60000,0.72000,0.71000,1.74730,0.29670,0.50370,81.03120,14.45240,14.45240,13.92550,9.97370,0.30140,0.43810,1.87560,47.98420,6.95900,11.84960,3.01710,4.89430,10.35400,0.9452,0.6491
2015-12-31,3124.00000,589.00000,2535.00000,1886.00000,,1905.00000,630.00000,-14.00000,616.00000,167.00000,449.00000,449.00000,447.00000,734.00000,630.00000,369.60000,376.00000,1.21000,1.19000,1.80520,0.30770,0.54810,81.14600,20.16650,20.16650,19.71830,14.30860,0.36400,0.54670,2.21470,40.63830,12.41880,20.87310,5.23180,8.59690,9.78770,2.5374,2.1818
2015-09-30,2835.00000,577.00000,2258.00000,1805.00000,,1805.00000,453.00000,-14.00000,439.00000,128.00000,311.00000,311.00000,309.00000,551.00000,453.00000,372.50000,379.00000,0.83000,0.82000,1.78600,0.31530,0.59000,79.64730,15.97880,15.97880,15.48500,10.89950,0.33650,0.49040,1.84190,48.86350,8.88060,15.28030,3.69120,6.08080,9.44720,0.02110,-0.21640
2015-06-30,2524.00000,487.40000,2036.60000,1808.60000,,1808.60000,228.00000,-8.50000,219.50010,65.10000,154.40000,154.40000,153.10000,338.40000,228.00000,379.30000,385.70000,0.40000,0.39000,1.96430,0.30390,0.44470,80.68940,9.03330,9.03330,8.69650,6.06580,0.30680,0.40090,2.14900,41.88000,4.22520,7.07320,1.87680,2.94130,9.74790,1.4374,0.9384
2015-03-31,2580.50000,502.90000,2077.60000,1680.40000,,1680.40000,397.20000,-12.10000,385.10000,112.40000,272.70000,272.70000,272.10000,497.20000,397.20000,378.50000,384.70000,0.72000,0.71000,2.11180,0.25420,0.37590,80.51150,15.39240,15.39240,14.92350,10.54450,0.31880,0.46860,1.91120,47.09090,7.05580,11.42200,3.36870,5.26200,10.21450,1.0265,0.7846
2014-12-31,3044.50000,573.10000,2471.40000,1838.60000,,1838.60000,632.80000,-11.20000,621.60000,183.90000,437.70000,437.70000,435.70000,730.80000,632.80000,380.00000,386.10000,1.15000,1.13000,2.16520,0.25640,0.36280,81.17590,20.78500,20.78500,20.41710,14.31110,0.38750,0.51520,2.17620,41.35650,11.43030,16.70290,5.57110,8.49900,10.10800,2.2447,1.9621
2014-09-30,2631.00000,536.60000,2094.40000,1746.40000,,1746.40000,348.00000,-13.20000,334.80000,105.60000,229.20000,229.20000,228.10000,448.60000,348.00000,381.80000,388.20000,0.60000,0.59000,2.43490,0.25800,0.35130,79.60470,13.22690,13.22690,12.72520,8.66970,0.34330,0.42690,1.75150,51.38310,6.04080,8.34580,2.99050,4.48250,9.95260,0.32900,0.12620
2014-06-30,2725.30000,533.80000,2191.50000,1812.00000,,1811.29900,380.20040,-12.60000,367.60000,109.20000,258.40010,258.40010,257.70000,484.80040,380.20020,386.20000,393.10000,0.68000,0.67000,2.34610,0.25500,0.34710,80.41320,13.95080,13.95080,13.48840,9.45580,0.34630,0.41250,1.97590,45.54990,6.67800,9.16670,3.28390,4.97490,10.10590,0.923,0.4994
2014-03-31,2549.80000,498.70000,2051.10000,1709.50000,,1709.50000,341.60010,-12.30000,329.30000,115.60000,213.70000,213.70000,213.20000,437.20010,341.60010,385.80000,392.10000,0.55000,0.54000,2.30070,0.26500,0.36550,80.44160,13.39710,13.39710,12.91470,8.36140,0.33350,0.41030,1.82260,49.38030,5.80330,8.12330,2.79490,4.26540,9.61640,1.0036,0.6779
2013-12-31,3018.70000,581.60000,2437.10000,1784.20000,,1780.80000,656.30000,-12.40000,643.90000,208.70000,435.20000,435.20000,432.50000,751.80000,656.30000,388.30000,395.40000,1.11000,1.09000,2.41560,0.25410,0.34480,80.73340,21.74120,21.74120,21.33040,14.32740,0.38500,0.50750,2.01110,44.75110,11.20750,15.37920,5.55020,8.35960,10.00930,1.9031,1.5715
2013-09-30,2675.00000,544.10000,2130.90000,1680.20000,,1681.40000,449.50020,-13.50000,436.00000,134.20000,301.80000,301.80000,300.70000,538.40030,449.50020,387.80000,394.90000,0.78000,0.76000,2.33070,0.26830,0.37110,79.65980,16.80380,16.80380,16.29910,11.24110,0.35570,0.45480,1.70740,52.71140,8.35430,11.78630,4.01300,6.11280,9.31200,0.07570,-0.14130
2013-06-30,2407.40000,475.60000,1931.80000,1765.20000,,1785.99900,145.80180,-13.00000,132.80000,36.90000,95.89990,95.89990,94.00000,253.20180,145.80130,387.60000,394.90000,0.24000,0.24000,2.22120,0.28650,0.40710,80.24420,6.05640,6.05640,5.51630,3.90460,0.33690,0.42700,2.05460,43.80370,2.90440,4.26070,1.34220,2.07220,8.51020,0.7342,0.3423
2013-03-31,2291.80000,443.10000,1848.70000,1605.30000,,1603.60000,245.09990,-12.60000,232.50000,53.60000,178.90000,178.90000,178.80000,335.49980,245.09990,387.20000,394.00000,0.46000,0.45000,2.23720,0.29300,0.42070,80.66590,10.69460,10.69460,10.14490,7.80170,0.32300,0.44790,1.68280,53.48240,5.57880,8.37820,2.52150,3.94400,8.27140,0.7114,0.4564
2012-12-31,2933.00000,568.00000,2365.00000,1698.60000,,1711.90000,653.09990,7.90000,661.00000,211.60000,449.40000,449.40000,447.50000,732.39980,653.09990,387.40000,394.70000,1.16000,1.13000,2.11530,0.29870,0.43420,80.63420,22.26730,22.26730,22.53670,15.25740,0.40910,0.57140,1.91490,47.00070,14.38960,21.92840,6.26770,10.09160,8.07180,1.9763,1.6973
2012-09-30,2549.50000,539.20000,2010.30000,1527.90000,,1528.30000,482.00000,-33.10000,448.90000,149.30000,299.60000,299.60000,299.50000,559.50000,482.00000,387.80000,395.50000,0.77000,0.76000,2.13600,0.30440,0.44560,78.85080,18.90570,18.90570,17.60740,11.74740,0.36380,0.50490,1.58880,56.64760,9.85360,15.23050,4.27540,6.85400,7.85230,-0.31660,-0.55800
2012-06-30,2251.19900,441.20000,1810.00000,1701.40000,-15.00000,1736.79900,73.20020,-14.00000,59.20000,7.00000,52.20000,52.20000,51.20000,175.30020,73.20030,388.70000,397.00000,0.12000,0.13000,1.81350,0.28010,0.46880,80.40160,3.25160,3.25160,2.62970,2.27430,0.34150,0.44860,2.12320,42.38940,1.89990,3.11680,0.79170,1.36770,7.06490,0.6434,0.2698
2012-03-31,2248.20000,469.30000,1778.90000,1539.00000,,1567.40000,211.49990,-14.50000,197.00000,65.70000,131.30000,131.30000,130.40000,285.89990,211.49990,388.20000,396.30000,0.34000,0.33000,1.89480,0.27180,0.42370,79.12550,9.40750,9.40750,8.76260,5.80020,0.34060,0.52220,1.72300,52.23380,4.59810,7.43910,1.98890,3.34830,7.34610,0.6506,0.4237
2011-12-31,2737.50000,551.00000,2186.50000,1576.70000,-6.70000,1589.50000,597.00000,-6.10000,590.90000,192.50000,398.40000,398.40000,396.70000,668.40000,597.00000,386.80000,395.20000,1.03000,1.00000,1.85610,0.28790,0.45860,79.87220,21.80820,21.80820,21.58540,14.49130,0.43160,0.61300,1.97840,45.49150,15.06980,25.65520,6.28170,10.73160,6.81940,1.6347,1.3778
2011-09-30,2476.70000,534.30000,1942.40000,1507.70000,,1512.40000,430.00000,-16.00000,414.00000,135.40000,278.60000,278.60000,278.60000,499.60000,430.00000,390.50000,399.30000,0.71000,0.70000,1.80850,0.30090,0.48740,78.42690,17.36180,17.36180,16.71580,11.24880,0.40370,0.54400,1.79670,50.09290,11.17980,19.99710,4.54090,7.81530,6.43930,-0.09070,-0.29300
2011-06-30,2060.60000,425.10010,1635.50000,1559.80000,-1.70000,1570.90090,64.59920,-15.90000,48.70000,5.50000,43.19990,43.19990,41.10000,148.09920,64.59960,394.00000,402.40000,0.10500,0.09500,1.89700,0.28980,0.46020,79.37010,3.13500,3.13500,2.36340,1.99460,0.32840,0.42700,2.17910,41.30060,1.63200,2.80120,0.68860,1.15910,6.70870,0.7517,0.4334
2011-03-31,2165.70000,482.60000,1683.10000,1415.90000,-7.00000,1474.00000,209.09990,-15.80000,193.30000,68.20000,125.10000,125.10000,124.70000,322.69990,209.09990,395.30000,404.10000,0.32000,0.31000,1.87920,0.29980,0.48540,77.71620,9.65510,9.65510,8.92550,5.75800,0.34950,0.54270,1.73310,51.92960,4.94700,8.79620,2.01890,3.46380,6.41540,0.5362,0.3426
2010-12-31,2492.00000,541.10000,1950.90000,1419.20000,0.00000,1433.20000,517.70010,-16.10000,501.60000,155.70000,345.90000,345.90000,343.90000,584.20010,517.70010,393.40000,401.80000,0.87000,0.86000,2.00650,0.33370,0.51170,78.28650,20.77450,20.77450,20.12840,13.80020,0.41660,0.62420,2.12540,42.34550,14.37840,27.36340,5.78250,9.57960,6.09610,1.3619,1.1454
2010-09-30,2091.70000,488.10000,1603.60000,1301.80000,,1305.60000,297.99990,-16.10000,281.90000,92.30000,189.60000,189.60000,191.10000,366.79990,297.99990,393.40000,400.80000,0.48500,0.47500,1.89600,0.36040,0.57770,76.66490,14.24680,14.24680,13.47710,9.13610,0.37100,0.53920,1.81040,49.71360,8.86810,19.03040,3.36320,5.67240,5.46100,-0.09760,-0.24150
2010-06-30,1840.10000,414.30000,1425.80000,1358.30000,-2.80000,1382.20000,43.59960,-43.90000,-0.30000,-25.30000,25.00000,25.00000,23.90000,113.29960,43.59970,395.40000,401.50000,0.05500,0.05500,1.98510,0.38010,0.62500,77.48490,2.36940,2.36940,-0.01630,1.29880,0.34490,0.50120,2.46600,36.49690,1.27200,2.26570,0.46860,0.78850,4.97010,0.4051,0.131
2010-03-31,1860.00000,444.60000,1415.40000,1276.60000,0.00000,1289.10000,126.30000,-18.20000,108.10000,50.20000,57.90000,57.90000,57.50000,195.40010,126.30000,396.00000,403.60000,0.14500,0.14000,2.15040,0.39930,0.67500,76.09680,6.79030,6.79030,5.81180,3.09140,0.32100,0.56670,1.90030,47.36130,2.75690,4.72000,0.99930,1.65610,5.27900,0.4385,0.2986
2009-12-31,2262.30000,525.40000,1736.90000,1282.40000,-29.00000,1337.30000,399.60000,-19.90000,379.70000,118.00000,261.70000,261.70000,256.20000,507.60000,399.60000,394.60000,400.80000,0.65000,0.64000,2.08340,0.40650,0.69880,76.77590,17.66340,17.66340,16.78380,11.32480,0.39610,0.69460,2.05940,43.70110,13.02900,23.08570,4.58200,7.73230,5.09320,1.5324,1.3869
2009-09-30,1833.40000,445.10000,1388.30000,1149.70000,,1167.90000,220.40010,-19.60000,200.80000,63.00000,137.80000,137.80000,140.70000,285.70010,220.40010,393.40000,396.40000,0.36000,0.35500,2.05430,0.42800,0.75890,75.72270,12.02140,12.02140,10.95230,7.67430,0.33540,0.52720,1.67070,53.87040,7.42220,14.64400,2.52070,4.24520,4.71870,0.00680,-0.10770
2009-06-30,1682.80000,427.09990,1255.70000,1151.70000,-34.20000,1270.39910,-14.69920,-20.20000,-34.90000,-22.50000,-12.40000,-9.10000,-17.90000,96.00080,-14.69960,392.60000,395.40000,-0.04500,-0.05000,1.99600,0.45470,0.85420,74.61970,-0.87350,-0.87350,-2.07390,-1.06370,0.32510,0.53720,1.97210,45.63640,-0.54690,-1.20690,-0.17580,-0.29820,4.22990,0.9826,0.8224
2009-03-31,1696.50000,446.40000,1250.10000,1159.00000,-14.60000,1179.80000,70.30010,-20.60000,49.70000,21.40000,28.30000,28.30000,27.20000,150.80000,70.30010,393.40000,394.40000,0.07000,0.07000,2.00760,0.45940,0.93500,73.68700,4.14380,4.14380,2.92960,1.60330,0.33140,0.54420,1.64450,54.72680,1.71380,3.80940,0.55290,0.92650,4.19770,0.7776,0.2302
