Date,revenue,cost-goods-sold,gross-profit,research-development-expenses,selling-general-administrative-expenses,other-operating-income-expenses,operating-expenses,operating-income,total-non-operating-income-expense,pre-tax-income,total-provision-income-taxes,income-after-taxes,income-from-continuous-operations,income-from-discontinued-operations,net-income,ebitda,ebit,basic-shares-outstanding,shares-outstanding,eps-basic-net-earnings-per-share,eps-earnings-per-share-diluted,current-ratio,long-term-debt-capital,debt-equity-ratio,gross-margin,operating-margin,ebit-margin,pre-tax-profit-margin,net-profit-margin,asset-turnover,inventory-turnover,receiveable-turnover,days-sales-in-receivables,roe,return-on-tangible-equity,roa,roi,book-value-per-share,operating-cash-flow-per-share,free-cash-flow-per-share
2024-03-31,2310.00000,1778.00000,532.00000,59.00000,191.00000,,256.00000,276.00000,-62.00000,214.00000,49.00000,165.00000,165.00000,,165.00000,403.00000,276.00000,117.40000,118.20000,1.40000,1.39000,1.38960,0.43630,0.90580,23.03030,11.94810,11.94810,9.26410,7.14290,0.15660,1.00510,1.81320,49.63640,2.94220,19.32080,1.11880,1.65860,47.68750,-0.13540,-1.70900
2023-12-31,2207.00000,1743.00000,464.00000,57.00000,191.00000,,302.00000,162.00000,263.00000,425.00000,114.00000,311.00000,311.00000,,310.00000,280.00000,162.00000,118.60000,119.40000,2.63000,2.61000,1.35130,0.43770,0.87630,21.02400,7.34030,7.34030,19.25690,14.04620,0.15080,1.03570,1.91250,47.05940,5.62390,41.68900,2.12530,3.16220,47.14690,3.7596,2.2705
2023-09-30,2267.00000,1783.00000,484.00000,60.00000,160.00000,-10.00000,228.00000,256.00000,-57.00000,199.00000,20.00000,179.00000,179.00000,,178.00000,376.00000,256.00000,118.50000,119.00000,1.50000,1.49000,1.36410,0.45780,0.96240,21.34980,11.29250,11.29250,8.77810,7.85180,0.15530,1.03600,1.97300,45.61540,3.30010,28.27800,1.22650,1.78930,45.76710,4.3365,2.3358
2023-06-30,2324.00000,1740.00000,584.00000,60.00000,185.00000,,242.00000,342.00000,-73.00000,269.00000,-3.00000,272.00000,272.00000,,272.00000,461.00000,342.00000,118.80000,119.60000,2.28000,2.27000,1.31720,0.46180,1.01590,25.12910,14.71600,14.71600,11.57490,11.70400,0.15730,0.88780,1.92860,46.66520,5.08220,57.26320,1.84140,2.73500,45.16270,3.4281,1.4118
2023-03-31,2412.00000,1883.00000,529.00000,62.00000,191.00000,,272.00000,257.00000,-63.00000,194.00000,60.00000,134.00000,134.00000,,134.00000,398.00000,257.00000,118.90000,119.70000,1.13000,1.12000,1.33730,0.46840,1.07370,21.93200,10.65510,10.65510,8.04310,5.55560,0.16100,0.96860,1.80400,49.88810,2.54660,37.64050,0.89430,1.35380,44.18100,-0.01670,-1.48710
2022-12-31,2373.00000,1997.00000,376.00000,64.00000,172.00000,,258.00000,118.00000,-90.00000,28.00000,26.00000,2.00000,2.00000,,1.00000,235.00000,118.00000,123.50000,124.90000,0.07000,0.06000,1.16210,0.43460,0.98380,15.84490,4.97260,4.97260,1.17990,0.04210,0.16180,1.05440,1.85830,48.43240,0.03820,0.55250,0.01360,0.02160,44.09410,3.5707,1.9925
2022-09-30,2709.00000,2168.00000,541.00000,68.00000,173.00000,-1.00000,214.00000,327.00000,-46.00000,281.00000,-20.00000,301.00000,301.00000,,301.00000,444.00000,327.00000,121.00000,122.30000,2.48000,2.46000,1.28000,0.42120,0.92650,19.97050,12.07090,12.07090,10.37280,11.11110,0.18080,1.09770,1.69950,52.95680,5.50580,48.78440,2.00870,3.18650,45.58110,2.1627,0.7544
2022-06-30,2784.00000,2114.00000,670.00000,67.00000,185.00000,,237.00000,433.00000,-52.00000,381.00000,124.00000,257.00000,257.00000,,256.00000,555.00000,433.00000,124.80000,126.40000,2.05000,2.03000,1.27160,0.42590,0.92310,24.06610,15.55320,15.55320,13.68530,9.19540,0.18720,1.15770,1.70280,52.85560,4.75310,51.81450,1.72770,2.72850,44.04600,1.9427,0.8131
2022-03-31,2714.00000,2164.00000,550.00000,65.00000,196.00000,,232.00000,318.00000,-31.00000,287.00000,51.00000,236.00000,236.00000,,235.00000,439.00000,318.00000,129.00000,130.70000,1.82000,1.80000,1.57170,0.42280,0.89730,20.26530,11.71700,11.71700,10.57480,8.65880,0.17170,1.29500,1.64680,54.65000,3.94850,23.38950,1.49310,2.27890,46.39380,0.13010,-0.74980
2021-12-31,2694.00000,2135.00000,559.00000,67.00000,208.00000,,-4.00000,563.00000,-34.00000,529.00000,149.00000,380.00000,380.00000,,378.00000,685.00000,563.00000,134.90000,137.10000,2.81000,2.76000,1.56380,0.43250,0.89130,20.74980,20.89830,20.89830,19.63620,14.03120,0.17360,1.41950,1.70510,52.78400,6.56530,48.40760,2.44860,3.72550,44.89710,3.1301,1.3448
2021-09-30,2720.00000,2058.00000,662.00000,66.00000,201.00000,6.00000,232.00000,430.00000,-109.00000,321.00000,-33.00000,354.00000,354.00000,,351.00000,557.00000,430.00000,135.30000,137.00000,2.60000,2.57000,1.56600,0.41710,0.88420,24.33820,15.80880,15.80880,11.80150,12.90440,0.16730,1.26260,1.59340,56.48160,5.70320,46.82540,2.17730,3.32430,46.18680,3.9547,3.0694
2021-06-30,2653.00000,1972.00000,681.00000,63.00000,202.00000,,243.00000,438.00000,-545.00000,-107.00000,37.00000,-144.00000,-144.00000,,-146.00000,578.00000,438.00000,135.90000,135.90000,-1.07000,-1.07000,2.06450,0.46420,0.92040,25.66910,16.50960,16.50960,-4.03320,-5.50320,0.16480,1.31380,1.52470,59.02750,-2.38890,-24.61540,-0.89450,-1.27990,44.39440,3.1543,2.314
2021-03-31,2409.00000,1811.00000,598.00000,58.00000,184.00000,,213.00000,385.00000,-46.00000,339.00000,62.00000,277.00000,277.00000,,274.00000,534.00000,385.00000,136.10000,137.60000,2.01000,1.99000,1.88340,0.45140,0.87420,24.82360,15.98170,15.98170,14.07220,11.37400,0.14870,1.20330,1.44340,62.35370,4.38360,209.84850,1.71040,2.40470,46.37020,1.56980,0.86480
2020-12-31,2186.00000,1660.00000,526.00000,57.00000,174.00000,2.00000,450.00000,76.00000,-51.00000,25.00000,-9.00000,34.00000,34.00000,,32.00000,221.00000,76.00000,135.50000,136.50000,0.24000,0.23000,1.73750,0.46310,0.91980,24.06220,3.47670,3.47670,1.14360,1.46390,0.13590,1.20380,1.44290,62.37420,0.55660,-22.81880,0.21140,0.29880,44.97430,2.963,2.1016
2020-09-30,2122.00000,1621.00000,501.00000,56.00000,165.00000,-7.00000,258.00000,243.00000,-53.00000,190.00000,25.00000,165.00000,165.00000,,161.00000,392.00000,243.00000,135.30000,136.30000,1.19000,1.18000,1.97540,0.47160,0.95270,23.60980,11.45150,11.45150,8.95380,7.58720,0.13260,1.21150,1.45940,61.66820,2.68030,-185.39330,1.03070,1.41620,45.45960,3.2363,2.6662
2020-06-30,1924.00000,1553.00000,371.00000,52.00000,155.00000,1.00000,317.00000,54.00000,-55.00000,-1.00000,-31.00000,30.00000,30.00000,,27.00000,195.00000,54.00000,135.30000,136.10000,0.20000,0.20000,1.87750,0.47110,1.00570,19.28280,2.80670,2.80670,-0.05200,1.40330,0.12050,1.09440,1.45100,62.02700,0.49200,-20.83330,0.18780,0.26020,45.07060,3.2073,2.4776
2020-03-31,2241.00000,1664.00000,577.00000,61.00000,160.00000,-4.00000,209.00000,368.00000,-52.00000,316.00000,56.00000,260.00000,260.00000,,258.00000,507.00000,368.00000,136.00000,136.50000,1.90000,1.89000,1.66350,0.46580,1.01650,25.74740,16.42120,16.42120,14.10090,11.51270,0.13610,1.00300,1.56060,57.67070,4.19900,-139.03740,1.57910,2.24310,45.58200,1.25270,0.51280
2019-12-31,2205.00000,1708.00000,497.00000,60.00000,176.00000,,432.00000,65.00000,-56.00000,9.00000,-18.00000,27.00000,27.00000,,26.00000,214.00000,65.00000,137.40000,138.50000,0.20000,0.21000,1.85630,0.48190,0.95860,22.53970,2.94780,2.94780,0.40820,1.17910,0.13770,1.02770,1.60360,56.12250,0.44760,-6.58540,0.16870,0.23190,44.37190,4.8142,3.9374
2019-09-30,2325.00000,1751.00000,574.00000,59.00000,163.00000,-3.00000,207.00000,367.00000,-54.00000,313.00000,46.00000,267.00000,267.00000,,266.00000,518.00000,367.00000,136.80000,137.80000,1.95000,1.93000,1.65380,0.47730,1.01840,24.68820,15.78500,15.78500,13.46240,11.44090,0.14410,1.03300,1.58160,56.90320,4.37920,-66.58350,1.65460,2.28910,44.85430,3.0472,2.2355
2019-06-30,2363.00000,1774.00000,589.00000,57.00000,165.00000,,219.00000,370.00000,-54.00000,316.00000,57.00000,259.00000,259.00000,,258.00000,526.00000,370.00000,137.80000,139.10000,1.87000,1.85000,1.57950,0.48610,1.06880,24.92590,15.65810,15.65810,13.37280,10.91830,0.14540,1.02540,1.55670,57.81630,4.35590,-41.24200,1.59330,2.23850,43.41950,3.0335,2.3667
2019-03-31,2380.00000,1806.00000,574.00000,58.00000,187.00000,,256.00000,318.00000,-54.00000,264.00000,55.00000,209.00000,209.00000,,209.00000,473.00000,318.00000,139.00000,140.10000,1.50000,1.49000,1.50980,0.48620,1.09210,24.11770,13.36140,13.36140,11.09240,8.78150,0.14550,1.05990,1.50440,59.82350,3.53100,-30.37790,1.27740,1.81410,42.72780,-0.03570,-0.79230
2018-12-31,2376.00000,1910.00000,466.00000,59.00000,167.00000,,281.00000,185.00000,-114.00000,71.00000,36.00000,35.00000,35.00000,,34.00000,338.00000,185.00000,141.20000,142.90000,0.27000,0.28000,1.81790,0.50200,1.04930,19.61280,7.78620,7.78620,2.98820,1.43100,0.14850,1.20660,1.60220,56.17420,0.59540,-4.52200,0.21880,0.29650,42.06780,5.1588,4.1744
2018-09-30,2547.00000,1819.00000,728.00000,60.00000,175.00000,,205.00000,523.00000,-64.00000,459.00000,46.00000,413.00000,413.00000,,412.00000,674.00000,523.00000,140.60000,142.40000,2.93000,2.89000,1.69390,0.49590,1.10530,28.58270,20.53400,20.53400,18.02120,16.17590,0.15570,1.11940,1.43740,62.61480,6.88910,-55.43620,2.52410,3.47260,42.82420,2.8057,1.8246
2018-06-30,2621.00000,1917.00000,704.00000,60.00000,189.00000,,223.00000,481.00000,-51.00000,430.00000,84.00000,346.00000,346.00000,,344.00000,629.00000,481.00000,141.90000,144.00000,2.42000,2.39000,1.69150,0.51100,1.15950,26.86000,18.35180,18.35180,16.40600,13.12480,0.16120,1.25130,1.53540,58.61500,5.99240,-33.98820,2.12790,2.93050,40.88400,3.075,2.2646
2018-03-31,2607.00000,2026.00000,581.00000,56.00000,190.00000,,218.00000,363.00000,-13.00000,350.00000,60.00000,290.00000,290.00000,,290.00000,515.00000,363.00000,142.80000,144.80000,2.03000,2.00000,1.71660,0.52900,1.22780,22.28620,13.92410,13.92410,13.42540,11.12390,0.15930,1.37260,1.49060,60.37980,5.16010,-22.85260,1.77200,2.43060,39.41540,-0.24170,-1.12570
2017-12-31,2362.00000,1905.00000,457.00000,53.00000,189.00000,,205.00000,252.00000,-66.00000,186.00000,-305.00000,491.00000,491.00000,,491.00000,399.00000,252.00000,144.80000,146.10000,3.41000,3.36000,1.58580,0.52870,1.19340,19.34800,10.66890,10.66890,7.87470,20.78750,0.14760,1.26240,1.70420,52.81120,8.95990,-34.57750,3.06890,4.22290,38.34420,4.3931,3.0571
2017-09-30,2465.00000,1794.00000,671.00000,59.00000,180.00000,,211.00000,460.00000,-57.00000,403.00000,79.00000,324.00000,324.00000,,323.00000,608.00000,460.00000,144.30000,145.50000,2.24000,2.22000,1.83230,0.55370,1.31280,27.22110,18.66130,18.66130,16.34890,13.10350,0.15380,1.13830,1.72980,52.02840,6.35420,-17.75340,2.02200,2.83610,35.48760,3.6493,2.5378
2017-06-30,2419.00000,1789.00000,630.00000,58.00000,181.00000,,209.00000,421.00000,-62.00000,359.00000,65.00000,294.00000,294.00000,,292.00000,568.00000,421.00000,145.30000,146.40000,2.01000,2.00000,2.04390,0.57700,1.40720,26.04380,17.40390,17.40390,14.84080,12.07110,0.15150,1.16170,1.68340,53.46420,6.01230,-14.34150,1.84160,2.54350,33.76420,2.9459,1.9438
2017-03-31,2303.00000,1698.00000,605.00000,57.00000,179.00000,,208.00000,397.00000,-56.00000,341.00000,62.00000,279.00000,279.00000,,278.00000,542.00000,397.00000,146.20000,147.20000,1.90000,1.89000,1.93340,0.58190,1.45610,26.27010,17.23840,17.23840,14.80680,12.07120,0.14620,1.13580,1.63910,54.90670,5.90230,-12.73390,1.77090,2.46790,32.42650,0.35330,-0.54350
2016-12-31,2188.00000,1691.00000,497.00000,60.00000,169.00000,,239.00000,258.00000,-145.00000,113.00000,-5.00000,118.00000,118.00000,,116.00000,402.00000,258.00000,147.30000,148.40000,0.80000,0.79000,1.59670,0.57800,1.43100,22.71480,11.79160,11.79160,5.16450,5.30160,0.14160,1.20440,1.80680,49.81260,2.56080,-5.06000,0.76340,1.08070,31.46720,2.619,1.2073
2016-09-30,2287.00000,1666.00000,621.00000,54.00000,181.00000,,265.00000,356.00000,-67.00000,289.00000,56.00000,233.00000,233.00000,,232.00000,501.00000,356.00000,147.20000,148.20000,1.57000,1.56000,1.31460,0.56780,1.46320,27.15350,15.56630,15.56630,12.63660,10.14430,0.14770,1.13260,1.96650,45.76740,5.15940,-9.31630,1.50430,2.22990,30.78390,3.0537,1.8195
2016-06-30,2297.00000,1692.00000,605.00000,55.00000,174.00000,,229.00000,376.00000,-52.00000,324.00000,67.00000,257.00000,257.00000,,255.00000,520.00000,376.00000,147.80000,148.90000,1.73000,1.71000,1.33850,0.57730,1.52800,26.33870,16.36920,16.36920,14.10540,11.10140,0.14740,1.17090,1.95160,46.11670,5.77140,-9.69080,1.64930,2.43950,30.15690,3.3175,2.7202
2016-03-31,2236.00000,1602.00000,634.00000,54.00000,183.00000,,235.00000,399.00000,-76.00000,323.00000,72.00000,251.00000,251.00000,,251.00000,546.00000,399.00000,147.80000,148.80000,1.70000,1.69000,1.55010,0.60510,1.65180,28.35420,17.84440,17.84440,14.44540,11.22540,0.14320,1.07300,2.02170,44.51700,5.85760,-8.71830,1.60730,2.31340,28.99460,0.34270,-0.35620
2015-12-31,2225.00000,1716.00000,509.00000,70.00000,214.00000,,337.00000,172.00000,-55.00000,117.00000,-8.00000,125.00000,125.00000,,124.00000,314.00000,172.00000,148.60000,149.80000,0.83000,0.83000,1.39980,0.62060,1.74290,22.87640,7.73030,7.73030,5.25840,5.57300,0.14280,1.16020,2.14350,41.98650,3.10870,-3.97200,0.80230,1.17950,27.21270,3.8318,2.3231
2015-09-30,2447.00000,1752.00000,695.00000,59.00000,183.00000,,263.00000,432.00000,-79.00000,353.00000,95.00000,258.00000,258.00000,,256.00000,574.00000,432.00000,148.60000,149.80000,1.73000,1.71000,1.76780,0.63990,1.84020,28.40210,17.65430,17.65430,14.42580,10.46180,0.15410,1.18060,2.18480,41.19330,6.52170,-7.95310,1.62470,2.34870,26.62950,2.4566,1.3886
2015-06-30,2533.00000,1813.00000,720.00000,57.00000,194.00000,,251.00000,469.00000,-66.00000,403.00000,104.00000,299.00000,299.00000,,297.00000,611.00000,469.00000,148.60000,149.80000,2.00000,1.98000,1.73920,0.64780,1.90460,28.42480,18.51560,18.51560,15.91000,11.72520,0.15940,1.25990,2.13220,42.21080,7.77630,-8.77860,1.88220,2.73880,25.87240,3.9448,3.0041
2015-03-31,2443.00000,1787.00000,656.00000,56.00000,180.00000,,345.00000,311.00000,-55.00000,256.00000,84.00000,172.00000,172.00000,,171.00000,456.00000,311.00000,148.70000,149.70000,1.15000,1.14000,1.79480,0.67430,2.17040,26.85220,12.73030,12.73030,10.47890,6.99960,0.15430,1.23500,2.00900,44.79740,4.88360,-4.62610,1.08630,1.59040,23.70010,0.60790,-0.20040
2014-12-31,2349.00000,2016.00000,333.00000,62.00000,244.00000,,306.00000,27.00000,-56.00000,-29.00000,-46.00000,17.00000,17.00000,,16.00000,149.00000,27.00000,149.50000,151.10000,0.12000,0.13000,1.56920,0.66880,2.10280,14.17620,1.14940,1.14940,-1.23460,0.68110,0.14620,1.33600,1.95750,45.97700,0.47350,-0.44730,0.10580,0.15690,24.15930,3.1698,1.9593
2014-09-30,2413.00000,1777.00000,636.00000,56.00000,171.00000,,298.00000,338.00000,-40.00000,298.00000,86.00000,212.00000,212.00000,0.00000,210.00000,449.00000,338.00000,148.70000,150.30000,1.41000,1.39000,2.06720,0.53420,1.14680,26.35720,14.00750,14.00750,12.34980,8.70290,0.19880,1.30850,2.14300,41.99750,5.32800,-38.89910,1.74700,2.48190,26.79880,3.7429,2.721
2014-06-30,2460.00000,1803.00000,657.00000,56.00000,172.00000,,221.00000,436.00000,-37.00000,399.00000,107.00000,292.00000,292.00000,2.00000,292.00000,546.00000,436.00000,149.50000,151.30000,1.96000,1.93000,2.34380,0.54660,1.20560,26.70730,17.72360,17.72360,16.21950,11.86990,0.20100,1.33160,2.00650,44.85370,7.37560,-46.87000,2.38600,3.34400,26.55620,2.7672,1.965
2014-03-31,2305.00000,1710.00000,595.00000,53.00000,168.00000,,234.00000,361.00000,-39.00000,322.00000,88.00000,234.00000,234.00000,,233.00000,468.00000,361.00000,151.40000,153.00000,1.54000,1.52000,2.34230,0.54900,1.21720,25.81350,15.66160,15.66160,13.96960,10.10850,0.19290,1.24180,1.97520,45.56620,6.14500,-41.34280,1.95870,2.77150,25.35440,-0.19610,-1.00000
2013-12-31,2265.00000,1471.00000,794.00000,45.00000,135.00000,,232.00000,562.00000,-44.00000,518.00000,169.00000,349.00000,349.00000,,346.00000,669.00000,562.00000,154.00000,156.50000,2.26000,2.21000,1.93200,0.52330,1.09780,35.05520,24.81240,24.81240,22.86980,15.27590,0.19120,1.16380,2.08180,43.23180,9.00650,-64.27260,2.94640,4.29330,25.42380,3.2108,2.0939
2013-09-30,2338.00000,1649.00000,689.00000,48.00000,159.00000,,210.00000,479.00000,-45.00000,434.00000,125.00000,309.00000,309.00000,0.00000,308.00000,587.00000,479.00000,154.00000,156.40000,2.00000,1.97000,2.09150,0.54690,1.20710,29.46960,20.48760,20.48760,18.56290,13.17370,0.19940,1.29430,2.03660,44.19160,8.42190,-40.33940,2.63490,3.81580,23.84480,2.7346,1.9332
2013-06-30,2440.00000,1763.00000,677.00000,51.00000,180.00000,,249.00000,428.00000,-46.00000,382.00000,116.00000,266.00000,266.00000,,264.00000,536.00000,428.00000,154.40000,156.70000,1.71000,1.69000,2.16810,0.58110,1.38720,27.74590,17.54100,17.54100,15.65570,10.81970,0.20740,1.37090,1.99020,45.22130,7.88620,-24.92970,2.26150,3.30350,21.87730,2.3102,1.7039
2013-03-31,2307.00000,1691.00000,616.00000,49.00000,171.00000,,223.00000,393.00000,-48.00000,345.00000,97.00000,248.00000,248.00000,,247.00000,503.00000,393.00000,154.40000,156.70000,1.60000,1.57000,2.11680,0.59980,1.50030,26.70130,17.03510,17.03510,14.95450,10.70660,0.19740,1.29980,1.96840,45.72170,7.77920,-19.23970,2.12200,3.11280,20.59650,0.03190,-0.52970
2012-12-31,2169.00000,1844.00000,325.00000,62.00000,224.00000,,369.00000,-44.00000,-42.00000,-86.00000,-34.00000,-52.00000,-52.00000,,-54.00000,64.00000,-44.00000,145.50000,149.10000,-0.46000,-0.45000,1.97870,0.61210,1.57960,14.98390,-2.02860,-2.02860,-3.96500,-2.48960,0.18520,1.46350,2.17550,41.36930,-1.71730,3.54950,-0.44410,-0.66610,19.67580,3.1664,1.8939
2012-09-30,2259.00000,1734.00000,525.00000,52.00000,173.00000,,262.00000,263.00000,-42.00000,221.00000,64.00000,157.00000,157.00000,0.00000,154.00000,375.00000,263.00000,152.90000,156.40000,1.01000,0.99000,1.82580,0.61780,1.65610,23.24040,11.64230,11.64230,9.78310,6.81720,0.19400,1.36640,2.10730,42.70920,5.21590,-12.67150,1.34820,1.99370,19.63380,2.0265,1.4215
2012-06-30,1853.00000,1372.00000,481.00000,43.00000,121.00000,,164.00000,317.00000,-48.00000,269.00000,91.00000,178.00000,178.00000,2.00000,179.00000,388.00000,317.00000,138.10000,141.20000,1.30000,1.27000,5.15020,0.64340,1.80640,25.95790,17.10740,17.10740,14.51700,9.66000,0.21630,1.77030,2.31050,38.95310,8.38440,10.35490,2.07800,2.99010,15.36490,2.2375,1.5668
2012-03-31,1821.00000,1390.00000,431.00000,41.00000,126.00000,,167.00000,264.00000,-19.00000,245.00000,85.00000,160.00000,160.00000,-1.00000,158.00000,333.00000,264.00000,137.30000,140.70000,1.15000,1.12000,2.27080,0.41630,0.78770,23.66830,14.49750,14.49750,13.45420,8.67660,0.29410,1.80990,2.25370,39.93410,7.90120,9.89490,2.58440,4.61230,14.68780,0.13500,-0.46910
2011-12-31,1723.00000,1519.00000,204.00000,44.00000,141.00000,,185.00000,19.00000,-13.00000,6.00000,-7.00000,13.00000,13.00000,,12.00000,88.00000,19.00000,139.70000,143.10000,0.13000,0.13000,2.06640,0.43190,0.84060,11.83980,1.10270,1.10270,0.34820,0.69650,0.27860,1.94990,2.44740,36.77310,0.68390,0.93260,0.21020,0.38850,13.88450,2.4505,1.5816
2011-09-30,1812.00000,1379.00000,433.00000,41.00000,114.00000,,162.00000,271.00000,-17.00000,254.00000,80.00000,174.00000,174.00000,,174.00000,340.00000,271.00000,139.10000,142.40000,1.25000,1.22000,1.96000,0.43080,0.83760,23.89630,14.95590,14.95590,14.01770,9.60260,0.29310,1.62240,2.24810,40.03310,9.11470,11.60770,2.81420,5.18780,13.88810,1.4964,0.564
2011-06-30,1885.00000,1411.00000,474.00000,38.00000,118.00000,,141.00000,333.00000,-13.00000,320.00000,101.00000,219.00000,219.00000,1.00000,220.00000,400.00000,333.00000,141.40000,145.00000,1.55000,1.51000,2.10400,0.43130,0.83950,25.14590,17.66580,17.66580,16.97610,11.67110,0.30830,1.88640,2.13240,42.20690,11.48400,14.33250,3.58190,6.53150,13.59410,1.4304,-3.6071
2011-03-31,1758.00000,1300.00000,458.00000,36.00000,108.00000,,144.00000,314.00000,-13.00000,301.00000,100.00000,201.00000,201.00000,39.00000,240.00000,382.00000,314.00000,141.40000,144.60000,1.70000,1.66000,2.30710,0.46760,0.88220,26.05230,17.86120,17.86120,17.12170,13.65190,0.29260,1.92590,1.97970,45.46080,11.06220,13.96800,3.34500,5.88920,12.79240,-1.00970,2.57260
2010-12-31,1463.00000,1127.00000,336.00000,44.00000,123.00000,,193.00000,143.00000,-138.00000,5.00000,-5.00000,10.00000,10.00000,-2.00000,6.00000,211.00000,143.00000,144.20000,147.80000,0.04000,0.02500,1.91310,0.49550,0.98590,22.96650,9.77440,9.77440,0.34180,0.41010,0.24440,1.85360,2.16420,41.58580,0.61460,0.79870,0.16710,0.31010,11.51090,1.8645,1.1143
2010-09-30,1507.00000,1085.00000,422.00000,42.00000,114.00000,,156.00000,266.00000,-22.00000,244.00000,82.00000,162.00000,162.00000,8.00000,170.00000,339.00000,266.00000,143.80000,146.60000,1.19000,1.16000,2.23510,0.46950,0.88730,28.00270,17.65100,17.65100,16.19110,11.28070,0.25160,1.66410,1.96480,45.80620,8.95030,11.30500,2.70500,4.74790,12.56160,2.1552,1.7513
2010-06-30,1502.00000,1118.00000,384.00000,33.00000,102.00000,,138.00000,246.00000,-32.00000,214.00000,73.00000,141.00000,141.00000,7.00000,148.00000,316.00000,246.00000,144.60000,147.00000,1.02500,1.01000,2.15460,0.48900,0.96060,25.56590,16.37820,16.37820,14.24770,9.85350,0.25900,1.76060,1.85660,48.47540,8.40790,10.83780,2.43150,4.29620,11.62000,1.4055,1.0659
2010-03-31,1370.00000,1053.00000,317.00000,33.00000,95.00000,,128.00000,189.00000,-32.00000,157.00000,52.00000,105.00000,105.00000,-4.00000,101.00000,258.00000,189.00000,144.40000,146.60000,0.69500,0.68500,2.15750,0.50540,1.02420,23.13870,13.79560,13.79560,11.45990,7.37230,0.24260,1.79080,1.77000,50.84670,6.69220,8.36650,1.85910,3.31020,10.84900,-1.53480,-1.73260
2009-12-31,677.00000,412.00000,265.00000,23.00000,71.00000,,267.00000,-2.00000,-22.00000,-24.00000,-10.00000,-14.00000,-14.00000,,-32.00000,69.00000,-2.00000,145.00000,146.80000,-0.22000,-0.22000,2.16880,0.51460,1.06010,39.14330,-0.29540,-0.29540,-3.54510,-4.72670,0.12280,0.77590,1.78630,50.38410,-0.92530,-1.16860,-0.25390,-0.44910,10.45110,0.6193,0.3513
2009-09-30,1337.00000,1009.00000,328.00000,33.00000,104.00000,,137.00000,191.00000,-21.00000,170.00000,69.00000,101.00000,101.00000,,101.00000,260.00000,191.00000,145.20000,147.00000,0.70000,0.69000,1.90820,0.46680,0.87600,24.53250,14.28570,14.28570,12.71500,7.55420,0.24070,2.03840,3.48180,25.84890,6.13980,7.65730,1.81850,3.27390,11.32530,2.2391,1.7969
2009-06-30,1253.00000,993.00000,260.00000,34.00000,98.00000,,129.00000,131.00000,-25.00000,106.00000,41.00000,65.00000,65.00000,,65.00000,198.00000,131.00000,145.00000,146.20000,0.44500,0.44500,1.95960,0.47760,0.92130,20.75020,10.45490,10.45490,8.45970,5.18760,0.23390,2.24150,2.59420,34.69270,4.12700,5.20000,1.21360,2.15590,10.84970,1.7427,1.2592
2009-03-31,1129.00000,950.00000,179.00000,34.00000,94.00000,,154.00000,25.00000,-23.00000,2.00000,,2.00000,2.00000,,2.00000,92.00000,25.00000,145.00000,145.80000,0.01500,0.01500,1.69440,0.48550,0.95210,15.85470,2.21430,2.21430,0.17710,0.17710,0.21720,1.69340,3.19830,28.14000,0.13130,0.16680,0.03850,0.06760,10.49450,0.56240,-0.20580
