Date,revenue,cost-goods-sold,gross-profit,selling-general-administrative-expenses,other-operating-income-expenses,operating-expenses,operating-income,total-non-operating-income-expense,pre-tax-income,total-provision-income-taxes,income-after-taxes,income-from-continuous-operations,income-from-discontinued-operations,net-income,ebitda,ebit,basic-shares-outstanding,shares-outstanding,eps-basic-net-earnings-per-share,eps-earnings-per-share-diluted,current-ratio,long-term-debt-capital,debt-equity-ratio,gross-margin,operating-margin,ebit-margin,pre-tax-profit-margin,net-profit-margin,asset-turnover,inventory-turnover,receiveable-turnover,days-sales-in-receivables,roe,return-on-tangible-equity,roa,roi,book-value-per-share,operating-cash-flow-per-share,free-cash-flow-per-share
2024-03-31,4376.00000,2092.00000,2284.00000,1296.00000,79.00000,1217.00000,1067.00000,-415.00000,652.00000,149.00000,503.00000,503.00000,,501.00000,1491.00000,1067.00000,571.40000,574.10000,0.87000,0.87000,1.17550,0.22140,0.40210,52.19380,24.38300,24.38300,14.89950,11.44880,0.09420,0.88760,1.52100,59.17050,1.87820,-23.29780,1.08310,1.46240,46.81180,1.2932,1.1505
2023-12-31,4117.00000,2201.00000,1916.00000,1277.00000,,1277.00000,639.00000,-500.00000,139.00000,7.00000,132.00000,132.00000,,142.00000,1292.00000,639.00000,570.80000,573.30000,0.25000,0.25000,1.11600,0.22320,0.40890,46.53870,15.52100,15.52100,3.37620,3.44910,0.08850,0.90500,1.49220,60.31330,0.49710,-4.89250,0.28380,0.38610,46.44920,0.72390,0.58960
2023-09-30,4090.00000,2078.00000,2012.00000,1114.00000,,953.00000,1059.00000,-155.00000,904.00000,209.00000,695.00000,695.00000,43.00000,744.00000,1330.00000,1059.00000,574.20000,577.30000,1.26000,1.25000,2.74620,0.22250,0.30670,49.19320,25.89240,25.89240,22.10270,18.19070,0.09570,1.03590,1.62430,55.40830,2.61300,11.87020,1.62590,2.03170,46.50000,-1.1266,-1.4174
2023-06-30,3946.00000,1952.00000,1994.00000,1042.00000,,1042.00000,952.00000,-191.00000,761.00000,158.00000,603.00000,603.00000,8763.00000,9352.00000,1209.00000,952.00000,570.90000,574.00000,16.36000,16.28000,2.38280,0.22440,0.31460,50.53220,24.12570,24.12570,19.28540,236.99950,0.08930,0.93620,1.58410,56.81450,2.28300,9.82890,1.36510,1.77070,46.21700,1.3827,1.2557
2023-03-31,3756.00000,1955.00000,1801.00000,1000.00000,,1000.00000,801.00000,-162.00000,639.00000,134.00000,505.00000,505.00000,265.00000,792.00000,1064.00000,801.00000,570.90000,573.60000,1.39000,1.38000,1.19020,0.32030,0.58410,47.95000,21.32590,21.32590,17.01280,21.08630,0.10390,0.96120,1.61200,55.83070,2.91120,-16.56280,1.39710,1.97880,30.35350,0.1348,0.0244
2022-12-31,3373.00000,1753.00000,1620.00000,1030.00000,,1030.00000,590.00000,-168.00000,422.00000,98.00000,324.00000,324.00000,2002.00000,2331.00000,850.00000,590.00000,583.60000,586.70000,3.99000,3.97000,1.10290,0.32800,0.59540,48.02850,17.49190,17.49190,12.51110,69.10760,0.09310,0.87690,1.51190,59.52860,1.93850,-8.45290,0.89400,1.30260,29.25100,0.71250,0.61190
2022-09-30,3892.00000,2063.00000,1829.00000,983.00000,,983.00000,846.00000,-243.00000,603.00000,150.00000,453.00000,453.00000,255.00000,740.00000,1117.00000,846.00000,592.90000,596.30000,1.25000,1.24000,1.09370,0.33610,0.63580,46.99380,21.73690,21.73690,15.49330,19.01340,0.10910,1.18430,1.72140,52.28420,2.77640,-10.78060,1.26990,1.84330,27.58880,2.0404,1.8728
2022-06-30,3465.00000,1879.00000,1586.00000,894.00000,,894.00000,692.00000,-314.00000,378.00000,123.00000,255.00000,255.00000,697.00000,921.00000,914.00000,692.00000,592.80000,596.20000,1.55000,1.54000,1.06390,0.33940,0.71190,45.77200,19.97110,19.97110,10.90910,26.58010,0.09350,0.81030,1.17180,76.80520,1.56570,-4.73010,0.68840,1.03430,27.50250,1.242,1.1429
2022-03-31,3291.00000,1815.00000,1476.00000,888.00000,,888.00000,588.00000,-79.00000,509.00000,80.00000,429.00000,429.00000,246.00000,674.00000,759.00000,588.00000,593.30000,596.50000,1.13000,1.13000,1.67730,0.43590,1.03310,44.84960,17.86690,17.86690,15.46640,20.48010,0.11160,0.75660,1.11260,80.89340,4.04180,151.05630,1.45440,2.27990,17.87170,0.7434,0.6307
2021-12-31,3156.00000,1741.00000,1415.00000,849.00000,453.00000,396.00000,1019.00000,-77.00000,942.00000,196.00000,746.00000,746.00000,149.00000,896.00000,1197.00000,1019.00000,594.60000,598.10000,1.51000,1.50000,2.03710,0.45880,0.85140,44.83520,32.28770,32.28770,29.84790,28.39040,0.11710,0.74560,1.14970,78.27950,7.25120,-376.76770,2.76720,3.92430,17.31990,0.87440,0.75240
2021-09-30,-357.00000,-520.00000,163.00000,369.00000,,369.00000,-206.00000,-116.00000,-322.00000,-85.00000,-237.00000,-237.00000,,670.00000,-164.00000,-206.00000,598.10000,601.80000,1.12000,1.11000,1.35000,0.36860,0.67170,-45.65830,57.70310,57.70310,90.19610,-187.67510,-0.01440,-0.25370,-0.12020,-748.99160,-2.38840,35.00740,-0.95890,-1.50800,16.65490,1.423,1.333
2021-06-30,4697.00000,2715.00000,1982.00000,1073.00000,,1073.00000,909.00000,-125.00000,784.00000,151.00000,633.00000,633.00000,,627.00000,1146.00000,909.00000,598.20000,602.10000,1.05000,1.04000,1.31420,0.38450,0.78310,42.19720,19.35280,19.35280,16.69150,13.34900,0.19180,1.28430,1.70550,52.76990,6.77800,-44.23480,2.58540,4.17160,15.62230,1.8383,1.6253
2021-03-31,4431.00000,2569.00000,1862.00000,1054.00000,,1054.00000,808.00000,-71.00000,737.00000,169.00000,568.00000,568.00000,,561.00000,1047.00000,808.00000,599.40000,602.80000,0.94000,0.93000,1.26490,0.38810,0.79290,42.02210,18.23520,18.23520,16.63280,12.66080,0.18620,1.27430,1.60890,55.93770,6.18740,-33.37250,2.38660,3.78590,15.30770,1.3368,1.1712
2020-12-31,4161.00000,2438.00000,1723.00000,998.00000,,998.00000,725.00000,-162.00000,563.00000,111.00000,452.00000,452.00000,,445.00000,969.00000,725.00000,598.50000,601.90000,0.74000,0.74000,1.20470,0.39730,0.85120,41.40830,17.42370,17.42370,13.53040,10.69450,0.17570,1.21110,1.56900,57.36120,5.05650,-21.63720,1.90890,3.04770,14.90330,1.34240,1.13970
2020-09-30,4558.00000,2676.00000,1882.00000,946.00000,,946.00000,936.00000,-171.00000,765.00000,35.00000,730.00000,730.00000,,723.00000,1159.00000,936.00000,602.90000,606.60000,1.21000,1.20000,1.52220,0.42820,0.88620,41.29000,20.53530,20.53530,16.78370,15.86220,0.19920,1.38800,1.62670,55.32690,8.64210,-96.68870,3.19030,4.94140,14.12540,1.9924,1.6538
2020-06-30,3914.00000,2296.00000,1618.00000,934.00000,,934.00000,684.00000,-226.00000,458.00000,51.00000,407.00000,407.00000,,399.00000,893.00000,684.00000,596.90000,600.00000,0.67000,0.67000,1.31650,0.41110,0.91710,41.33880,17.47570,17.47570,11.70160,10.19420,0.18010,1.09230,1.55810,57.76190,5.16630,-32.98220,1.87300,3.04230,13.18270,1.4337,1.2536
2020-03-31,4162.00000,2412.00000,1750.00000,983.00000,,983.00000,767.00000,-78.00000,689.00000,165.00000,524.00000,524.00000,,517.00000,978.00000,767.00000,607.40000,611.00000,0.85000,0.84000,1.01160,0.34370,1.01820,42.04710,18.42860,18.42860,16.55450,12.42190,0.19170,1.17200,1.57590,57.10960,6.92850,-36.01380,2.41350,4.54740,12.65770,0.9659,0.7833
2019-12-31,4151.00000,2392.00000,1759.00000,1123.00000,,1123.00000,636.00000,-213.00000,423.00000,94.00000,329.00000,329.00000,,326.00000,847.00000,636.00000,610.00000,614.10000,0.53000,0.53000,1.13500,0.32200,0.70950,42.37530,15.32160,15.32160,10.19030,7.85350,0.19670,1.15890,1.52270,59.10380,3.88930,-47.95920,1.55920,2.63690,13.83090,0.69040,0.50480
2019-09-30,4971.00000,2843.00000,2128.00000,1109.00000,,1109.00000,1019.00000,-193.00000,826.00000,102.00000,724.00000,724.00000,,717.00000,1232.00000,1019.00000,616.20000,620.60000,1.17000,1.16000,1.19460,0.34080,0.69150,42.80830,20.49890,20.49890,16.61640,14.42370,0.24250,1.51220,1.66530,54.04350,8.75140,-82.46010,3.53220,5.76890,13.54010,1.9326,1.6136
2019-06-30,4684.00000,2683.00000,2001.00000,1126.00000,,1126.00000,875.00000,-108.00000,767.00000,155.00000,612.00000,612.00000,,604.00000,1078.00000,875.00000,614.30000,619.00000,0.98000,0.97000,1.18210,0.33000,0.70570,42.71990,18.68060,18.68060,16.37490,12.89500,0.21970,1.30180,1.61460,55.74080,6.95140,-141.99540,2.87090,4.65750,14.31310,1.5262,1.3314
2019-03-31,4570.00000,2645.00000,1925.00000,1145.00000,,1145.00000,780.00000,-105.00000,675.00000,150.00000,525.00000,525.00000,,520.00000,984.00000,780.00000,614.00000,618.10000,0.85000,0.84000,1.06520,0.30640,0.73930,42.12250,17.06780,17.06780,14.77020,11.37860,0.21690,1.27590,1.56990,57.32820,6.12460,-82.28840,2.49160,4.24830,13.94280,0.8704,0.674
2018-12-31,4147.00000,2386.00000,1761.00000,1077.00000,,1077.00000,684.00000,-93.00000,591.00000,124.00000,467.00000,467.00000,,465.00000,886.00000,684.00000,623.90000,627.80000,0.74000,0.74000,0.88300,0.24190,0.72030,42.46440,16.49390,16.49390,14.25130,11.21290,0.20300,1.20510,1.51740,59.31280,5.64280,-51.54530,2.28600,4.27770,13.43940,0.51450,0.26760
2018-09-30,4888.00000,2829.00000,2059.00000,1181.00000,,1181.00000,878.00000,-140.00000,738.00000,116.00000,622.00000,622.00000,,617.00000,1079.00000,878.00000,632.00000,635.30000,0.98000,0.97000,1.07380,0.25870,0.52950,42.12360,17.96240,17.96240,15.09820,12.62280,0.23970,1.56040,1.61690,55.66080,6.91880,-287.96300,3.05050,5.12910,14.28800,1.6007,1.1256
2018-06-30,4456.00000,2514.00000,1942.00000,1058.00000,,1058.00000,884.00000,-116.00000,768.00000,49.00000,719.00000,719.00000,,712.00000,1063.00000,884.00000,629.40000,632.90000,1.13000,1.12000,1.23320,0.26980,0.70780,43.58170,19.83840,19.83840,17.23520,15.97850,0.21750,1.39280,1.47210,61.13780,8.49880,128.85300,3.50950,6.20580,13.46250,1.4672,1.2762
2018-03-31,4248.00000,2431.00000,1817.00000,1035.00000,,1035.00000,782.00000,-124.00000,658.00000,169.00000,489.00000,489.00000,,482.00000,973.00000,782.00000,632.60000,636.00000,0.76000,0.76000,1.29940,0.28220,0.60790,42.77310,18.40870,18.40870,15.48960,11.34650,0.21470,1.28150,1.39650,64.44920,5.72800,95.32160,2.47160,4.11130,13.51790,0.7864,0.6312
2017-12-31,3816.00000,2202.00000,1614.00000,995.00000,,995.00000,619.00000,-116.00000,503.00000,109.00000,394.00000,394.00000,,392.00000,806.00000,619.00000,638.20000,640.50000,0.61000,0.61000,1.31650,0.28690,0.65190,42.29560,16.22120,16.22120,13.18130,10.27250,0.19220,1.19350,1.32450,67.94810,4.69720,60.24470,1.98410,3.34950,13.22570,0.69790,0.54800
2017-09-30,4435.00000,2604.00000,1831.00000,986.00000,,986.00000,845.00000,-160.00000,685.00000,183.00000,502.00000,502.00000,8.00000,504.00000,1027.00000,845.00000,642.10000,643.40000,0.78000,0.78000,1.63570,0.30200,0.53090,41.28520,19.05300,19.05300,15.44530,11.36420,0.22640,1.53540,1.44370,62.34050,5.72410,32.09720,2.56270,3.99550,13.66680,1.3283,1.0545
2017-06-30,4039.00000,2361.00000,1678.00000,931.00000,,931.00000,747.00000,-126.00000,621.00000,202.00000,419.00000,419.00000,6.00000,413.00000,918.00000,747.00000,642.80000,643.80000,0.64000,0.64000,1.59290,0.32130,0.64320,41.54490,18.49470,18.49470,15.37510,10.22530,0.20820,1.24850,1.38040,65.19930,5.22310,48.83450,2.15960,3.54510,12.53500,1.0075,0.8424
2017-03-31,3574.00000,2017.00000,1557.00000,868.00000,,868.00000,689.00000,-124.00000,565.00000,181.00000,384.00000,384.00000,-84.00000,292.00000,829.00000,689.00000,643.60000,644.80000,0.45000,0.45000,2.50490,0.32140,0.50490,43.56460,19.27810,19.27810,15.80860,8.17010,0.20690,1.51540,1.44170,62.42590,4.76600,11.64700,2.22260,3.23420,12.50350,0.2665,0.1208
2016-12-31,3216.00000,1851.00000,1365.00000,822.00000,,822.00000,543.00000,-79.00000,464.00000,94.00000,370.00000,370.00000,-55.00000,309.00000,686.00000,543.00000,642.80000,644.30000,0.48000,0.48000,2.14110,0.32980,0.52480,42.44400,16.88430,16.88430,14.42790,9.60820,0.18410,1.44840,1.32560,67.89180,4.77170,12.27600,2.11780,3.19820,12.02740,0.36940,0.21420
2016-09-30,3932.00000,2219.00000,1713.00000,855.00000,,855.00000,858.00000,-184.00000,674.00000,188.00000,486.00000,486.00000,-41.00000,438.00000,1000.00000,858.00000,644.00000,646.80000,0.68000,0.68000,1.24380,0.34720,0.87100,43.56560,21.82100,21.82100,17.14140,11.13940,0.18090,1.83690,1.45580,61.82350,6.37960,17.31390,2.23630,4.16490,11.85140,1.4722,1.2476
2016-06-30,3674.00000,2081.00000,1593.00000,852.00000,,852.00000,741.00000,-85.00000,656.00000,205.00000,451.00000,451.00000,38.00000,479.00000,881.00000,741.00000,642.20000,645.20000,0.74000,0.74000,1.22750,0.33800,0.91540,43.35870,20.16880,20.16880,17.85520,13.03760,0.16640,1.06770,0.91530,98.32880,5.66940,-366.66670,2.04240,3.75300,12.36400,1.1114,0.9706
2016-03-31,3579.00000,2037.00000,1542.00000,878.00000,,878.00000,664.00000,-112.00000,552.00000,177.00000,375.00000,375.00000,2.00000,369.00000,806.00000,664.00000,642.00000,644.70000,0.57000,0.57000,1.21160,0.34410,0.94200,43.08470,18.55270,18.55270,15.42330,10.31010,0.16440,1.04460,0.92390,97.41830,4.84310,-111.60710,1.72300,3.17660,12.03710,1.1242,0.9886
2015-12-31,3337.00000,1923.00000,1414.00000,879.00000,,879.00000,535.00000,-101.00000,434.00000,127.00000,307.00000,307.00000,46.00000,349.00000,679.00000,535.00000,650.00000,652.50000,0.54000,0.53000,1.18190,0.35030,0.99400,42.37340,16.03240,16.03240,13.00570,10.45850,0.15480,1.01050,0.86860,103.62000,4.09500,-53.76530,1.42450,2.66030,11.65760,0.74640,0.55630
2015-09-30,-241.00000,-569.00000,328.00000,-264.00000,,-1303.00000,1631.00000,-989.00000,642.00000,184.00000,458.00000,458.00000,,648.00000,1591.00000,1631.00000,673.30000,676.50000,0.99000,0.98000,1.28830,0.34540,0.84170,-136.09960,-676.76350,-676.76350,-266.39000,-268.87970,-0.01090,-0.44980,-0.08400,-1071.78400,5.63480,13.70030,2.07350,3.68850,12.41660,1.6036,1.5058
2015-06-30,5503.00000,3269.00000,2234.00000,1276.00000,,1276.00000,958.00000,-162.00000,796.00000,222.00000,574.00000,574.00000,,564.00000,1159.00000,958.00000,665.70000,668.90000,0.84000,0.84000,1.28060,0.32780,0.84880,40.59600,17.40870,17.40870,14.46480,10.24900,0.23450,1.52470,1.28820,69.86740,6.52350,195.23810,2.44630,4.38540,13.26530,0.7768,0.5302
2015-03-31,5400.00000,3234.00000,2166.00000,1318.00000,,1318.00000,848.00000,756.00000,1604.00000,625.00000,979.00000,979.00000,,973.00000,1053.00000,848.00000,680.90000,684.10000,1.42000,1.42000,1.17950,0.26730,0.73930,40.11110,15.70370,15.70370,29.70370,18.01850,0.23510,1.53490,1.25610,71.65000,10.91660,161.01970,4.26250,7.99840,13.30840,0.5361,0.3092
2014-12-31,5587.00000,3307.00000,2280.00000,1405.00000,,1405.00000,875.00000,-110.00000,765.00000,236.00000,529.00000,529.00000,,525.00000,1082.00000,875.00000,691.40000,694.70000,0.76000,0.75000,1.18090,0.25610,0.70880,40.80900,15.66140,15.66140,13.69250,9.39680,0.23550,1.55920,1.26860,70.94330,5.53580,54.70530,2.22980,4.11830,13.87590,0.82190,0.52400
2014-09-30,3.00000,-490.00000,493.00000,-98.00000,,-98.00000,591.00000,68.00000,659.00000,190.00000,469.00000,469.00000,,410.00000,537.00000,591.00000,700.20000,704.10000,0.59000,0.58000,1.28540,0.25930,0.59250,16433.33000,19700.00000,19700.00000,21966.67000,13666.67000,0.00010,-0.23820,0.00060,,4.61300,36.18830,1.93990,3.41690,14.59510,1.9961,1.8862
2014-06-30,6312.00000,3674.00000,2638.00000,1424.00000,,1424.00000,1214.00000,-142.00000,1072.00000,334.00000,738.00000,738.00000,,728.00000,1418.00000,1214.00000,699.60000,703.30000,1.03000,1.03000,1.26720,0.24690,0.60150,41.79340,19.23320,19.23320,16.98350,11.53360,0.25130,1.63070,1.32270,68.04180,6.78750,62.12120,2.93850,5.11150,15.55170,1.4523,1.2005
2014-03-31,5812.00000,3417.00000,2395.00000,1394.00000,,1394.00000,1001.00000,-184.00000,817.00000,263.00000,554.00000,554.00000,,547.00000,1211.00000,1001.00000,701.70000,705.20000,0.78000,0.77000,1.30270,0.26710,0.61730,41.20790,17.22300,17.22300,14.05710,9.41160,0.23870,1.53020,1.27370,70.65900,5.26370,65.95240,2.27550,3.85770,15.00210,0.8193,0.5897
2013-12-31,5606.00000,3370.00000,2236.00000,1444.00000,,1444.00000,792.00000,-149.00000,643.00000,166.00000,477.00000,477.00000,,462.00000,1001.00000,792.00000,703.50000,708.10000,0.65000,0.65000,1.40670,0.26050,0.53220,39.88580,14.12770,14.12770,11.46990,8.24120,0.23240,1.55870,1.26570,71.10420,4.38300,40.66500,1.97730,3.24120,15.45030,0.97590,0.64260
2013-09-30,6812.00000,4008.00000,2804.00000,1432.00000,,1457.00000,1347.00000,-166.00000,1181.00000,373.00000,808.00000,808.00000,,795.00000,1575.00000,1347.00000,717.70000,722.90000,1.11000,1.10000,1.44250,0.27450,0.52640,41.16270,19.77390,19.77390,17.33710,11.67060,0.27570,2.11500,1.41680,63.52320,7.53870,52.56990,3.26980,5.46940,15.16710,1.9973,1.6645
2013-06-30,6344.00000,3776.00000,2568.00000,1396.00000,,1899.00000,669.00000,-158.00000,511.00000,297.00000,214.00000,214.00000,,194.00000,1345.00000,669.00000,716.90000,722.20000,0.27000,0.27000,1.51170,0.28340,0.54020,40.47920,10.54540,10.54540,8.05490,3.05800,0.26980,1.63890,1.34260,67.03180,2.08500,20.34220,0.91010,1.49410,14.33860,1.378,1.1824
2013-03-31,5960.00000,3587.00000,2373.00000,1426.00000,,1426.00000,947.00000,-116.00000,831.00000,253.00000,578.00000,578.00000,,561.00000,1152.00000,947.00000,720.50000,725.30000,0.77000,0.77000,1.53360,0.27550,0.51940,39.81540,15.88930,15.88930,13.94300,9.41280,0.25120,1.54150,1.30730,68.84400,5.41500,61.95070,2.43640,3.92320,14.81040,0.7933,0.659
2012-12-31,5553.00000,3346.00000,2207.00000,1394.00000,,1394.00000,813.00000,-140.00000,673.00000,207.00000,466.00000,466.00000,,454.00000,1019.00000,813.00000,722.30000,726.90000,0.63000,0.62000,1.40030,0.25010,0.51370,39.74430,14.64070,14.64070,12.11960,8.17580,0.23360,1.44970,1.21880,73.84120,4.38880,61.96810,1.96040,3.29100,14.69330,0.87910,0.60390
2012-09-30,6700.00000,3951.00000,2749.00000,1385.00000,,1977.00000,772.00000,-179.00000,593.00000,293.00000,300.00000,300.00000,,282.00000,1506.00000,772.00000,730.60000,734.60000,0.39000,0.39000,1.41960,0.26610,0.50690,41.02990,11.52240,11.52240,8.85070,4.20900,0.28130,1.85930,1.34460,66.93580,2.87300,51.90310,1.25960,2.10840,14.42040,1.7837,1.4612
2012-06-30,6484.00000,3856.00000,2628.00000,1338.00000,,1338.00000,1290.00000,-135.00000,1155.00000,368.00000,787.00000,787.00000,,770.00000,1501.00000,1290.00000,730.40000,734.30000,1.05000,1.04000,1.35250,0.26210,0.54840,40.53050,19.89510,19.89510,17.81310,11.87540,0.26650,1.62910,1.40930,63.86340,7.37930,1124.28600,3.23520,5.44490,14.62270,1.1562,0.963
2012-03-31,5919.00000,3583.00000,2336.00000,1359.00000,,1359.00000,977.00000,-163.00000,814.00000,258.00000,556.00000,556.00000,,545.00000,1179.00000,977.00000,732.70000,736.80000,0.74000,0.74000,1.37820,0.27380,0.54870,39.46610,16.50620,16.50620,13.75230,9.20760,0.24530,1.49170,1.37050,65.67160,5.21820,-378.23130,2.30380,3.78930,14.52420,0.7637,0.5502
2011-12-31,5309.00000,3254.00000,2055.00000,1354.00000,,1354.00000,701.00000,-148.00000,553.00000,172.00000,381.00000,381.00000,,371.00000,905.00000,701.00000,734.30000,738.30000,0.50000,0.50000,1.38890,0.28110,0.54380,38.70790,13.20400,13.20400,10.41630,6.98810,0.22650,1.40440,1.31410,68.48750,3.68720,-134.62900,1.62510,2.65060,14.06350,0.45240,0.27630
2011-09-30,6545.00000,3955.00000,2590.00000,1339.00000,,1358.00000,1232.00000,-139.00000,1093.00000,345.00000,748.00000,748.00000,,761.00000,1468.00000,1232.00000,748.50000,753.50000,1.01000,1.01000,1.44550,0.29070,0.49290,39.57220,18.82350,18.82350,16.69980,11.62720,0.27430,1.88330,1.45380,61.90680,7.08940,-395.76720,3.13480,5.02860,14.27980,1.6648,1.3412
2011-06-30,6288.00000,3790.00000,2498.00000,1363.00000,,1363.00000,1135.00000,-143.00000,992.00000,294.00000,698.00000,698.00000,,683.00000,1350.00000,1135.00000,748.70000,753.30000,0.91000,0.90000,1.47160,0.28350,0.47410,39.72650,18.05030,18.05030,15.77610,10.86200,0.26090,1.56480,1.41530,63.59260,6.34600,-1424.49000,2.89580,4.54660,14.72700,1.2063,0.9459
2011-03-31,5854.00000,3548.00000,2306.00000,1315.00000,,1315.00000,991.00000,-158.00000,833.00000,266.00000,567.00000,567.00000,,556.00000,1207.00000,991.00000,752.10000,757.30000,0.74000,0.73000,1.48260,0.28720,0.47420,39.39190,16.92860,16.92860,14.22960,9.49780,0.24870,1.52670,1.38360,65.04780,5.24760,-230.48780,2.40920,3.74060,14.35760,0.9948,0.8283
2010-12-31,5535.00000,3372.00000,2163.00000,1311.00000,,1311.00000,852.00000,-139.00000,713.00000,222.00000,491.00000,491.00000,,480.00000,1071.00000,852.00000,752.20000,758.10000,0.63000,0.63000,1.48300,0.29660,0.49910,39.07860,15.39300,15.39300,12.88170,8.67210,0.24380,1.52790,1.39910,64.32520,4.75640,-111.84510,2.16270,3.34580,13.68890,0.42470,0.31660
2010-09-30,5841.00000,3510.00000,2331.00000,1312.00000,,1312.00000,1019.00000,-181.00000,838.00000,254.00000,584.00000,584.00000,177.00000,749.00000,1230.00000,1019.00000,750.70000,757.00000,0.99000,0.98000,1.42980,0.31540,0.50900,39.90760,17.44560,17.44560,14.34690,12.82320,0.25570,1.66750,1.46430,61.46380,5.86820,-68.38410,2.55660,4.01710,13.22190,1.6801,1.3838
2010-06-30,5417.00000,3253.00000,2164.00000,1168.00000,,1168.00000,996.00000,-133.00000,863.00000,266.00000,597.00000,597.00000,4.00000,585.00000,1199.00000,996.00000,751.10000,757.70000,0.78000,0.77000,1.37220,0.33540,0.75650,39.94830,18.38660,18.38660,15.93130,10.79930,0.23600,1.53880,1.42820,63.01830,6.56840,39.98660,2.60040,4.36560,12.07630,0.9271,0.7662
2010-03-31,4953.00000,2990.00000,1963.00000,1203.00000,,1203.00000,760.00000,-159.00000,601.00000,180.00000,421.00000,421.00000,-3.00000,405.00000,966.00000,760.00000,751.10000,757.40000,0.54000,0.53000,1.41820,0.33720,0.64960,39.63260,15.34420,15.34420,12.13410,8.17690,0.22800,1.44100,1.35550,66.39610,4.67520,30.61820,1.93830,3.09880,11.95400,0.8353,0.7177
2009-12-31,4828.00000,2960.00000,1868.00000,1134.00000,,1134.00000,734.00000,-157.00000,577.00000,148.00000,429.00000,429.00000,8.00000,425.00000,930.00000,734.00000,752.20000,758.10000,0.56000,0.56000,1.38900,0.33770,0.64870,38.69100,15.20300,15.20300,11.95110,8.80280,0.22470,1.51330,1.32270,68.04060,4.79970,33.23010,1.99640,3.17870,11.87860,0.90620,0.78880
2009-09-30,4509.00000,2620.00000,1889.00000,1015.00000,,1015.00000,874.00000,-216.00000,658.00000,147.00000,511.00000,511.00000,,506.00000,1059.00000,874.00000,753.70000,758.70000,0.67000,0.67000,1.54420,0.31470,0.52550,41.89400,19.38350,19.38350,14.59300,11.22200,0.22820,1.41240,1.24450,72.31540,5.86950,105.57850,2.58560,4.02240,11.57910,1.7699,1.5841
2009-06-30,5091.00000,3253.00000,1838.00000,1089.00000,,1089.00000,749.00000,-196.00000,553.00000,155.00000,398.00000,398.00000,,387.00000,933.00000,749.00000,749.60000,754.70000,0.52000,0.51000,1.54580,0.34010,0.61210,36.10290,14.71220,14.71220,10.86230,7.60170,0.25050,1.57760,1.36850,65.76310,4.59580,23.63420,1.95830,3.03260,11.52360,1.2169,1.0621
2009-03-31,5087.00000,3250.00000,1837.00000,1119.00000,,1119.00000,718.00000,-160.00000,558.00000,176.00000,382.00000,382.00000,,373.00000,900.00000,718.00000,752.10000,756.90000,0.50000,0.49000,1.36740,0.31040,0.65980,36.11170,14.11440,14.11440,10.96910,7.33240,0.25450,1.44000,1.35400,66.46940,4.65170,23.93480,1.91090,3.20790,10.92890,1.0807,0.7214
