Date,revenue,gross-profit,research-development-expenses,selling-general-administrative-expenses,other-operating-income-expenses,operating-income,total-non-operating-income-expense,pre-tax-income,total-provision-income-taxes,income-after-taxes,income-from-continuous-operations,net-income,ebitda,ebit,basic-shares-outstanding,shares-outstanding,eps-basic-net-earnings-per-share,eps-earnings-per-share-diluted,current-ratio,long-term-debt-capital,debt-equity-ratio,gross-margin,operating-margin,ebit-margin,pre-tax-profit-margin,net-profit-margin,asset-turnover,receiveable-turnover,days-sales-in-receivables,roe,return-on-tangible-equity,roa,roi,book-value-per-share,operating-cash-flow-per-share,free-cash-flow-per-share
2023-09-30,0.43540,0.43540,1.91500,1.22770,,-2.70730,0.01650,-2.69080,,-2.69080,-2.69080,-2.68960,-2.70730,-2.70730,3.08600,3.08600,-0.87000,-0.87000,1.35820,,0.30310,100.00000,-621.82780,-621.82780,-618.03620,-617.75250,0.13530,4.04110,22.27120,-232.43120,-232.43190,-83.59950,-232.43190,0.40420,0.0438,0.0438
2023-06-30,0.49050,0.49050,1.64370,1.14070,,-2.29400,0.05470,-2.23930,,-2.23930,-2.23930,-2.23600,-2.29400,-2.29400,2.27400,2.27400,-0.98000,-0.98000,2.32610,,0.11750,100.00000,-467.70330,-467.70330,-456.56060,-455.88150,0.07710,4.55920,19.74020,-59.04070,-59.04080,-35.22230,-59.04080,1.42050,0.469,0.469
2023-03-31,0.78960,0.78960,1.79600,1.55490,,-2.56120,0.36940,-2.19180,,-2.19180,-2.19180,-2.19620,-2.56120,-2.56120,1.05400,1.05400,-2.08000,-2.08000,0.84780,,,100.00000,-324.35680,-324.35680,-277.57210,-278.12520,0.20170,2.72940,32.97480,1437.96800,1437.96600,-55.98680,1437.96700,-0.11860,-3.42210,-3.42210
2022-12-31,1.43350,1.43350,6.62840,1.00590,,-6.20080,0.72270,-5.47810,,-5.47810,-5.47810,-5.52190,-6.20080,-6.20080,0.17980,0.17980,-6.76580,-6.76580,0.55990,-0.03600,-1.09360,100.00000,-432.57370,-432.57360,-382.15680,-385.21460,0.24360,5.17830,17.38020,135.94430,135.94420,-93.08460,140.84250,-7.54620,-8.8281,-8.8281
2022-09-30,0.27940,0.27940,4.75610,1.68660,,-6.16330,-3.69220,-9.85560,,-9.85560,-9.85560,-9.89760,-6.16330,-6.16330,0.16100,0.16100,-61.58000,-61.58000,,,,100.00000,-2206.30100,-2206.30100,-3528.02200,-3543.07400,,,,,1231.94600,,,,-35.157,-35.157
2022-06-30,0.20750,0.20750,5.31130,1.95140,,-7.05520,-0.86790,-7.92310,,-7.92310,-7.92310,-7.99930,-7.05520,-7.05520,0.14200,0.14200,-56.49000,-56.49000,0.87230,-0.20800,-3.33120,100.00000,-3400.56300,-3400.56300,-3818.90500,-3855.61800,0.02610,0.75000,120.00130,993.40430,993.39720,-99.67420,1199.99800,-5.38970,-25.3261,-25.3261
2022-03-31,0.60310,0.60310,3.14010,2.26580,,-4.80280,3.85190,-0.95090,,-0.95090,-0.95090,-1.66670,-4.80280,-4.80280,0.11400,0.11400,-14.66000,-14.66000,1.32450,0.58810,6.89300,100.00000,-796.35550,-796.35550,-157.67340,-276.35410,0.04870,0.74590,120.66710,-85.57070,-85.57070,-7.68640,-35.24330,8.90890,-30.14930,-30.14930
2021-12-31,1.63530,1.63530,2.22790,1.45420,,-2.04670,-8.03040,-10.07710,,-10.07710,-10.07710,-10.88010,-2.04670,-2.04670,0.08400,0.08400,-157.14290,-157.14290,0.95030,-1.19470,-2.10700,100.00000,-125.16090,-125.16090,-616.22820,-665.32800,0.09960,3.70210,24.31060,123.52360,123.52360,-61.38090,271.10120,-79.49340,-53.8786,-53.8786
2021-09-30,1.20080,1.20080,1.71460,16.37300,,-16.88680,-0.31270,-17.19950,,-17.19950,-17.19950,-17.16350,-16.88680,-16.88680,0.10100,0.10100,-169.86790,-169.86790,1.26880,1.22280,-12.74800,100.00000,-1406.27700,-1406.27700,-1432.31600,-1429.32200,0.12360,13.82360,6.51060,4464.11000,4464.07600,-176.99060,-994.67000,-3.81370,-34.5688,-34.5688
2021-06-30,0.44450,0.44450,0.46320,0.39390,,-0.41260,-0.54500,-0.95760,,-0.95760,-0.95760,-0.93550,-0.41260,-0.41260,0.06690,0.06690,-14.40580,-14.40580,2.07450,,0.09020,100.00000,-92.82390,-92.82390,-215.42780,-210.46350,0.04830,5.89900,15.25670,-18.53220,-18.53220,-10.41310,-18.53220,51.14800,-1.8713,-1.8713
2021-03-31,0.25060,0.25060,0.28440,0.49050,,-0.52430,-0.38740,-0.91170,,-0.91170,-0.91170,-0.90770,-0.52420,-0.52430,0.06590,0.06590,-14.40580,-14.40580,0.71500,0.19540,0.24290,100.00000,-209.22720,-209.22720,-363.83850,-362.25780,0.01930,,,-48.14000,-48.14000,-7.02360,-38.73220,73.05630,-7.84170,-7.84170
2020-12-31,1.27890,1.27890,2.09230,0.53410,,-0.43240,-2.43980,-2.87230,,-2.79760,-2.79760,-2.60200,-0.43240,-0.43240,0.06570,0.06880,-80.76830,-78.40600,0.04960,,-0.73820,100.00000,-33.81140,-33.81140,-224.58950,-203.45550,3.63520,,,42.01630,42.01630,-795.21580,42.01630,-101.38000,-7.9756,-7.9231
2020-09-30,0.82760,0.82760,0.89300,0.33940,0.00000,-0.40480,1.95530,1.55050,,1.55050,1.55050,1.57050,-0.40470,-0.40480,0.06570,0.07020,24.00960,21.60860,0.22520,0.10170,0.11330,100.00000,-48.90710,-48.90710,187.34090,189.75910,0.06230,,,31.01010,31.01010,11.66730,27.85540,191.86220,-1.6319,-1.6844
2020-06-30,1.82470,1.82470,1.40420,0.28140,,0.13910,-0.84560,-0.70650,,-0.70650,-0.70650,-0.70450,0.10780,0.13910,0.06570,0.06570,-9.60380,-9.60380,0.23480,0.10170,0.11330,100.00000,7.62220,7.62220,-38.71770,-38.60940,0.13600,,,-14.12950,-14.12950,-5.26750,-12.69210,191.86200,0.2923,0.2923
2020-03-31,,,,,-0.91520,-0.91520,2.78250,1.86730,0.07460,1.79270,1.79270,1.79270,-0.88380,-0.91520,0.02660,0.02660,67.22690,67.22690,0.07850,0.23850,0.31330,,,,,,,,,35.85430,35.85430,2.91020,27.30190,181.75340,-8.82750,-8.82750
2019-12-31,,,,,-1.92910,-1.92910,-0.72340,-2.65250,0.09930,-2.75180,-2.75180,-2.75180,-1.92910,-1.92910,0.02530,0.02530,-100.84030,-100.84030,0.43300,0.10170,0.11330,,,,,,,,,-55.03670,-55.03670,-1.40030,-49.43750,169.87130,-16.9237,-16.9237
2019-09-30,,,,,-0.58440,-0.58440,1.08850,0.50400,0.01430,0.48970,0.48970,0.48970,-0.58440,-0.58440,0.02540,0.02540,-19.20770,-19.20770,1.22490,,,,,,,,,,,9.79450,9.79450,0.23630,9.79450,195.51800,-10.4691,-10.4691
2019-06-30,,,,,-0.62590,-0.62590,1.27210,0.64610,0.22720,0.41890,0.41890,0.41890,-0.62590,-0.62590,0.02520,0.02520,-21.60860,-21.60860,4.48780,,,,,,,,,,,8.37800,8.37810,0.20300,8.37800,196.80000,-17.1497,-17.1497
2019-03-31,,,,,-0.18920,-0.18920,1.17940,0.99030,0.21440,0.77590,0.77590,0.77590,-0.18920,-0.18920,0.02520,0.02520,-9.60380,-9.60380,4.16060,,,,,,,,,,,15.51830,15.51830,0.37750,15.51830,198.49210,-11.70330,-11.70330
2018-12-31,,,,,-0.22940,-0.22940,1.13350,0.90410,0.18090,0.72320,0.72320,0.72320,-0.22940,-0.22940,0.02500,0.02500,-24.00960,-24.00960,4.37560,,,,,,,,,,,14.46420,14.46430,0.35310,14.46420,198.78790,-18.3801,-18.3801
2018-09-30,,,,,-0.24820,-0.24820,0.95600,0.70780,0.13010,0.57760,0.57760,0.57760,-0.24820,-0.24820,0.02500,0.02500,-12.00480,-12.00480,5.24300,,,,,,,,,,,11.55300,11.55300,0.28310,11.55300,199.21680,-4.3314,-4.3314
2018-06-30,,,,,-0.31150,-0.31150,0.85640,0.54490,0.12980,0.41510,0.41510,0.41510,-0.31150,-0.31150,0.02490,0.02490,-12.00480,-12.00480,14.01070,,,,,,,,,,,8.30220,8.30220,0.20430,8.30220,199.74710,-18.1143,-18.1143
2018-03-31,,,,,-0.17010,-0.17010,0.68930,0.51920,0.11310,0.40610,0.40610,0.40610,-0.17010,-0.17010,0.02490,0.02490,-4.80190,-4.80190,10.77100,,,,,,,,,,,8.12130,8.12130,0.20020,8.12130,200.41410,-8.69980,-8.69980
2017-12-31,,,,,,,,,,,,,,,,,,0.00000,,,,,,,,,,,,,,,,,0,0
2017-09-30,,,,,,,,,,,,,,,,,,0.00000,,,,,,,,,,,,,,,,,0,0
