Date,revenue,cost-goods-sold,gross-profit,research-development-expenses,selling-general-administrative-expenses,other-operating-income-expenses,operating-expenses,operating-income,total-non-operating-income-expense,pre-tax-income,total-provision-income-taxes,income-after-taxes,income-from-continuous-operations,net-income,ebitda,ebit,basic-shares-outstanding,shares-outstanding,eps-basic-net-earnings-per-share,eps-earnings-per-share-diluted,current-ratio,long-term-debt-capital,debt-equity-ratio,gross-margin,operating-margin,ebit-margin,pre-tax-profit-margin,net-profit-margin,asset-turnover,inventory-turnover,receiveable-turnover,days-sales-in-receivables,roe,return-on-tangible-equity,roa,roi,book-value-per-share,operating-cash-flow-per-share,free-cash-flow-per-share
2023-09-30,0.68400,21.26200,-20.57800,3.22800,13.07600,-0.95500,17.25900,-37.83700,52.78200,14.94500,0.01300,14.93200,14.93200,14.93200,-31.59600,-37.83700,138.00520,156.32530,0.11000,-0.05000,2.31900,2.69480,-1.61510,-3008.47900,-5531.72600,-5531.72600,2184.94100,2183.04100,0.00440,1.03370,0.43350,207.63160,-11.63550,-11.22950,9.69120,19.71950,-0.82070,-0.044,-0.0934
2023-06-30,0.24900,11.24600,-10.99700,5.02600,13.13800,-5.43600,23.60000,-34.59700,-97.03100,-131.62800,0.00200,-131.63000,-131.63000,-131.63000,-31.88400,-34.59700,117.32080,117.32080,-1.12000,-1.12000,1.48630,-11473.60000,-1.01340,-4416.46600,-13894.38000,-13894.38000,-52862.65000,-52863.46000,0.00230,0.67620,0.16370,549.75910,57.34490,56.20390,-120.81690,658009.50000,-1.80300,-0.2931,-0.3458
2023-03-31,8.83500,26.94000,-18.10500,5.44500,13.95500,-0.76000,20.16000,-38.26500,-33.32500,-71.59000,0.01000,-71.60000,-71.60000,-71.60000,-35.34600,-38.26500,86.79770,86.79770,-0.82000,-0.82000,0.76160,8.64560,-1.19470,-204.92360,-433.10700,-433.10700,-810.29990,-810.41310,0.08860,1.91400,2.41390,37.28350,40.77520,39.71640,-71.79740,-311.75170,-1.84410,-0.35110,-0.38450
2022-12-31,2.66600,30.79200,-28.12600,3.58000,12.57800,-4.32500,20.48300,-48.60900,-7.99800,-56.60700,0.00600,-56.61300,-56.61300,-56.61300,-44.23000,-48.60900,62.43990,62.43990,-0.70000,-0.70000,0.91040,4.53330,-1.32490,-1054.98900,-1823.29400,-1823.29400,-2123.29400,-2123.51900,0.02500,1.32380,1.60020,56.24160,42.65880,41.23850,-53.01440,-150.72680,-1.60560,-0.6295,-0.6532
2022-09-30,6.06500,50.02500,-43.96000,4.46200,14.65100,-0.49600,19.60900,-63.56900,-7.04300,-70.61200,0.11000,-70.72200,-70.72200,-70.72200,-61.05800,-63.56900,63.06590,63.06590,-1.12000,-1.12000,1.46190,2.22090,-1.85100,-724.81460,-1048.12900,-1048.12900,-1164.25400,-1166.06800,0.04380,2.15690,2.53130,35.55480,80.05750,76.11060,-51.06980,-97.74040,-1.19240,-0.9704,-1.0629
2022-06-30,5.89500,36.86600,-30.97100,5.46400,19.11500,-1.82800,26.40700,-57.37800,0.66800,-56.71000,-0.02300,-56.68700,-56.68700,-56.68700,-55.89000,-57.37800,56.02120,56.02120,-1.01000,-1.01000,1.01400,2.78660,-1.80070,-525.37740,-973.33330,-973.33330,-962.00170,-961.61160,0.06030,2.84880,2.27080,39.63360,98.02520,90.81540,-57.99780,-175.12740,-0.98820,-0.7609,-0.8711
2022-03-31,3.29800,35.57700,-32.27900,4.96300,14.27900,-0.18100,19.42300,-51.70200,5.86900,-45.83300,-0.04200,-45.79100,-45.79100,-45.79100,-50.51500,-51.70200,53.96160,53.96160,-0.85000,-0.85000,2.84490,1.12020,-9.97330,-978.74460,-1567.67700,-1567.67700,-1389.72100,-1388.44800,0.02600,3.45680,1.22880,73.24440,448.05280,308.96040,-36.09600,-53.85020,-0.18930,-0.79190,-0.88700
2021-12-31,3.10400,21.11500,-18.01100,5.33600,14.04600,-0.20600,19.58800,-37.59900,7.00600,-30.59300,,-30.59300,-30.59300,-30.59300,-36.47500,-37.59900,52.66440,52.66440,-0.56000,-0.56000,4.76560,0.75980,3.36590,-580.25130,-1211.30800,-1211.30800,-985.59920,-985.59930,0.01830,1.62720,1.62000,55.55410,-94.28610,-109.90440,-18.08360,-22.64620,0.60320,-0.7026,-0.7871
2021-09-30,0.71800,12.90400,-12.18600,5.11800,8.82500,-0.15700,14.10000,-26.28600,8.16200,-18.12400,,-18.12400,-18.12400,-18.12400,-24.97000,-26.28600,53.63690,53.63690,-0.34000,-0.34000,8.09600,0.64650,1.94030,-1697.21400,-3661.00300,-3661.00300,-2524.23400,-2524.23400,0.00380,2.58290,0.30500,295.06960,-31.02360,-33.68840,-9.53510,-10.96690,1.08790,-0.5589,-0.6248
2021-06-30,0.61200,12.36400,-11.75200,3.64700,11.32500,-22.46400,37.43600,-49.18800,-4.85500,-54.04300,,-54.04300,-54.04300,-54.04300,-48.57600,-49.18800,51.79240,51.79240,-1.04000,-1.04000,3.72600,0.16490,0.28630,-1920.26200,-8037.25500,-8037.25500,-8830.55600,-8830.55600,0.00560,2.78850,1.63640,55.00000,-78.81780,-84.52670,-49.19530,-65.82020,1.28510,-0.7541,-0.8119
2021-03-31,0.16400,0.10000,0.06400,5.05300,8.80200,-7.86000,21.71500,-21.65100,0.19500,-21.45600,,-21.45600,-21.45600,-21.45600,-21.16600,-21.65100,51.12690,51.12690,-0.42000,-0.42000,4.83980,0.00100,0.01270,39.02440,-13201.83000,-13201.83000,-13082.93000,-13082.93000,0.00130,1.08700,0.52060,172.86580,-21.07520,-21.13950,-16.78870,-21.05330,1.96530,-0.18980,-0.27760
2020-12-31,0.18400,-0.65200,0.83600,5.23300,9.28700,-1.54000,16.06000,-15.22400,-10.07100,-25.29500,,-25.29500,-25.29500,-25.29500,-14.80800,-15.22400,9.40880,9.40880,4.03000,4.03000,9.37560,0.00350,0.01120,454.34800,-8273.91300,-8273.91100,-13747.28000,-13747.28000,0.00130,-3.04670,,,-20.94220,-20.99780,-18.29470,-20.86840,2.46790,-0.1714,-0.0866
2020-09-30,0.03500,6.05100,-6.01600,3.88200,4.56700,0.19100,8.25800,-14.27400,-15.84200,-30.11600,,-30.11600,-30.11600,-30.11600,-13.88200,-14.27400,3.93030,3.93030,-7.66000,-7.66000,0.29750,,0.00030,-17188.57000,-40782.86000,-40782.86000,-86045.71000,-86045.71000,0.00020,,,,-17.16250,-17.16250,-16.98310,-17.16250,31.07970,-2.3939,-2.5054
2020-06-30,,0.05300,-0.05300,2.24800,1.40800,-0.48000,4.13600,-4.18900,-1.69500,-5.88400,,-5.88400,-5.88400,-5.88400,-3.80400,-4.18900,3.93030,3.93030,-1.50000,-1.50000,9.66760,,0.00010,,,,,,,,,,-3.31610,-3.31610,-3.31460,-3.31610,32.55140,-0.1758,-0.1867
2020-03-31,,0.05700,-0.05700,2.23000,2.35900,-0.34600,4.93500,-4.99200,-4.35600,-9.34800,,-9.34800,-9.34800,-9.34800,-4.62700,-4.99200,3.93030,3.93030,-2.38000,-2.38000,0.17400,,,,,,,,,,,,,,-11011.25000,,-0.00010,-0.08170,-0.42720
2019-12-31,,,,,,,,,,,,,,,,,,,,0.00000,,,,,,,,,,,,,,,,,,0,0
2019-09-30,,,,,,,,,,,,,,,,,5.00000,5.00000,0.00000,0.00000,,,,,,,,,,,,,,,,,,0,0
