Date,revenue,cost-goods-sold,gross-profit,research-development-expenses,selling-general-administrative-expenses,other-operating-income-expenses,operating-expenses,operating-income,total-non-operating-income-expense,pre-tax-income,total-provision-income-taxes,income-after-taxes,income-from-continuous-operations,net-income,ebitda,ebit,basic-shares-outstanding,shares-outstanding,eps-basic-net-earnings-per-share,eps-earnings-per-share-diluted,current-ratio,gross-margin,operating-margin,ebit-margin,pre-tax-profit-margin,net-profit-margin,asset-turnover,receiveable-turnover,days-sales-in-receivables,roe,return-on-tangible-equity,roa,roi,book-value-per-share,operating-cash-flow-per-share,free-cash-flow-per-share
2023-09-30,6.31050,0.63170,5.67880,,3.54000,,4.93200,0.74680,0.35210,1.09890,0.71020,0.38880,0.38880,0.41260,1.90780,0.74680,22.11900,22.17870,0.02000,0.02000,7.32740,89.98940,11.83420,11.83420,17.41440,6.53780,0.05270,1.57520,57.13710,0.39090,0.39090,0.32460,0.39090,4.49480,0.1995,0.0739
2023-06-30,6.50010,0.57090,5.92920,,3.21690,-1.44990,6.28250,-0.35330,1.03000,0.67670,0.24610,0.43060,0.43060,0.38470,0.91910,-0.35330,22.74930,22.78400,0.02000,0.02000,9.95520,91.21660,-5.43510,-5.43510,10.41100,5.91850,0.05370,1.49250,60.29980,0.41950,0.41950,0.35540,0.41950,4.55060,0.1187,-0.4416
2023-03-31,9.35630,0.65130,8.70490,,3.60780,,5.38080,3.32410,1.53260,4.85670,1.32690,3.52980,3.52980,3.52720,5.09710,3.32410,22.99090,23.02770,0.15000,0.15000,9.90060,93.03850,35.52830,35.52830,51.90900,37.69910,0.07500,1.94710,46.22340,3.35620,3.35620,2.82780,3.35620,4.59690,0.32910,0.29510
2022-12-31,15.21570,0.62150,14.59420,0.00240,3.30480,,4.84670,9.74740,1.66990,11.41740,2.06000,9.35730,9.35730,9.36160,11.28700,9.74740,23.31960,23.40620,0.40000,0.42000,8.91780,95.91540,64.06180,64.06180,75.03680,61.52580,0.12280,2.11290,42.59580,8.97630,8.97630,7.55460,8.97630,4.50950,0.3541,0.2638
2022-09-30,21.24390,0.60070,20.64330,0.00240,4.54010,,6.24850,14.39470,-0.89030,13.50450,3.89600,9.60850,9.60850,9.57390,16.10080,14.39470,23.01170,23.16970,0.42000,0.41000,4.83670,97.17250,67.75930,67.75930,63.56860,45.06670,0.17730,2.10970,42.65960,9.99440,9.99440,8.01940,9.99440,4.17780,0.6079,0.5712
2022-06-30,19.90300,0.54120,19.36180,0.00240,3.91120,0.22160,5.49570,13.86610,0.73650,14.60260,4.01960,10.58300,10.58300,10.56380,15.66980,13.86610,23.57680,23.82210,0.45000,0.44000,4.79000,97.28070,69.66830,69.66830,73.36860,53.07660,0.17960,2.00420,44.90680,11.88310,11.88310,9.55140,11.88310,3.85840,0.3389,0.2496
2022-03-31,13.60010,0.52440,13.07570,0.00240,2.71890,,4.11050,8.96520,-0.97740,7.98780,2.18190,5.80590,5.80590,5.81130,10.35440,8.96520,23.67780,23.86240,0.25000,0.24000,3.92780,96.14430,65.92010,65.92010,58.73330,42.72980,0.12820,2.10260,42.80440,6.91640,6.91640,5.47380,6.91640,3.54090,0.32280,0.20290
2021-12-31,13.77180,1.81790,11.95380,0.00570,1.94030,,3.06540,8.88850,1.91070,10.79910,2.81860,7.98050,7.98050,7.97800,10.33960,8.88850,23.70520,23.85710,0.34000,0.34000,4.19650,86.79950,64.54110,64.54110,78.41490,57.93010,0.13850,2.99590,30.04140,10.06840,10.06840,8.02360,10.06840,3.34900,0.2696,0.2445
2021-09-30,13.10110,0.13890,12.96220,0.01160,4.00220,,5.86070,7.10150,-5.06190,2.03950,0.64310,1.39650,1.39650,1.39650,8.94840,7.10150,23.56430,23.77290,0.06000,0.06000,2.26990,98.93990,54.20530,54.20530,15.56770,10.65910,0.13620,1.75250,51.35640,1.96610,1.96610,1.45170,1.96610,3.02490,0.2312,0.1423
2021-06-30,7.08980,0.17350,6.91630,0.01150,4.06850,,5.72610,1.19030,-1.84110,-0.65080,-0.16580,-0.48500,-0.48500,-0.48480,2.83640,1.19030,23.77920,23.77920,-0.02000,-0.02000,3.40390,97.55220,16.78850,16.78850,-9.17900,-6.83770,0.07820,2.00940,44.78990,-0.68660,-0.68660,-0.53480,-0.68660,2.97810,0.1037,0.0547
2021-03-31,8.44130,0.19090,8.25040,0.01150,3.12380,,4.81830,3.43210,0.44800,3.88010,1.14460,2.73560,2.73560,2.73580,5.11500,3.43210,23.94720,24.03010,0.11000,0.11000,4.60810,97.73800,40.65860,40.65860,45.96610,32.40980,0.09360,2.43790,36.91720,3.82780,3.82780,3.03270,3.82780,2.99480,0.23410,0.21110
2020-12-31,5.90800,0.20860,5.69950,0.00530,3.25220,0.81900,4.23500,1.46440,0.42060,1.88500,0.46140,1.42370,1.42370,1.42560,3.26100,1.46440,25.12250,25.12250,0.05000,0.05000,3.94160,96.46990,24.78680,24.78670,31.90640,24.12930,0.06820,1.50820,59.67400,2.06270,2.06270,1.64250,2.06270,2.87750,0.085,0.0544
2020-09-30,5.81060,0.04370,5.76690,0.00270,3.71750,,6.48940,-0.72250,0.39600,-0.32650,-0.03380,-0.29280,-0.29280,-0.29050,2.04670,-0.72250,23.95560,23.95560,-0.01000,-0.01000,2.82540,99.24770,-12.43450,-12.43450,-5.61980,-4.99960,0.06650,1.59110,56.56600,-0.43490,-0.43490,-0.33520,-0.43490,2.82690,0.1873,0.1158
2020-06-30,6.27880,0.07970,6.19910,0.00230,3.44290,-0.81900,6.84190,-0.64290,-0.10060,-0.74350,-0.17750,-0.56600,-0.56600,-0.55990,1.93490,-0.64290,26.14740,26.14740,-0.02000,-0.02000,4.18830,98.73060,-10.23860,-10.23860,-11.84120,-8.91740,0.06690,1.89880,47.39740,-0.75950,-0.75950,-0.60360,-0.75950,2.85190,0.1212,0.0522
2020-03-31,6.42780,0.09780,6.33010,0.00260,3.22980,-1.76000,7.40680,-1.07670,1.71230,0.63560,0.32530,0.31030,0.31030,0.31020,1.33760,-1.07670,26.56500,26.56500,0.01000,0.01000,3.51250,98.47880,-16.75110,-16.75110,9.88790,4.82560,0.06720,1.70650,52.74060,0.41180,0.41180,0.32420,0.41180,2.86460,0.19630,0.10760
2019-12-31,6.76160,0.32470,6.43690,,2.60580,,4.36310,2.07380,0.75330,2.82710,0.79390,2.03320,2.03320,2.03480,3.83110,2.07380,27.12940,27.12940,0.08000,0.08000,2.99040,95.19790,30.67000,30.67010,41.81140,30.09330,0.06920,1.57360,57.19430,2.66250,2.66250,2.08170,2.66250,2.85030,0.042,-0.1312
2019-09-30,5.21920,0.46100,4.75820,,2.63510,0.44520,4.04150,0.71670,1.27970,1.99640,0.54310,1.45330,1.45330,1.45240,2.56820,0.71670,27.06040,27.09440,0.05000,0.05000,3.35780,91.16650,13.73280,13.73280,38.25180,27.82800,0.05490,1.64500,54.71060,1.92840,1.92840,1.52960,1.92840,2.75240,0.1413,0.0013
2019-06-30,6.76360,0.23890,6.52470,0.08370,2.63890,0.92980,3.74600,2.77870,2.75300,5.53170,1.69380,3.83790,3.83790,3.83890,4.73180,2.77870,27.17300,27.21500,0.14000,0.14000,4.80110,96.46810,41.08290,41.08290,81.78630,56.75860,0.07280,1.89520,47.48910,5.17220,5.17220,4.13190,5.17220,2.71250,0.1516,0.0807
2019-03-31,7.94600,0.31280,7.63320,,3.19160,,5.01730,2.61590,-0.49560,2.12030,0.74660,1.37370,1.37370,1.38450,4.44170,2.61590,27.39280,27.40840,0.05000,0.05000,,96.06360,32.92120,32.92120,26.68350,17.42340,,,,,,,,,0.14370,0.08860
2018-12-31,,,,,,,,,,,,,,,,,,,,0.00000,,,,,,,,,,,,,,,-0.3021,-0.2727
2018-09-30,7.25020,0.32580,6.92430,,2.99140,,4.89960,2.02470,-0.31900,1.70570,-0.81190,2.51760,2.51760,2.54700,3.93300,2.02470,27.45200,27.46300,0.09000,0.09000,,95.50570,27.92680,27.92680,23.52680,35.13050,,,,,,,,,0.1399,0.1213
2018-06-30,6.16490,0.28630,5.87860,,2.42100,,4.10240,1.77610,-0.88190,0.89420,0.33190,0.56230,0.56230,0.56230,1.77610,1.77610,27.48100,27.49200,0.02000,0.02000,,95.35610,28.81040,28.81040,14.50500,9.12120,,,,,,,,,0.1622,0.1514
2017-12-31,,,,,,,,,,,,,,,,,,,,0.00000,,,,,,,,,,,,,,,0,0
