Date,revenue,cost-goods-sold,gross-profit,research-development-expenses,selling-general-administrative-expenses,other-operating-income-expenses,operating-expenses,operating-income,total-non-operating-income-expense,pre-tax-income,total-provision-income-taxes,income-after-taxes,income-from-continuous-operations,net-income,ebitda,ebit,basic-shares-outstanding,shares-outstanding,eps-basic-net-earnings-per-share,eps-earnings-per-share-diluted,current-ratio,long-term-debt-capital,debt-equity-ratio,gross-margin,operating-margin,ebit-margin,pre-tax-profit-margin,net-profit-margin,asset-turnover,receiveable-turnover,days-sales-in-receivables,roe,return-on-tangible-equity,roa,roi,book-value-per-share,operating-cash-flow-per-share,free-cash-flow-per-share
2024-03-31,91.06500,5.04100,86.02400,6.84400,77.41400,,84.25800,1.76600,0.42700,2.19300,0.28600,1.90700,1.90700,1.90700,3.02900,1.76600,34.38700,35.60800,0.06000,0.05000,2.03320,,,94.46440,1.93930,1.93930,2.40820,2.09410,0.67260,2.15380,41.78650,2.15910,3.06740,1.40840,2.15910,2.54880,0.29320,0.27160
2023-12-31,55.70500,4.98800,50.71700,5.94400,51.55600,0.00000,57.47900,-6.76200,0.39100,-6.37100,-0.02300,-6.34800,-6.34800,-6.34800,-5.68700,-6.76200,33.35000,33.35000,-0.19000,-0.19000,2.31200,,,91.04570,-12.13900,-12.13900,-11.43700,-11.39580,0.50220,2.18190,41.24770,-7.84600,-11.70830,-5.72280,-7.84600,2.36720,-0.0241,-0.0478
2023-09-30,55.01100,6.15000,48.86100,6.27000,52.24600,,78.27300,-29.41200,0.43100,-28.98100,0.23600,-29.21700,-29.21700,-29.21700,-27.16100,-29.41200,33.54900,33.54900,-0.87000,-0.87000,2.19090,,,88.82040,-53.46570,-53.46570,-52.68220,-53.11120,0.48260,2.03960,44.12550,-35.68660,-53.26320,-25.63210,-35.68660,2.42850,-0.1244,0.2408
2023-06-30,67.98500,5.54700,62.43800,7.45000,64.56300,0.03700,75.80800,-13.37000,0.25500,-13.11500,0.07800,-13.19300,-13.19300,-13.19300,-11.90700,-13.37000,33.12900,33.12900,-0.40000,-0.40000,1.87870,,,91.84080,-19.66610,-19.66610,-19.29100,-19.40580,0.46870,1.95940,45.93260,-12.50070,-17.10780,-9.09520,-12.50070,3.16300,0.1013,0.0709
2023-03-31,109.22000,5.77000,103.45000,7.92700,98.06700,0.11300,105.88100,-2.43100,0.18800,-2.24300,0.28600,-2.52900,-2.52900,-2.52900,-1.02400,-2.43100,32.89200,32.89200,-0.08000,-0.08000,1.83450,,,94.71710,-2.22580,-2.22580,-2.05370,-2.31550,0.68080,2.14920,41.87610,-2.26540,-3.05820,-1.57630,-2.26540,3.38700,-0.03760,-0.06820
2022-12-31,88.30800,6.06000,82.24800,7.44000,82.85500,-0.63200,90.92700,-8.67900,0.18500,-8.49400,,-8.49400,-8.49400,-8.49400,-7.15700,-8.67900,31.61300,31.61300,-0.26000,-0.26000,1.78330,,,93.13760,-9.82810,-9.82810,-9.61860,-9.61860,0.56420,2.04730,43.96050,-7.90240,-10.88560,-5.42680,-7.90240,3.29830,-0.1592,-0.1943
2022-09-30,103.22300,5.87700,97.34600,7.83200,96.20000,0.09600,103.93600,-6.59000,0.13900,-6.45100,,-6.45100,-6.45100,-6.45100,-5.18000,-6.59000,32.00800,32.00800,-0.20000,-0.20000,1.78080,,,94.30650,-6.38420,-6.38420,-6.24960,-6.24960,0.63010,2.55350,35.24560,-6.01540,-8.35460,-3.93770,-6.01540,3.33520,-0.1064,-0.1439
2022-06-30,101.91500,6.05900,95.85600,8.24500,95.21100,3.77900,99.67700,-3.82100,0.06500,-3.75600,,-3.75600,-3.75600,-3.75600,-2.41600,-3.82100,31.51900,31.51900,-0.12000,-0.12000,1.88850,,,94.05490,-3.74920,-3.74920,-3.68540,-3.68540,0.63310,2.78600,32.30430,-3.53500,-4.96440,-2.33310,-3.53500,3.35120,-0.108,-0.1487
2022-03-31,110.68100,5.98400,104.69700,8.19600,103.09100,0.89200,110.39500,-5.69800,-0.01700,-5.71500,,-5.71500,-5.71500,-5.71500,-4.18700,-5.69800,30.52900,30.52900,-0.19000,-0.19000,1.83900,,,94.59350,-5.14810,-5.14810,-5.16350,-5.16350,0.64900,2.37730,37.85770,-5.57880,-8.01770,-3.35140,-5.57880,3.26690,-0.12590,-0.14830
2021-12-31,102.06700,6.19100,95.87600,8.84700,95.44200,-0.06000,104.34900,-8.47300,-0.00700,-8.48000,,-8.48000,-8.48000,-8.48000,-7.00900,-8.47300,29.08800,29.08800,-0.29000,-0.29000,1.78660,,,93.93440,-8.30140,-8.30140,-8.30830,-8.30830,0.71070,2.27100,39.63040,-9.96180,-15.88160,-5.90500,-9.96180,2.84200,-0.2327,-0.2533
2021-09-30,107.56300,5.99400,101.56900,9.25900,99.27600,-0.81900,109.35400,-7.78500,0.00300,-7.78200,-2.51000,-5.27200,-5.27200,-5.27200,-6.48700,-7.78500,29.27700,29.27700,-0.18000,-0.18000,1.95860,,,94.42750,-7.23760,-7.23760,-7.23480,-4.90130,0.72410,2.41620,37.24820,-6.12680,-9.85240,-3.54900,-6.12680,2.90860,0.091,0.0586
2021-06-30,105.06300,5.81100,99.25200,9.05300,91.81000,-0.26500,101.12800,-1.87600,-0.00500,-1.88100,,-1.88100,-1.88100,-1.88100,-0.74000,-1.87600,28.89500,28.89500,-0.07000,-0.07000,2.29210,,,94.46900,-1.78560,-1.78560,-1.79040,-1.79040,0.75670,2.29240,39.26100,-2.30360,-2.72910,-1.35480,-2.30360,2.80820,0.265,0.247
2021-03-31,103.82200,5.95300,97.86900,8.57300,93.16500,0.07900,101.65900,-3.79000,-0.01100,-3.80100,,-3.80100,-3.80100,-3.80100,-2.61600,-3.79000,28.43100,28.43100,-0.13000,-0.13000,2.12170,,,94.26610,-3.65050,-3.65050,-3.66110,-3.66110,0.76530,2.11590,42.53460,-5.00210,-6.03750,-2.80170,-5.00210,2.64210,0.12380,0.09650
2020-12-31,97.29200,5.68300,91.60900,8.08800,85.52700,-1.77800,95.39300,-3.78400,0.01600,-3.76800,,-3.76800,-3.76800,-3.76800,-2.60800,-3.78400,27.32900,27.32900,-0.14000,-0.14000,2.07910,,,94.15880,-3.88930,-3.88930,-3.87290,-3.87290,0.75390,2.11140,42.62540,-5.30840,-6.51660,-2.91980,-5.30840,2.51580,-0.1147,-0.1562
2020-09-30,89.97700,5.37800,84.59900,8.14900,79.25900,-0.48000,87.88800,-3.28900,0.10500,-3.18400,,-3.18400,-3.18400,-3.18400,-2.55800,-3.28900,27.52600,27.52600,-0.12000,-0.12000,2.02630,,,94.02290,-3.65540,-3.65540,-3.53870,-3.53870,0.77410,2.16670,41.53760,-4.73650,-5.91490,-2.73930,-4.73650,2.42020,0.2137,0.1842
2020-06-30,78.30200,4.97700,73.32500,6.96600,69.31500,0.00000,76.28100,-2.95600,0.14800,-2.80800,,-2.80800,-2.80800,-2.80800,-2.36200,-2.95600,27.13600,27.13600,-0.10000,-0.10000,2.43770,,,93.64380,-3.77510,-3.77510,-3.58610,-3.58610,0.77660,2.14590,41.94030,-4.63150,-4.63150,-2.78490,-4.63150,2.21570,0.144,0.1083
2020-03-31,81.36400,5.33500,76.02900,6.45900,71.22300,,77.68200,-1.65300,0.21100,-1.44200,,-1.44200,-1.44200,-1.44200,-0.80400,-1.65300,26.64000,26.64000,-0.05000,-0.05000,2.22300,,,93.44310,-2.03160,-2.03160,-1.77230,-1.77230,0.82020,2.28200,39.43940,-2.56440,-2.56440,-1.45360,-2.56440,2.08410,0.14740,0.11420
2019-12-31,73.79900,4.68100,69.11800,5.52900,63.51700,,70.27300,-1.15500,0.22100,-0.93400,,-0.93400,-0.93400,-0.93400,-0.56200,-1.15500,25.75900,25.75900,-0.04000,-0.04000,2.22290,,,93.65710,-1.56500,-1.56500,-1.26560,-1.26560,0.80900,2.29090,39.28590,-1.80410,-1.80410,-1.02390,-1.80410,1.95820,0.1553,0.1167
2019-09-30,67.11200,4.05200,63.06000,5.59600,57.54600,,63.14200,-0.08200,0.25500,0.17300,,0.17300,0.17300,0.17300,0.50600,-0.08200,25.91000,28.60700,0.01000,0.01000,2.38780,,,93.96230,-0.12220,-0.12220,0.25780,0.25780,0.82990,2.24390,40.10790,0.35810,0.35810,0.21390,0.35810,1.85130,0.1662,0.15
2019-06-30,55.66700,3.50400,52.16300,4.40400,50.00500,,54.40900,-2.24600,0.27200,-1.97400,,-1.97400,-1.97400,-1.97400,-1.72200,-2.24600,25.57900,25.57900,-0.08000,-0.08000,2.66030,,,93.70540,-4.03470,-4.03470,-3.54610,-3.54610,0.81330,2.30530,39.03980,-4.51730,-4.51730,-2.88420,-4.51730,1.69670,-0.0125,-0.0469
2019-03-31,52.23300,3.66600,48.56700,4.68500,48.44800,,53.13300,-4.56600,0.18400,-4.38200,,-4.38200,-4.38200,-4.38200,-4.08500,-4.56600,25.29400,25.29400,-0.17000,-0.17000,2.37930,,,92.98150,-8.74160,-8.74160,-8.38930,-8.38930,0.74350,2.02020,44.55120,-10.48680,-10.48680,-6.23730,-10.48680,1.64260,-0.13770,-0.16400
2018-12-31,39.77900,3.07500,36.70400,4.25500,39.56300,,43.81800,-7.11400,0.18900,-6.92500,,-6.92500,-6.92500,-6.92500,-6.72700,-7.11400,16.92200,16.92200,1.64000,1.64000,2.83410,,,92.26980,-17.88380,-17.88380,-17.40870,-17.40870,0.60500,2.27830,39.50330,-16.03600,-16.03600,-10.53300,-16.03600,1.71200,0.1321,0.016
2018-09-30,41.74800,3.11500,38.63300,4.12300,38.44600,,42.56900,-3.93600,0.12800,-3.80800,,-3.80800,-3.80800,-3.80800,-3.59400,-3.93600,24.59500,24.59500,-0.15000,-0.15000,3.29670,,,92.53860,-9.42800,-9.42800,-9.12140,-9.12140,0.62420,1.91600,46.97260,-8.12700,-8.12700,-5.69340,-8.12700,1.87270,-0.1342,-0.0814
2018-06-30,41.09200,2.87300,38.21900,3.18100,36.66500,,39.84600,-1.62700,-0.10300,-1.73000,,-1.73000,-1.73000,-28.13200,-1.30900,-1.62700,9.08500,9.08500,-3.10000,-3.10000,0.99560,-0.08500,-0.07830,93.00840,-3.95940,-3.95940,-4.21010,-68.46100,1.39100,2.31910,38.80830,1.94060,1.94060,-5.85630,2.10550,-9.80960,-0.0132,-0.0916
2018-03-31,40.73000,2.61500,38.11500,2.61400,36.73600,,39.35000,-1.23500,-0.09300,-1.32800,,-1.32800,-1.32800,-12.34100,-0.94100,-1.23500,8.70700,8.70700,-1.42000,-1.42000,,,,93.57970,-3.03220,-3.03220,-3.26050,-30.29950,,,,,,,,,-0.09680,-0.17190
2017-12-31,,,,,,,,,,,,,,,,,,,,0.00000,,,,,,,,,,,,,,,,,0.5186,0.6344
2017-09-30,32.09600,1.88900,30.20700,2.44100,28.78500,,31.22600,-1.01900,-0.11600,-1.13500,,-1.13500,-1.13500,-0.60400,-0.70100,-1.01900,8.62200,8.62200,-0.07000,-0.07000,,,,94.11450,-3.17480,-3.17480,-3.53630,-1.88190,,,,,,,,,-0.2375,-0.2772
2017-06-30,30.01700,1.88400,28.13300,2.10000,27.61300,,29.71300,-1.58000,-0.08500,-1.66500,,-1.66500,-1.66500,-2.66000,-1.58000,-1.58000,8.52300,8.52300,-0.31000,-0.31000,,,,93.72360,-5.26370,-5.26370,-5.54690,-8.86160,,,,,,,,,-0.2811,-0.3572
2016-12-31,,,,,,,,,,,,,,,,,,,,0.00000,,,,,,,,,,,,,,,,,0,0
