Date,revenue,cost-goods-sold,gross-profit,research-development-expenses,selling-general-administrative-expenses,operating-expenses,operating-income,total-non-operating-income-expense,pre-tax-income,income-after-taxes,income-from-continuous-operations,net-income,ebitda,ebit,basic-shares-outstanding,shares-outstanding,eps-basic-net-earnings-per-share,eps-earnings-per-share-diluted,current-ratio,long-term-debt-capital,debt-equity-ratio,gross-margin,operating-margin,ebit-margin,pre-tax-profit-margin,net-profit-margin,asset-turnover,inventory-turnover,receiveable-turnover,days-sales-in-receivables,roe,return-on-tangible-equity,roa,roi,book-value-per-share,operating-cash-flow-per-share,free-cash-flow-per-share
2023-09-30,1.56290,0.03490,1.52800,,3.13140,3.13140,-1.60340,-0.09050,-1.69390,-1.69390,-1.69390,-1.69390,-1.60340,-1.60340,3.34300,3.34300,-0.51000,-0.51000,3.49910,1.21180,-5.72230,97.76640,-102.59630,-102.59630,-108.38510,-108.38510,0.19900,0.06910,1.26660,71.05650,193.86150,193.86070,-21.57030,-41.05220,-0.26140,-0.3116,-0.3116
2023-06-30,1.13140,0.05740,1.07400,0.09240,2.76610,2.85840,-1.78440,-0.08350,-1.86790,-1.86790,-1.86790,-1.86790,-1.78440,-1.78440,3.34300,3.34300,-0.56000,-0.56000,4.28950,0.90280,9.28720,94.93030,-157.72260,-157.72260,-165.10250,-165.10250,0.12600,0.11170,1.10510,81.44400,-346.95410,-346.95530,-20.80160,-33.72680,0.16100,-0.3608,-0.3608
2023-03-31,0.81040,0.05060,0.75980,0.06700,2.84790,2.91490,-2.15510,-0.08800,-2.24310,-2.24310,-2.24310,-2.24310,-2.15510,-2.15510,3.34300,3.34300,-0.67000,-0.67000,5.92990,0.70160,2.35170,93.75730,-265.92940,-265.92940,-276.78280,-276.78280,0.08070,0.13870,1.17910,76.32850,-105.49900,-105.49910,-22.34290,-31.47660,0.63600,-0.48790,-0.48790
2022-12-31,0.79640,0.19010,0.60630,0.02720,2.28890,2.31610,-1.70980,-0.09340,-1.80320,-1.80320,-1.80320,-1.80320,-1.70980,-1.70980,3.14400,3.14400,-0.51000,-0.51000,7.08500,0.55040,1.22410,76.13110,-214.69680,-214.69690,-226.42990,-226.42990,0.06720,0.65690,1.27450,70.61400,-44.14620,-44.14630,-15.21510,-19.84910,1.22190,-0.8746,-0.8746
2022-09-30,0.83210,0.08980,0.74230,0.04040,2.61450,2.65490,-1.91260,-0.10130,-2.01390,-2.01390,-2.01390,-2.01390,-1.91260,-1.91260,3.34300,3.34300,-0.60000,-0.60000,7.05910,0.47470,0.90370,89.21100,-229.84630,-229.84630,-242.02190,-242.02190,0.06200,0.40750,1.23280,73.00480,-36.39800,-36.39800,-15.01710,-19.11980,1.65510,-0.2767,-0.2767
2022-06-30,0.46180,0.06780,0.39400,0.19150,2.31520,2.50660,-2.11260,-0.12070,-2.23340,-2.23340,-2.23340,-2.23340,-2.11260,-2.11260,3.15700,3.15700,-0.71000,-0.71000,10.64510,0.41010,0.69530,85.32380,-457.48270,-457.48270,-483.63020,-483.63020,0.03210,0.25260,1.26300,71.26080,-31.05790,-31.05800,-15.50490,-18.31990,2.15110,-0.3553,-0.3553
2022-03-31,0.41840,0.02280,0.39560,0.04170,2.40510,2.44680,-2.05120,-0.12250,-2.17370,-2.17370,-2.17370,-2.17370,-2.05120,-2.05120,2.73100,2.73100,-0.80000,-0.80000,6.65320,0.72110,2.58530,94.56000,-490.26530,-490.26530,-519.54330,-519.54330,0.04640,0.08160,0.99870,90.11400,-112.39190,-112.39160,-24.08150,-31.34790,0.70530,-0.59140,-0.59140
2021-12-31,0.36060,0.13670,0.22390,0.03570,1.73550,1.77120,-1.54740,-0.12500,-1.67240,-1.67240,-1.67240,-1.67240,-1.54740,-1.54740,2.68200,2.68200,-0.63960,-0.63960,7.51240,0.58440,1.40640,62.09380,-429.14010,-429.14020,-463.80950,-463.80960,0.03410,0.73670,1.22150,73.68140,-47.04120,-47.04130,-15.81710,-19.54820,1.30650,-0.7874,-0.7874
2021-09-30,0.93040,0.05840,0.87200,0.08170,2.63520,2.71690,-1.84480,-0.12460,-1.96950,-1.96950,-1.96950,-1.96950,-1.84480,-1.84480,2.71200,2.71200,-0.73000,-0.73000,8.34330,0.51160,1.04750,93.71970,-198.27480,-198.27480,-211.66680,-211.66680,0.07990,0.25950,4.18810,21.48960,-41.26020,-41.26010,-16.90520,-20.15140,1.75470,-2.1647,-2.1647
2021-06-30,0.23660,0.06830,0.16840,0.19520,2.14210,2.33730,-2.16900,-0.12160,-2.29060,-2.29060,-2.29060,-2.29060,-2.16900,-2.16900,2.69900,2.69900,-0.85000,-0.85000,2.80390,0.45600,0.83810,71.15690,-916.59990,-916.59990,-968.00690,-968.00680,0.01350,0.29160,1.19270,75.46220,-38.39750,-38.39750,-13.04670,-20.88930,2.20770,-0.516,-0.516
2021-03-31,0.09040,0.06480,0.02570,0.27780,2.33830,2.61610,-2.59050,-0.01500,-2.60550,-2.60550,-2.60550,-2.60550,-2.59050,-2.59050,2.59550,2.59550,-0.96040,-0.96040,3.06870,0.39030,0.64010,28.38940,-2864.87600,-2864.87600,-2881.51500,-2881.51500,0.00470,0.27430,0.70750,127.20000,-33.35510,-33.35510,-13.50280,-20.33730,2.89680,-1.13780,-1.13780
2020-12-31,,,,0.10380,2.04150,,-2.23210,-0.05880,-2.26790,-2.26790,-2.26790,-2.26790,-2.23210,-2.20910,2.12350,2.12350,-1.08040,-1.08040,1.23160,2.80050,-1.58780,,,,,,,,,,70.54830,70.54830,-24.03910,-127.02430,-1.44960,-0.8639,-0.8639
2020-09-30,,,,0.20500,1.87460,,-2.07960,-0.04950,-2.12910,-2.12910,-2.12910,-2.12910,-2.07960,-2.07960,2.17800,2.17800,-0.96040,-0.96040,1.01410,26.11480,-1.09400,,,,,,,,,,110.69390,110.69400,-31.53810,-2780.05300,-0.87690,-0.7652,-0.7652
2020-06-30,,,,5.78210,1.18290,,-6.96500,-0.00240,-6.96740,-6.96740,-6.96740,-6.96740,-6.96500,-6.96500,2.08150,2.08150,-3.36130,-3.36130,1.23420,1.22980,-5.63100,,,,,,,,,,1864.57300,1864.55800,-84.27900,-428.41370,-0.17250,-0.7308,-0.7308
2020-03-31,,,,0.46390,1.32980,,-1.79370,0.00340,-1.79030,-1.79030,-1.79030,-1.79030,-1.79370,-1.79370,2.03590,2.03590,-0.84030,-0.84030,2.64100,,,,,,,,,,,,-61.27720,-61.27740,-38.60180,-61.27740,1.43410,-0.76230,-0.76230
2019-12-31,,,,0.64150,0.78260,,-1.42420,0.00590,-1.41820,-1.41820,-1.41820,-1.41820,-1.42420,-1.42420,1.85730,1.85730,-0.60020,-0.60020,3.09940,,,,,,,,,,,,-32.37570,-32.37560,-22.17500,-32.37560,2.15240,-0.8066,-0.8066
2019-09-30,,,,0.82240,0.81420,,-1.63670,0.00860,-1.62810,-1.62810,-1.62810,-1.62810,-1.63670,-1.63670,2.00990,2.00990,-0.84030,-0.84030,3.38510,,,,,,,,,,,,-31.47120,-31.47120,-22.21900,-31.47120,2.56290,-0.4609,-0.4609
2019-06-30,,,,1.20560,0.91810,,-2.12370,0.00960,-2.11410,-2.11410,-2.11410,-2.11410,-2.12370,-2.12370,1.93750,1.93750,-1.08040,-1.08040,5.88430,,,,,,,,,,,,-33.31310,-33.31310,-27.70350,-33.31310,3.15950,-0.512,-0.512
2019-03-31,,,,0.74690,1.22300,,-1.96990,0.00460,-1.96530,-1.96530,-1.96530,-1.96530,-1.96990,-1.96990,1.45640,1.45640,-1.32050,-1.32050,3.30870,,,,,,,,,,,,-63.90180,-63.90180,-45.04570,-63.90190,2.06510,-1.32300,-1.32300
2018-12-31,,,,0.69540,1.07310,,-1.76840,0.00780,-1.76060,-1.76060,-1.76060,-1.76060,-1.76840,-1.76840,1.38290,1.38290,-1.20050,-1.20050,3.45570,,,,,,,,,,,,-43.73900,-43.73890,-31.10780,-43.73890,2.77270,-1.0308,-1.0308
2018-09-30,,,,0.62550,0.89710,,-1.52260,0.00310,-1.51950,-1.51950,-1.51950,-1.51950,-1.52260,-1.52260,1.42690,1.42690,-1.08040,-1.08040,4.35030,,,,,,,,,,,,-28.09800,-28.09800,-21.64970,-28.09800,3.72500,-0.6682,-0.6682
2018-06-30,,,,1.38880,0.91730,,-2.30610,0.00290,-2.30320,-2.30320,-2.30320,-2.30320,-2.30610,-2.30610,1.36820,1.36820,-1.68070,-1.68070,5.23430,,,,,,,,,,,,-42.96700,-42.96700,-34.75830,-42.96700,3.80790,-1.1543,-1.1543
2018-03-31,,,,1.38540,1.03220,,-2.41760,0.43480,-1.98280,-1.98280,-1.98280,-1.98280,-2.41760,-2.41760,1.28510,1.28510,-1.56060,-1.56060,4.67120,,,,,,,,,,,,-45.17340,-45.17350,-35.50290,-45.17350,3.36000,-2.19290,-2.19290
2017-12-31,,,,1.63150,1.02760,,-2.65910,2.35070,-0.30840,-0.30840,-0.30840,-0.30840,-2.65910,-2.65910,1.24100,1.24540,0.00000,-0.72030,3.82210,,,,,,,,,,,,-14.24190,-14.24190,-3.88380,-14.24190,1.68670,-2.3202,-2.3202
2017-09-30,,,,2.71770,0.98400,,-3.70170,-1.54130,-5.24310,-5.24310,-5.24310,-5.24310,-3.70170,-3.70170,1.27870,1.27870,-4.08160,-4.08160,4.05780,,,,,,,,,,,,-254.55550,-254.55620,-48.73070,-254.55620,1.60410,-1.734,-1.734
2017-06-30,,,,2.01760,0.87200,,-2.88950,1.26360,-1.62600,-1.62600,-1.62600,-1.62600,-2.88950,-2.88950,1.27810,1.28460,-1.32050,-1.56060,6.99530,,,,,,,,,,,,-24.01730,-24.01730,-12.35940,-24.01730,5.28150,-1.4481,-1.4481
2017-03-31,,,,0.77070,1.20960,,-1.98030,-3.07180,-5.05200,-5.05200,-5.05200,-5.05200,-1.98030,-1.98030,1.12690,1.12690,-4.44180,-4.44180,13.05370,,,,,,,,,,,,-63.67910,-63.67910,-34.04780,-63.67910,6.18930,-1.49690,-1.49690
2016-12-31,,,,1.50200,0.82230,,-2.32440,0.79700,-1.52730,-1.52730,-1.52730,-1.52730,-2.32440,-2.32440,0.77790,0.77790,,0.00000,6.57570,,,,,,,,,,,,-40.32440,-40.32440,-16.43310,-40.32440,3.68180,-2.8957,-2.8957
2016-09-30,,,,1.33930,0.83010,,-2.16940,-0.85580,-3.02530,-3.02530,-3.02530,-3.02530,-2.16940,-2.16940,0.88420,0.88420,-3.48140,-3.48140,10.68870,,,,,,,,,,,,-64.32550,-64.32560,-27.97790,-64.32560,4.57160,-0.1159,-0.1159
2016-06-30,,,,2.09510,0.80270,,-2.89780,-0.07270,-2.97050,-2.97050,-2.97050,-2.97050,-2.89780,-2.89780,0.60130,0.60130,-4.92200,-4.92200,0.75230,,-2.88150,,,,,,,,,,194.54280,194.54280,-64.06950,194.54270,-2.51380,-3.6775,-3.6775
2016-03-31,,,,2.01510,1.13780,,-3.15280,-0.07260,-3.22540,-3.22540,-3.22540,-3.22540,-3.15280,-3.15280,0.59710,0.59710,-5.40220,-5.40220,2.82310,0.82940,5.79720,,,,,,,,,,-425.97910,-425.97880,-46.93270,-72.67550,1.25620,-4.50550,-4.50550
2015-12-31,,,,1.70830,0.84280,,-2.55110,-0.07310,-2.62420,-2.62420,-2.62420,-2.62420,-2.55110,-2.55110,0.54030,0.54030,-4.20170,-4.20170,5.19200,0.54990,1.26380,,,,,,,,,,-75.73460,-75.73460,-27.52870,-34.08880,5.77560,-4.5598,-4.5598
2015-09-30,,,,1.83770,0.81970,,-2.65740,-0.07800,-2.73540,-2.73540,-2.73540,-2.73540,-2.65740,-2.65740,0.54100,0.54100,-5.04200,-5.04200,5.81930,0.45150,0.82310,,,,,,,,,,-51.53620,-51.53620,-23.41420,-28.26860,8.99210,-4.1637,-4.1637
2015-06-30,,,,2.18810,0.97640,,-3.16460,-0.07660,-3.24120,-3.24120,-3.24120,-3.24120,-3.16460,-3.16460,0.51750,0.51750,-6.24250,-6.24250,3.32080,0.41840,1.00970,,,,,,,,,,-75.17300,-75.17290,-30.55480,-43.72040,8.20810,-4.8126,-4.8126
2015-03-31,,,,2.42000,1.02530,,-3.44520,-0.07550,-3.52070,-3.52070,-3.52070,-3.52070,-3.44520,-3.44520,0.50850,0.50850,-6.96280,-6.96280,5.03030,0.36440,0.68410,,,,,,,,,,-54.72670,-54.72670,-27.89540,-34.78470,12.45860,-5.89040,-5.89040
2014-12-31,,,,2.17640,0.73800,,-2.91440,-0.00540,-2.91980,-2.91980,-2.91980,-2.91980,-2.91440,-2.91440,0.50250,0.50250,-5.88240,-5.88240,8.23870,0.31350,0.47050,,,,,,,,,,-31.77620,-31.77620,-19.16750,-21.81390,18.04780,-5.0782,-5.0782
2014-09-30,,,,3.08840,0.73280,,-3.82120,-0.00420,-3.82540,-3.82540,-3.82540,-3.82540,-3.82120,-3.82120,0.50430,0.50430,-7.56300,-7.56300,7.89600,,,,,,,,,,,,-32.72120,-32.72120,-28.56680,-32.72120,22.96220,-7.7139,-7.7139
2014-06-30,,,,2.87500,0.61690,,-3.49190,-0.05520,-3.54700,-3.54700,-3.54700,-3.54700,-3.49190,-3.49190,0.50210,0.50210,-7.08280,-7.08280,9.21860,,,,,,,,,,,,-23.38310,-23.38310,-20.83660,-23.38310,29.85310,-6.0926,-6.0926
2014-03-31,,,,1.85210,1.07050,,-2.92260,-0.03290,-2.95550,-2.95550,-2.95550,-2.95550,-2.92260,-2.92260,0.50000,0.50000,-5.88240,-5.88240,7.47700,0.05900,0.14090,,,,,,,,,,-16.01790,-16.01790,-13.09630,-15.07300,36.31170,-4.00080,-4.00080
2013-12-31,,,,0.63640,0.94440,,-1.58080,-0.03590,-1.61670,-1.61670,-1.61670,-1.61670,-1.58080,-1.58080,0.19730,0.19730,-1.68070,-1.68070,10.69230,0.06660,0.13950,,,,,,,,,,-7.63200,-7.63200,-6.47030,-7.12370,41.70920,-3.8015,-3.8015
2013-09-30,,,,0.07870,0.40690,,-0.48560,-0.00030,-0.48590,-0.48590,-0.48590,-0.48590,-0.48560,-0.48560,0.09910,0.09910,-4.92200,-4.92200,9.00190,0.08900,0.15340,,,,,,,,,,-2.52780,-2.52780,-2.04690,-2.30270,39.91070,-2.3589,-2.3589
2013-06-30,,,,0.13080,0.07260,,-0.20340,-0.03640,-0.23990,-0.23990,-0.23990,-0.23990,-0.20340,-0.20340,0.09470,0.09470,-2.52100,-2.52100,0.61290,28.31230,-1.36110,,,,,,,,,,1.17660,11.09590,-13.37780,-303.05430,-20.87850,-4.5216,-4.5216
2013-03-31,,,,0.11100,0.22100,,-0.33200,-0.16200,-0.49400,-0.49400,-0.49400,-0.49400,-0.33200,-0.33200,0.09440,0.09440,-5.28210,-5.28210,,,,,,,,,,,,,,,,,,-4.73090,-4.73090
2012-12-31,,,,,,,,,,,,,,,,,,0.00000,,,,,,,,,,,,,,,,,,11.6967,11.6967
2012-09-30,,,,0.33700,0.14070,,-0.47770,-0.00850,-0.48630,-0.48630,-0.48630,-0.48630,-0.47770,-0.47770,0.09380,0.09380,-5.16210,-5.16210,,,,,,,,,,,,,,,,,,-11.6967,-11.6967
2012-06-30,,,,0.00000,,,,,0.00000,,0.00000,,,,,,,0.00000,,,,,,,,,,,,,,,,,,0,0
2011-12-31,,,,,,,,,,,,,,,,,,0.00000,,,,,,,,,,,,,,,,,,0,0
