Date,revenue,cost-goods-sold,gross-profit,selling-general-administrative-expenses,other-operating-income-expenses,operating-expenses,operating-income,total-non-operating-income-expense,pre-tax-income,total-provision-income-taxes,income-after-taxes,income-from-continuous-operations,net-income,ebitda,ebit,basic-shares-outstanding,shares-outstanding,eps-basic-net-earnings-per-share,eps-earnings-per-share-diluted,current-ratio,long-term-debt-capital,debt-equity-ratio,gross-margin,operating-margin,ebit-margin,pre-tax-profit-margin,net-profit-margin,asset-turnover,inventory-turnover,receiveable-turnover,days-sales-in-receivables,roe,return-on-tangible-equity,roa,roi,book-value-per-share,operating-cash-flow-per-share,free-cash-flow-per-share
2023-12-31,506.40300,246.99300,259.41000,248.28500,-0.28800,272.67590,-13.26600,-4.51300,-17.77900,-1.79200,-15.98700,-15.98700,-15.98700,14.75400,-13.26600,78.31300,78.31300,-0.20000,-0.19000,0.99740,0.35210,0.55610,51.22600,-2.61970,-2.61970,-3.51080,-3.15700,0.23310,2.05990,5.83050,15.43610,-1.92750,10.73350,-0.73590,-1.24880,10.59130,0.2486,-0.1684
2023-09-30,532.35600,252.02600,280.33000,249.70500,-80.81500,354.92700,-74.59700,-3.72200,-78.31900,-4.52100,-73.79800,-73.79800,-73.79800,-49.38600,-74.59700,78.16300,78.16300,-0.94000,-0.94000,1.33880,0.39650,0.66980,52.65840,-14.01260,-14.01260,-14.71180,-13.86250,0.23490,2.09010,6.94620,12.95670,-8.78180,53.26340,-3.25610,-5.29950,10.74910,0.5285,0.1707
2023-06-30,525.34000,247.83900,277.50100,243.97100,-0.87600,269.77600,7.72500,-1.83600,5.88900,0.27500,5.61400,5.61400,5.61400,33.66200,7.72500,78.10100,78.34300,0.07000,0.07000,1.36080,0.37930,0.62270,52.82310,1.47050,1.47050,1.12100,1.06860,0.22510,2.05040,6.65800,13.51760,0.61800,-3.99150,0.24050,0.38360,11.62340,0.6285,0.2386
2023-03-31,562.36900,254.05200,308.31700,249.92200,-0.27000,275.00500,33.31200,-4.86700,28.44500,10.17500,18.27000,18.27000,18.27000,58.91700,33.31200,78.72100,92.13600,0.23000,0.22000,1.34470,0.38600,0.63220,54.82470,5.92350,5.92350,5.05810,3.24880,0.24320,2.05670,7.02570,12.81020,2.03740,-11.84690,0.79010,1.25100,11.48400,0.80390,0.50300
2022-12-31,468.93100,222.18300,246.74800,233.94400,2.11700,256.53490,-9.78690,-2.62000,-12.40700,-3.14600,-9.26100,-9.26100,-9.26100,21.79110,-9.78690,79.83100,80.29800,-0.11000,-0.09000,1.37640,0.38470,0.62980,52.61930,-2.08710,-2.08710,-2.64580,-1.97490,0.20470,1.80400,5.86960,15.33330,-1.02770,6.10420,-0.40420,-0.63240,11.40770,-0.0456,-0.3737
2022-09-30,499.20700,232.80000,266.40700,225.02800,-1.16800,251.04800,15.35900,1.97700,17.33600,5.83400,11.50200,11.50200,11.50200,41.08300,15.35900,78.91000,79.30400,0.15000,0.15000,1.41720,0.38350,0.62650,53.36600,3.07670,3.07670,3.47270,2.30410,0.21780,1.90770,7.82170,11.50640,1.26820,-7.79070,0.50190,0.78190,11.49320,0.4351,0.0422
2022-06-30,509.55500,234.56700,274.98800,227.82900,-3.54300,256.61700,18.37100,-3.96300,14.40800,4.67400,9.73400,9.73400,9.73400,44.43000,18.37100,80.06100,80.40300,0.12000,0.12000,1.35810,0.38750,0.63790,53.96630,3.60530,3.60530,2.82760,1.91030,0.22370,1.81140,7.99000,11.26410,1.09170,-5.90780,0.42720,0.66860,11.30340,0.5984,0.2015
2022-03-31,527.71100,236.03700,291.67400,228.55400,-0.63700,254.34200,37.33200,4.14400,41.47600,11.32900,30.14700,30.14700,30.14700,63.25300,37.33200,81.42800,94.90400,0.37000,0.34000,1.54190,0.37260,0.59890,55.27150,7.07430,7.07430,7.85960,5.71280,0.22690,1.85270,8.47800,10.61580,3.17090,-28.02260,1.29640,1.98940,11.67650,0.49650,0.20040
2021-12-31,477.85090,217.68510,260.16580,224.75600,-3.01100,252.21680,7.94900,-3.35100,4.59800,-1.62100,6.21900,6.21900,6.21900,38.29400,7.94890,81.82000,96.13400,0.08000,0.08000,1.49670,0.37940,0.61570,54.44500,1.66350,1.66350,0.96220,1.30150,0.20840,1.76020,8.57950,10.49020,0.67160,-4.63410,0.27120,0.41680,11.37500,0.2708,-0.1122
2021-09-30,518.00500,226.45800,291.54700,218.21400,2.43700,240.83600,50.71100,-5.74300,44.96800,3.97600,40.99200,40.99200,40.99200,76.64200,50.71100,82.29000,96.50800,0.50000,0.45000,1.85300,0.38380,0.62720,56.28270,9.78970,9.78970,8.68100,7.91340,0.21530,1.81690,9.57850,9.39600,4.14670,-55.77450,1.70410,2.55530,11.95450,0.4472,0.2407
2021-06-30,549.48900,235.94600,313.54300,234.23500,-0.45400,258.71400,54.82900,-10.18800,44.64100,7.04000,37.60100,37.60100,37.60100,80.36000,54.82900,81.60100,96.08200,0.46000,0.42000,1.64210,0.39640,0.66120,57.06080,9.97820,9.97820,8.12410,6.84290,0.23190,1.95220,10.03950,8.96460,4.00720,-29.93970,1.58710,2.41890,11.46340,0.9586,0.7252
2021-03-31,534.18000,224.69000,309.49000,223.59300,-0.89400,248.04200,61.44800,-6.33000,55.11800,11.68600,43.43200,43.43200,43.43200,85.76500,61.44800,81.33300,96.02500,0.53000,0.48000,1.82570,0.45260,0.83140,57.93740,11.50320,11.50320,10.31820,8.13060,0.22070,1.87990,8.89770,10.11500,4.89360,-24.36360,1.79480,2.67890,10.90540,1.01690,0.84630
2020-12-31,496.69600,216.48100,280.21500,204.14400,3.44000,223.31910,56.89590,-12.75900,44.13700,9.05800,35.07900,35.07900,35.07900,84.15790,56.89600,80.56500,82.79300,0.44000,0.45000,1.72400,0.41830,0.72300,56.41580,11.45490,11.45490,8.88610,7.06250,0.21290,1.94550,8.56530,10.50750,3.86970,-21.76540,1.50330,2.25120,11.15850,0.4071,-0.0335
2020-09-30,485.35300,210.80900,274.54400,190.51800,-6.99600,219.75000,54.79400,-12.47500,42.31900,7.03000,35.28900,35.28900,35.28900,81.56100,54.79400,80.67600,83.79500,0.44000,0.42000,1.56000,0.42840,0.75340,56.56580,11.28950,11.28950,8.71920,7.27080,0.21030,1.88730,9.77000,9.21190,4.07980,-17.24940,1.52930,2.33220,10.68000,1.542,1.3758
2020-06-30,260.00700,140.78000,119.22700,136.58200,-2.31900,160.82500,-41.59800,-15.63800,-57.23600,-13.40300,-43.83300,-43.83300,-43.83300,-17.17400,-41.59800,80.32500,80.32500,-0.55000,-0.55000,1.45260,0.44000,0.78960,45.85530,-15.99880,-15.99880,-22.01330,-16.85840,0.11720,1.19450,4.44830,20.23250,-5.33940,17.50120,-1.97530,-2.99020,10.20880,-0.1573,-0.3197
2020-03-31,469.70400,218.55400,251.15000,193.74100,-15.68400,234.23500,16.91500,-7.45500,9.46000,-0.28200,9.74200,9.74200,9.74200,41.94200,16.91500,80.12900,82.24200,0.12000,0.12000,1.53490,0.47570,0.91170,53.46980,3.60120,3.60120,2.01400,2.07410,0.21170,1.67640,17.02070,5.28770,1.23920,-3.39340,0.43910,0.64970,9.79300,1.04640,0.88770
2019-12-31,401.76310,187.54200,214.22110,178.04400,-4.14200,205.86000,8.36110,-7.39800,0.96300,-2.95700,3.92000,3.92000,3.92000,32.25310,8.36110,78.60800,81.68300,0.05000,0.05000,0.85890,0.41730,0.73370,53.32020,2.08110,2.08110,0.23970,0.97570,0.19760,1.47030,9.03350,9.96300,0.50490,-1.31250,0.19280,0.29420,9.74470,-0.0748,-0.3777
2019-09-30,431.90200,204.50200,227.40000,190.29000,-3.66200,216.28800,11.11200,-17.65900,-6.54700,-7.73900,1.19200,1.19200,1.19200,33.62700,11.11200,78.47400,81.56100,0.02000,0.01000,0.91690,0.43290,0.78120,52.65080,2.57280,2.57280,-1.51590,0.27600,0.20780,1.82760,8.52630,10.55550,0.15570,-0.38270,0.05740,0.08830,9.68680,0.6309,0.3332
2019-06-30,429.45100,202.50600,226.94500,182.27800,-2.14600,205.24300,21.70200,-8.96800,12.73400,2.47700,10.25700,10.25700,10.25700,43.00700,21.70200,78.31800,81.42400,0.13000,0.13000,0.93970,0.42780,0.75880,52.84540,5.05340,5.05340,2.96520,2.38840,0.20730,1.91660,7.47690,12.03710,1.32450,-3.36990,0.49510,0.75780,9.86740,0.4459,0.1251
2019-03-31,461.21500,211.96900,249.24600,193.87600,-2.55500,216.84600,32.40000,-9.06100,23.33900,5.91000,17.42900,17.42900,17.42900,53.22100,32.40000,78.20500,81.46600,0.22000,0.21000,0.90730,0.43130,0.76960,54.04120,7.02490,7.02490,5.06030,3.77890,0.22460,1.89370,7.94910,11.32200,2.28550,-5.47970,0.84890,1.29970,9.74940,1.01900,0.69990
2018-12-31,355.92200,173.46990,182.45200,166.13200,-16.15100,201.83900,-19.38690,-9.33900,-28.72600,-10.28600,-18.44000,-18.44000,-18.44000,0.73010,-19.38690,75.89900,79.04100,-0.26000,-0.23000,1.01440,0.43430,0.77790,51.26180,-5.44700,-5.44700,-8.07090,-5.18090,0.21420,1.49510,7.01530,12.82910,-2.48130,5.43090,-1.10990,-1.40370,9.50730,-0.1057,-0.4389
2018-09-30,387.42500,182.58800,204.83700,185.02800,-2.54800,206.92000,-2.08300,-9.40700,-11.49000,-16.66100,5.17100,5.17100,5.17100,17.69000,-2.08300,76.11800,79.71000,0.07000,0.06000,1.07050,0.42780,0.75810,52.87140,-0.53770,-0.53770,-2.96570,1.33470,0.23330,1.83910,9.96590,9.03080,0.68200,-1.51310,0.31140,0.39020,9.83590,0.4255,0.0619
2018-06-30,385.53200,177.05900,208.47300,165.62700,-0.29600,183.50000,24.97300,-9.42400,15.54900,3.08200,12.46700,12.46700,12.46700,42.97800,24.97300,75.24900,77.85800,0.17000,0.16000,1.05370,0.43710,0.78710,54.07410,6.47750,6.47750,4.03310,3.23370,0.23520,1.86560,8.55310,10.52250,1.70880,-3.34760,0.76040,0.96180,9.68470,0.0298,-0.3025
2018-03-31,407.97500,180.45400,227.52100,170.68900,-0.12200,188.67300,38.84800,-9.31300,29.53500,5.08000,24.45500,24.45500,24.45500,57.14000,38.84800,74.71400,77.83700,0.33000,0.31000,0.98630,0.44140,0.80040,55.76840,9.52220,9.52220,7.23940,5.99420,0.24810,1.92630,9.77440,9.20770,3.43820,-6.22540,1.48700,1.92060,9.47070,0.99940,0.70650
2017-12-31,321.81900,152.39200,169.42700,154.30000,-3.32000,175.19000,-5.76300,-16.39600,-22.15900,-48.17700,26.01800,26.01800,26.01800,15.81000,-5.76300,59.89500,62.03500,0.42000,0.41000,0.76890,0.46190,0.86960,52.64670,-1.79080,-1.79070,-6.88550,8.08470,0.20340,1.67190,7.45070,12.07940,3.97460,-5.76140,1.64470,2.13860,8.77170,-0.1916,-0.5459
2017-09-30,346.08900,162.35800,183.73100,151.25100,-0.56800,167.17100,16.56000,-14.85100,1.70900,0.16300,1.54600,1.54600,1.54600,32.94500,16.56000,56.41400,58.45900,0.03000,0.03000,0.81570,0.78190,3.62300,53.08780,4.78490,4.78490,0.49380,0.44670,0.21780,1.81670,8.84890,10.17080,0.60730,-0.18110,0.09730,0.13240,4.50780,0.4423,0.0777
2017-06-30,337.54100,156.40800,181.13300,144.65500,-8.07700,167.36100,13.77200,-14.62200,-0.85000,0.64600,-1.49600,-1.49600,-1.49600,29.43500,13.77200,56.41400,56.41400,-0.03000,-0.03000,,,,53.66250,4.08010,4.08010,-0.25180,-0.44320,,,,,,,,,,0.4015,-0.025
2017-03-31,369.85900,165.80800,204.05100,149.80400,-0.10200,164.32900,39.72200,-14.19400,25.52800,8.45800,17.07000,17.07000,17.07000,55.15300,39.72200,56.26100,57.93400,0.30000,0.29000,,,,55.16990,10.73980,10.73980,6.90210,4.61530,,,,,,,,,,0.80270,0.44540
2016-12-31,,,,,,,,,,,,,,,,,,,0.00000,,,,,,,,,,,,,,,,,,-1.5931,-0.4251
2016-09-30,301.21600,138.66400,162.55200,134.45700,-0.56300,148.23700,14.31500,-9.72800,4.58700,1.56100,3.02600,3.02600,3.02600,14.31500,14.31500,56.21100,57.17000,0.05000,0.05000,,,,53.96530,4.75240,4.75240,1.52280,1.00460,,,,,,,,,,1.5931,0.4251
2015-12-31,,,,,,,,,,,,,,,,,,,0.00000,,,,,,,,,,,,,,,,,,0,0
2014-12-31,,,,,,,,,,,,,,,,,,,0.00000,,,,,,,,,,,,,,,,,,0,0
