Date,revenue,cost-goods-sold,gross-profit,selling-general-administrative-expenses,other-operating-income-expenses,operating-expenses,operating-income,total-non-operating-income-expense,pre-tax-income,total-provision-income-taxes,income-after-taxes,income-from-continuous-operations,income-from-discontinued-operations,net-income,ebitda,ebit,basic-shares-outstanding,shares-outstanding,eps-basic-net-earnings-per-share,eps-earnings-per-share-diluted,current-ratio,long-term-debt-capital,debt-equity-ratio,gross-margin,operating-margin,ebit-margin,pre-tax-profit-margin,net-profit-margin,asset-turnover,inventory-turnover,receiveable-turnover,days-sales-in-receivables,roe,return-on-tangible-equity,roa,roi,book-value-per-share,operating-cash-flow-per-share,free-cash-flow-per-share
2024-03-31,42777.00000,36476.00000,6301.00000,5076.00000,,5076.00000,1225.00000,387.00000,1612.00000,278.00000,1334.00000,1334.00000,,1332.00000,2730.00000,1225.00000,3979.00000,4023.00000,0.33000,0.33000,1.16850,0.69900,3.48310,14.72990,2.86370,2.86370,3.76840,3.11380,0.15590,1.95770,2.28780,39.33940,3.10980,3.10980,0.48630,0.93600,10.27230,0.34430,-0.17620
2023-12-31,45962.00000,40862.00000,5100.00000,5345.00000,,5345.00000,-245.00000,-1622.00000,-1867.00000,-1344.00000,-523.00000,-523.00000,,-526.00000,1453.00000,-245.00000,3998.00000,4041.00000,-0.13000,-0.13000,1.19650,0.69940,3.48690,11.09610,-0.53300,-0.53300,-4.06210,-1.14440,0.16820,2.61080,2.94610,30.54890,-1.22200,-1.22200,-0.19140,-0.36740,10.24860,0.6236,0.0524
2023-09-30,43801.00000,37548.00000,6253.00000,5124.00000,,5124.00000,1129.00000,258.00000,1387.00000,214.00000,1173.00000,1173.00000,,1199.00000,2733.00000,1129.00000,4004.00000,4050.00000,0.30000,0.30000,1.21040,0.67990,3.22210,14.27590,2.57760,2.57760,3.16660,2.73740,0.16340,2.04890,2.89520,31.08630,2.64930,2.64930,0.43760,0.84820,10.65610,1.1292,0.5851
2023-06-30,44954.00000,37471.00000,7483.00000,5022.00000,,5022.00000,2461.00000,-173.00000,2288.00000,272.00000,2016.00000,2016.00000,,1917.00000,4057.00000,2461.00000,4003.00000,4041.00000,0.48000,0.47000,1.20490,0.68290,3.28480,16.64590,5.47450,5.47450,5.08960,4.26440,0.16900,2.11660,3.10410,28.99360,4.62320,4.62320,0.75790,1.46620,10.49480,1.2439,0.7629
2023-03-31,41474.00000,34669.00000,6805.00000,4692.00000,,4692.00000,2113.00000,46.00000,2159.00000,496.00000,1663.00000,1663.00000,,1757.00000,3738.00000,2113.00000,3990.00000,4029.00000,0.44000,0.44000,1.20040,0.68380,3.30100,16.40790,5.09480,5.09480,5.20570,4.23640,0.16150,2.13850,2.77980,32.37690,3.94100,3.94100,0.64760,1.24630,10.16060,0.69500,0.25320
2022-12-31,43999.00000,37816.00000,6183.00000,4622.00000,,4622.00000,1561.00000,-395.00000,1166.00000,-93.00000,1259.00000,1259.00000,,1289.00000,3261.00000,1561.00000,4014.00000,4014.00000,0.33000,0.34000,1.20240,0.67290,3.21930,14.05260,3.54780,3.54780,2.65010,2.92960,0.17190,2.68580,2.79730,32.17370,2.91660,2.91660,0.49200,0.95400,10.38420,0.296,-0.2206
2022-09-30,39392.00000,34354.00000,5038.00000,4534.00000,,4534.00000,504.00000,-1629.00000,-1125.00000,-195.00000,-930.00000,-930.00000,,-827.00000,2131.00000,504.00000,4021.00000,4021.00000,-0.21000,-0.21000,1.19880,0.66690,3.04900,12.78940,1.27940,1.27940,-2.85590,-2.09940,0.15950,2.25820,2.66810,33.73170,-2.20960,-2.20960,-0.37660,-0.73590,10.17130,0.9515,0.515
2022-06-30,40190.00000,33191.00000,6999.00000,4131.00000,,4131.00000,2868.00000,-2077.00000,791.00000,153.00000,638.00000,638.00000,,667.00000,4487.00000,2868.00000,4021.00000,4052.00000,0.17000,0.16000,1.16210,0.65770,2.91220,17.41480,7.13610,7.13610,1.96820,1.65960,0.16350,2.37490,2.67270,33.67330,1.44220,1.44220,0.25960,0.49360,10.69040,0.7303,0.3147
2022-03-31,34476.00000,29036.00000,5440.00000,4097.00000,,4097.00000,1343.00000,-5191.00000,-3848.00000,-729.00000,-3119.00000,-3119.00000,,-3110.00000,2890.00000,1343.00000,4008.00000,4008.00000,-0.78000,-0.78000,1.17480,0.65950,3.00770,15.77910,3.89550,3.89550,-11.16140,-9.02080,0.13630,1.98240,2.64570,34.01760,-6.91820,-6.91820,-1.23290,-2.35580,10.89780,-0.27050,-0.61230
2021-12-31,37678.00000,32393.00000,5285.00000,4546.00000,,4546.00000,739.00000,10479.00000,11218.00000,-1055.00000,12273.00000,12273.00000,,12282.00000,2255.00000,739.00000,3991.00000,4034.00000,3.07000,3.05000,1.20140,0.64520,2.84010,14.02680,1.96140,1.96140,29.77330,32.59730,0.14660,2.68490,3.31380,27.15910,25.24170,25.24170,4.77480,8.95700,11.74730,0.8768,0.437
2021-09-30,35683.00000,30057.00000,5626.00000,4284.00000,,4284.00000,1342.00000,543.00000,1885.00000,63.00000,1822.00000,1822.00000,,1832.00000,2862.00000,1342.00000,3995.00000,4036.00000,0.46000,0.45000,1.20140,0.72600,3.93890,15.76660,3.76090,3.76090,5.28260,5.13410,0.14120,2.22510,3.28850,27.36850,4.96400,4.96400,0.72110,1.36020,8.92390,1.7338,1.3453
2021-06-30,26752.00000,22904.00000,3848.00000,3870.00000,,3870.00000,-22.00000,757.00000,735.00000,182.00000,553.00000,553.00000,,561.00000,1160.00000,-22.00000,3992.00000,4028.00000,0.14000,0.14000,1.21330,0.74360,4.22370,14.38400,-0.08220,-0.08220,2.74750,2.09700,0.10760,1.68500,3.05740,29.43710,1.58980,1.58980,0.22250,0.40750,8.45910,0.1844,-0.1903
2021-03-31,36228.00000,29297.00000,6931.00000,4467.00000,,4467.00000,2464.00000,1478.00000,3942.00000,680.00000,3262.00000,3262.00000,,3262.00000,4206.00000,2464.00000,3980.00000,4016.00000,0.82000,0.81000,1.20880,0.75230,4.49380,19.13160,6.80140,6.80140,10.88110,9.00410,0.13890,2.29920,3.46750,25.95560,9.60150,9.60150,1.25070,2.37800,8.26820,1.11850,0.77790
2020-12-31,35952.00000,33075.00000,2877.00000,5319.00000,,5319.00000,-2442.00000,-1368.00000,-3810.00000,-1019.00000,-2791.00000,-2791.00000,,-2788.00000,-717.00000,-2442.00000,3973.00000,3973.00000,-0.70000,-0.70000,1.20120,0.78170,5.24760,8.00230,-6.79240,-6.79240,-10.59750,-7.75480,0.13450,3.06020,3.59770,25.01590,-9.05850,-9.05850,-1.04430,-1.97730,7.47660,1.1822,0.7883
2020-09-30,37501.00000,31223.00000,6278.00000,3927.00000,,3927.00000,2351.00000,405.00000,2756.00000,366.00000,2390.00000,2390.00000,,2385.00000,3871.00000,2351.00000,3976.00000,4005.00000,0.60000,0.60000,1.19970,0.76220,4.74280,16.74090,6.26920,6.26920,7.34910,6.35980,0.14430,2.95030,3.70780,24.27300,7.20730,7.20730,0.91940,1.71400,8.09590,2.7615,2.4503
2020-06-30,19371.00000,17932.00000,1439.00000,4198.00000,,4198.00000,-2759.00000,3843.00000,1084.00000,-34.00000,1118.00000,1118.00000,,1117.00000,-689.00000,-2759.00000,3975.00000,3992.00000,0.28000,0.28000,1.33770,0.79530,5.67910,7.42860,-14.24290,-14.24290,5.59600,5.76640,0.07190,1.75460,2.12700,42.31220,3.62340,3.62340,0.41500,0.74170,7.53300,2.2842,1.9931
2020-03-31,34320.00000,30522.00000,3798.00000,5356.00000,,5356.00000,-1558.00000,412.00000,-1146.00000,847.00000,-1993.00000,-1993.00000,,-1993.00000,584.00000,-1558.00000,3963.00000,3963.00000,-0.50000,-0.50000,1.31520,0.79390,5.63430,11.06640,-4.53960,-4.53960,-3.33920,-5.80710,0.12990,2.69820,5.18040,17.37330,-6.71090,-6.71090,-0.75450,-1.38300,7.25400,-0.11940,-0.56850
2019-12-31,39715.00000,34812.00000,4903.00000,5360.00000,,5360.00000,-457.00000,-1979.00000,-2436.00000,-764.00000,-1672.00000,-1672.00000,,-1672.00000,1614.00000,-457.00000,3972.00000,4004.00000,-0.43000,-0.43000,1.16220,0.75310,4.67370,12.34550,-1.15070,-1.15070,-6.13370,-4.21000,0.15360,3.22750,4.29960,20.93240,-5.03160,-5.03160,-0.64670,-1.24230,8.11280,0.727,0.1581
2019-09-30,36990.00000,32282.00000,4708.00000,4969.00000,,4969.00000,-261.00000,242.00000,-19.00000,-442.00000,423.00000,423.00000,,425.00000,1757.00000,-261.00000,3970.00000,4007.00000,0.11000,0.11000,1.16820,0.73770,4.35500,12.72780,-0.70560,-0.70560,-0.05140,1.14900,0.14330,2.59270,3.48270,25.84190,1.19540,1.19540,0.16390,0.31360,8.66900,1.1847,0.7329
2019-06-30,38853.00000,33657.00000,5196.00000,5106.00000,,5106.00000,90.00000,115.00000,205.00000,55.00000,150.00000,150.00000,,148.00000,2349.00000,90.00000,3984.00000,4013.00000,0.04000,0.04000,1.20360,0.74070,4.31880,13.37350,0.23160,0.23160,0.52760,0.38090,0.14820,2.70620,3.55110,25.34400,0.41510,0.41510,0.05720,0.10760,8.85250,1.6069,1.1302
2019-03-31,40342.00000,33942.00000,6400.00000,5198.00000,,5198.00000,1202.00000,408.00000,1610.00000,427.00000,1183.00000,1183.00000,,1146.00000,3344.00000,1202.00000,3973.00000,3997.00000,0.29000,0.29000,1.22130,0.73800,4.31360,15.86440,2.97950,2.97950,3.99090,2.84070,0.15320,2.75210,3.35740,26.80680,3.24700,3.24700,0.44930,0.85080,8.92550,0.88670,0.47810
2018-12-31,41793.00000,35754.00000,6039.00000,5407.00000,,5407.00000,632.00000,-649.00000,-17.00000,95.00000,-112.00000,-112.00000,,-116.00000,2741.00000,632.00000,3974.00000,3998.00000,-0.03000,-0.03000,1.19960,0.73690,4.28770,14.44980,1.51220,1.51220,-0.04070,-0.27760,0.16290,3.18660,3.73320,24.10810,-0.31140,-0.31140,-0.04370,-0.08190,8.81090,0.3411,-0.1888
2018-09-30,37666.00000,31568.00000,6098.00000,5234.00000,,5234.00000,864.00000,230.00000,1094.00000,101.00000,993.00000,993.00000,,991.00000,864.00000,864.00000,3976.00000,4000.00000,0.25000,0.25000,1.21210,0.73710,4.18990,16.18970,2.29380,2.29380,2.90450,2.63100,0.14540,2.46430,0.74120,121.42570,2.71170,2.71170,0.38340,0.71290,8.99730,1.2943,0.7992
2018-06-30,38920.00000,33194.00000,5726.00000,5140.00000,,5140.00000,586.00000,763.00000,1349.00000,280.00000,1069.00000,1069.00000,,1066.00000,586.00000,586.00000,3977.00000,3999.00000,0.27000,0.27000,1.21260,0.73650,4.19100,14.71220,1.50570,1.50570,3.46610,2.73900,0.15080,2.64180,0.75790,118.75280,2.93130,2.93130,0.41420,0.77220,8.96040,1.2428,0.7657
2018-03-31,41959.00000,35753.00000,6206.00000,5085.00000,,5085.00000,1121.00000,798.00000,1919.00000,174.00000,1745.00000,1745.00000,,1736.00000,1121.00000,1121.00000,3974.00000,3997.00000,0.44000,0.43000,1.23410,0.74300,4.34550,14.79060,2.67170,2.67170,4.57350,4.13740,0.15700,2.89010,0.76740,117.28590,4.78920,4.78920,0.65300,1.23070,8.95450,0.87920,0.43410
2017-12-31,41326.00000,35004.00000,6322.00000,7673.00000,,5455.00000,867.00000,1005.00000,1872.00000,-652.00000,2524.00000,2524.00000,,2520.00000,867.00000,867.00000,3975.00000,3998.00000,0.63000,0.63000,1.23470,0.74250,4.33320,15.29790,2.09800,2.09800,4.52980,6.09790,0.15990,3.13210,3.89900,23.08260,7.08870,7.08870,0.97640,1.82540,8.74630,0.7853,0.2573
2017-09-30,36451.00000,30275.00000,6176.00000,5178.00000,,5178.00000,998.00000,772.00000,1770.00000,191.00000,1579.00000,1579.00000,,1572.00000,998.00000,998.00000,3972.00000,3996.00000,0.40000,0.39000,1.19480,0.74650,4.48280,16.94330,2.73790,2.73790,4.85580,4.31260,0.14510,2.68800,3.54690,25.37460,4.74700,4.74700,0.62840,1.20350,8.19890,1.2508,0.8324
2017-06-30,39853.00000,33342.00000,6511.00000,4959.00000,,4959.00000,1552.00000,714.00000,2266.00000,211.00000,2055.00000,2055.00000,,2047.00000,1552.00000,1552.00000,3977.00000,3996.00000,0.51000,0.51000,1.20400,0.74700,4.52570,16.33750,3.89430,3.89430,5.68590,5.13640,0.16100,3.00600,3.92290,22.94210,6.36970,6.36970,0.83040,1.61180,7.95220,1.4059,1.0157
2017-03-31,39146.00000,32700.00000,6446.00000,2764.00000,-2218.00000,4982.00000,1464.00000,787.00000,2251.00000,652.00000,1599.00000,1599.00000,,1592.00000,1464.00000,1464.00000,3976.00000,3999.00000,0.40000,0.40000,1.24010,0.75940,4.76410,16.46660,3.73980,3.73980,5.75030,4.06680,0.16040,3.10390,3.66360,24.56570,5.21850,5.21850,0.65510,1.25550,7.55640,1.08430,0.65770
2016-12-31,38654.00000,32488.00000,6166.00000,11688.00000,,11688.00000,-5522.00000,4393.00000,-1129.00000,-341.00000,-788.00000,-788.00000,,-790.00000,-5522.00000,-5522.00000,3973.00000,3999.00000,-0.20000,-0.19000,1.20140,0.76170,4.89840,15.95180,-14.28570,-14.28570,-2.92080,-2.04380,0.16240,3.65120,3.48170,25.84930,-2.69980,-2.69980,-0.33120,-0.64330,7.19250,0.7007,0.1803
2016-09-30,35943.00000,30668.00000,5275.00000,2657.00000,,2657.00000,2618.00000,-1231.00000,1387.00000,426.00000,961.00000,961.00000,,957.00000,2618.00000,2618.00000,3974.00000,4000.00000,0.24000,0.24000,1.16060,0.74060,4.35650,14.67600,7.28380,7.28380,3.85890,2.66250,0.15300,3.00110,3.58390,25.11230,3.05090,3.05090,0.40900,0.79130,7.78330,1.288,0.8621
2016-06-30,39485.00000,32522.00000,6963.00000,2784.00000,,2784.00000,4179.00000,-1304.00000,2875.00000,903.00000,1972.00000,1972.00000,,1970.00000,4179.00000,4179.00000,3973.00000,3997.00000,0.50000,0.49000,1.23890,0.75320,4.49100,17.63450,10.58380,10.58380,7.28120,4.98920,0.16470,3.30880,3.68060,24.45280,6.32980,6.32980,0.82280,1.56250,7.70000,1.9367,1.5127
2016-03-31,37718.00000,30517.00000,7201.00000,2690.00000,,2690.00000,4511.00000,-860.00000,3651.00000,1196.00000,2455.00000,2455.00000,,2452.00000,4511.00000,4511.00000,3970.00000,3996.00000,0.62000,0.61000,7.01230,0.82640,4.76000,19.09170,11.95980,11.95980,9.67970,6.50090,0.15900,3.12350,3.35210,26.84870,8.28800,8.28800,1.03460,1.43890,7.32290,1.03830,0.66020
2015-12-31,40251.00000,34435.00000,5816.00000,2368.00000,,2295.00000,3521.00000,-1625.00000,1896.00000,32.00000,1864.00000,1864.00000,,1868.00000,3521.00000,3521.00000,3969.00000,4002.00000,0.48000,0.46000,1.24600,0.75820,4.63600,14.44930,8.74760,8.74760,4.71040,4.64090,0.17900,4.13930,3.64530,24.68960,6.50450,6.50450,0.82870,1.57250,7.08100,0.5341,0.0759
2015-09-30,38144.00000,31213.00000,6931.00000,2386.00000,,2386.00000,4545.00000,-1254.00000,3291.00000,1099.00000,2192.00000,2192.00000,,2192.00000,4545.00000,4545.00000,3969.00000,3999.00000,0.55000,0.55000,6.25050,0.82140,4.59990,18.17060,11.91540,11.91540,8.62780,5.74660,0.17380,3.28700,2.85230,31.55330,7.97550,7.97550,0.99890,1.42420,6.92470,1.618,1.1598
2015-06-30,37263.00000,30326.00000,6937.00000,2544.00000,,2544.00000,4393.00000,-1107.00000,3286.00000,1125.00000,2161.00000,2161.00000,,2160.00000,4393.00000,4393.00000,3974.00000,4007.00000,0.54000,0.54000,6.23640,0.82420,4.68700,18.61630,11.78920,11.78920,8.81840,5.79660,0.17250,3.21320,2.94200,30.59170,8.19960,8.19960,1.00030,1.44180,6.64190,1.2993,0.8675
2015-03-31,33900.00000,28472.00000,5428.00000,3465.00000,-73.00000,3538.00000,1890.00000,-111.00000,1779.00000,625.00000,1154.00000,1154.00000,,1153.00000,1890.00000,1890.00000,3963.00000,4001.00000,0.29000,0.29000,6.02660,0.83100,4.91620,16.01180,5.57520,5.57520,5.24780,3.40120,0.15960,2.99110,2.60670,34.52660,4.62080,4.62080,0.54340,0.78100,6.28120,0.60310,0.15320
2014-12-31,35870.00000,32560.00000,3310.00000,1510.00000,,1293.00000,2017.00000,-5181.00000,-3164.00000,-1257.00000,-1907.00000,-1907.00000,,-1904.00000,2017.00000,2017.00000,3912.00000,3958.00000,-0.49000,-0.46000,6.58040,0.82970,4.87110,9.22780,5.62310,5.62310,-8.82070,-5.30810,0.17190,4.13720,3.06370,29.37610,-7.79480,-7.79480,-0.91410,-1.32770,6.18430,0.5881,0.0266
2014-09-30,34920.00000,30197.00000,4723.00000,3484.00000,-74.00000,3558.00000,1165.00000,-144.00000,1021.00000,188.00000,833.00000,833.00000,,835.00000,1165.00000,1165.00000,3861.00000,4010.00000,0.22000,0.21000,6.34760,0.82000,4.55540,13.52520,3.33620,3.33620,2.92380,2.39120,0.16720,3.24840,3.13380,28.71910,3.18360,3.18360,0.39890,0.57310,6.79790,1.3721,0.8867
2014-06-30,37411.00000,31247.00000,6164.00000,3476.00000,-104.00000,3580.00000,2584.00000,-466.00000,2118.00000,803.00000,1315.00000,1315.00000,,1311.00000,2584.00000,2584.00000,3940.00000,4088.00000,0.33000,0.32000,6.25120,0.81580,4.42820,16.47640,6.90710,6.90710,5.66140,3.50430,0.17730,3.33660,2.91070,30.92060,4.90540,4.90540,0.62340,0.90370,6.91080,1.1627,0.6944
2014-03-31,35876.00000,31021.00000,4855.00000,3372.00000,-39.00000,3411.00000,1444.00000,-185.00000,1259.00000,270.00000,989.00000,989.00000,,989.00000,1444.00000,1444.00000,3946.00000,4094.00000,0.25000,0.24000,6.09050,0.81360,4.36470,13.53270,4.02500,4.02500,3.50930,2.75670,0.17320,3.49570,2.96790,30.32450,3.68930,3.68930,0.47760,0.68770,6.77970,0.54230,0.17200
2013-12-31,37570.00000,27631.00000,9939.00000,1288.00000,-69.00000,1357.00000,8582.00000,-244.00000,8338.00000,511.00000,7827.00000,7827.00000,,7837.00000,8582.00000,8582.00000,3935.00000,4087.00000,2.00000,1.93000,6.73720,0.81440,4.38660,26.45460,22.84270,22.84270,22.19320,20.85970,0.18580,3.58470,3.82280,23.54330,29.93690,29.93690,3.87130,5.55760,6.62910,0.0825,-0.3941
2013-09-30,35775.00000,30030.00000,5745.00000,3235.00000,-46.00000,3281.00000,2464.00000,-373.00000,2091.00000,818.00000,1273.00000,1273.00000,,1272.00000,2464.00000,2464.00000,3942.00000,4096.00000,0.32000,0.31000,1.90730,0.84360,5.39360,16.05870,6.88750,6.88750,5.84490,3.55560,0.17790,3.41290,3.05950,29.41640,6.20670,6.23290,0.63310,0.97080,5.19900,0.933,0.5489
2013-06-30,37923.00000,32524.00000,5399.00000,3203.00000,-53.00000,3256.00000,2143.00000,-324.00000,1819.00000,585.00000,1234.00000,1234.00000,,1233.00000,2143.00000,2143.00000,3933.00000,4084.00000,0.31000,0.30000,1.88260,0.84870,5.61110,14.23670,5.65090,5.65090,4.79660,3.25130,0.19330,3.97020,3.34040,26.94330,6.41970,6.44720,0.62890,0.97100,4.87870,1.4881,1.0989
2013-03-31,35649.00000,30005.00000,5644.00000,3124.00000,-40.00000,3164.00000,2480.00000,-357.00000,2123.00000,511.00000,1612.00000,1612.00000,,1611.00000,2480.00000,2480.00000,3923.00000,4072.00000,0.41000,0.40000,1.87870,0.85890,6.08660,15.83210,6.95670,6.95670,5.95530,4.51910,0.18470,3.56230,3.13150,28.74020,9.13940,9.18310,0.83520,1.28970,4.48690,0.05180,-0.31240
2012-12-31,35731.00000,31585.00000,4146.00000,2749.00000,-61.00000,2810.00000,1336.00000,423.00000,1759.00000,216.00000,1543.00000,1543.00000,,1546.00000,1336.00000,1336.00000,3815.00000,4015.00000,0.40000,0.39000,6.48300,0.86790,6.57060,11.60340,3.73910,3.73910,4.92290,4.32680,0.18860,4.29030,3.28470,27.39970,9.65040,9.65040,0.81470,1.27470,4.07670,-0.1153,-0.5751
2012-09-30,32172.00000,26650.00000,5522.00000,2919.00000,-55.00000,2974.00000,2548.00000,-302.00000,2246.00000,613.00000,1633.00000,1633.00000,,1631.00000,2548.00000,2548.00000,3814.00000,3972.00000,0.43000,0.41000,1.91070,0.84190,5.32690,17.16400,7.91990,7.91990,6.98120,5.06960,0.17420,3.24680,2.99640,30.03640,8.64660,8.68760,0.88420,1.36660,4.95310,0.8786,0.5405
2012-06-30,33211.00000,27870.00000,5341.00000,2983.00000,23.00000,2960.00000,2381.00000,-786.00000,1595.00000,557.00000,1038.00000,1038.00000,,1040.00000,2381.00000,2381.00000,3815.00000,4014.00000,0.27000,0.26000,1.90280,0.85400,5.84910,16.08200,7.16930,7.16930,4.80260,3.13150,0.18320,3.82360,3.26880,27.53300,6.07760,6.11160,0.57270,0.88740,4.47800,0.9778,0.6783
2012-03-31,32445.00000,26934.00000,5511.00000,2878.00000,16.00000,2862.00000,2649.00000,-611.00000,2038.00000,640.00000,1398.00000,1398.00000,,1396.00000,2649.00000,2649.00000,3803.00000,4055.00000,0.37000,0.35000,1.90920,0.85790,6.03540,16.98570,8.16460,8.16460,6.28140,4.30270,0.17820,3.83080,3.27590,27.47300,8.39640,8.44560,0.76780,1.19340,4.36210,0.51170,0.24220
2011-12-31,33917.00000,29965.00000,3952.00000,2382.00000,8.00000,2374.00000,1578.00000,-125.00000,1453.00000,-12161.00000,13614.00000,13614.00000,,13615.00000,1578.00000,1578.00000,3793.00000,4111.00000,3.59000,3.33000,2.14500,0.86840,6.60130,11.65200,4.65250,4.65250,4.28400,40.14210,0.19020,5.07800,3.96000,22.72750,90.33240,90.93580,7.63340,11.88380,3.81930,-0.1055,-0.3721
2011-09-30,33047.00000,27617.00000,5430.00000,2861.00000,-5.00000,2866.00000,2564.00000,-718.00000,1846.00000,194.00000,1652.00000,1652.00000,,1649.00000,2564.00000,2564.00000,3800.00000,4031.00000,0.43000,0.41000,1.94200,0.94040,15.78680,16.43110,7.75860,7.75860,5.58600,4.98990,0.20310,3.82930,3.65730,24.60860,27.41450,27.87720,1.01510,1.63310,1.58580,0.9677,0.6829
2011-06-30,35527.00000,29253.00000,6274.00000,2907.00000,-21.00000,2928.00000,3346.00000,-740.00000,2606.00000,206.00000,2400.00000,2400.00000,,2398.00000,3346.00000,3346.00000,3799.00000,4102.00000,0.63000,0.59000,1.96460,0.94850,18.42060,17.65980,9.41820,9.41820,7.33530,6.74980,0.21140,4.15760,3.75030,23.99780,44.85980,45.74040,1.42780,2.30990,1.40790,0.9325,0.6573
2011-03-31,33114.00000,26776.00000,6338.00000,2734.00000,54.00000,2680.00000,3658.00000,-882.00000,2776.00000,220.00000,2556.00000,2556.00000,,2551.00000,3658.00000,3658.00000,3771.00000,4266.00000,0.68000,0.61000,1.96510,0.97630,41.23250,19.13990,11.04670,11.04670,8.38320,7.70370,0.19780,3.61150,3.67970,24.45820,103.69170,107.98480,1.52700,2.45530,0.64900,0.58530,0.36760
2010-12-31,32428.00000,27251.00000,5177.00000,3029.00000,8.00000,3021.00000,2156.00000,-1876.00000,280.00000,92.00000,188.00000,188.00000,,190.00000,2156.00000,2156.00000,3449.00000,4178.00000,0.03000,0.12000,1.99210,1.00620,-161.97510,15.96460,6.64860,6.64860,0.86350,0.58590,0.19690,4.60550,3.86920,23.26050,-29.28350,-25.26880,0.11420,0.18190,-0.16890,0.2942,0.0206
2010-09-30,29893.00000,24233.00000,5660.00000,2654.00000,36.00000,2618.00000,3042.00000,-1155.00000,1887.00000,199.00000,1688.00000,1688.00000,,1687.00000,3042.00000,3042.00000,3446.00000,4174.00000,0.49000,0.43000,2.12530,1.01510,-67.06380,18.93420,10.17630,10.17630,6.31250,5.64350,0.16880,3.53510,3.57230,25.19390,-97.01150,-90.60650,0.95330,1.46850,-0.50100,1.0521,0.786
2010-06-30,35067.00000,27828.00000,7239.00000,3137.00000,131.00000,3006.00000,4233.00000,-1386.00000,2847.00000,251.00000,2596.00000,2596.00000,,2599.00000,4233.00000,4233.00000,3411.00000,4610.00000,0.76000,0.61000,2.09070,1.03110,-33.15020,20.64330,12.07120,12.07120,8.11870,7.41150,0.19510,4.58000,4.39160,20.49360,-73.31260,-69.71000,1.44420,2.28030,-1.02970,0.8135,0.6075
2010-03-31,31566.00000,25139.00000,6427.00000,3089.00000,41.00000,3048.00000,3379.00000,-1244.00000,2135.00000,50.00000,2085.00000,2085.00000,,2085.00000,3379.00000,3379.00000,3365.00000,4569.00000,0.62000,0.50000,2.26710,1.04360,-23.92960,20.36050,10.70460,10.70460,6.76360,6.60520,0.16440,3.99540,4.55830,19.74430,-38.34840,-37.04030,1.08610,1.67240,-1.59580,0.58720,0.35350
2009-12-31,34811.00000,29290.00000,5521.00000,3222.00000,-84.00000,3306.00000,2215.00000,-1307.00000,908.00000,30.00000,878.00000,878.00000,,886.00000,2215.00000,2215.00000,2991.00000,3312.00000,0.45000,0.48000,2.15750,1.06280,-16.91530,15.85990,6.36290,6.36290,2.60840,2.54520,0.18130,5.81040,4.83890,18.59930,-11.28250,-11.04820,0.45720,0.70890,-2.31060,0.4687,0.0767
2009-09-30,30272.00000,24817.00000,5455.00000,3005.00000,-125.00000,3130.00000,2325.00000,-1213.00000,1112.00000,99.00000,1013.00000,1013.00000,,997.00000,2325.00000,2325.00000,3259.00000,3587.00000,0.31000,0.29000,2.01110,1.05830,-18.15920,18.02000,7.68040,7.68040,3.67340,3.29350,0.14900,3.78310,4.14910,21.69130,-13.93400,-13.51570,0.49880,0.81200,-2.19840,1.4098,1.1867
2009-06-30,26810.00000,23346.00000,3464.00000,3110.00000,-419.00000,3529.00000,-65.00000,2306.00000,2241.00000,-15.00000,2256.00000,2256.00000,5.00000,2261.00000,-65.00000,-65.00000,3001.00000,3352.00000,0.75000,0.69000,1.93030,1.07620,-14.12890,12.92060,-0.24240,-0.24240,8.35880,8.43340,0.13390,3.53570,4.03580,22.30030,-23.95410,-23.37100,1.12690,1.82450,-2.92390,1.1191,0.9546
2009-03-31,24390.00000,21413.00000,2977.00000,3692.00000,-402.00000,4094.00000,-1117.00000,-545.00000,-1662.00000,-227.00000,-1435.00000,-1435.00000,,-1427.00000,-1117.00000,-1117.00000,2397.00000,2397.00000,-0.60000,-0.60000,2.04170,1.12760,-8.83570,12.20580,-4.57970,-4.57970,-6.81430,-5.85080,0.12010,3.25670,4.52500,19.88930,8.70910,8.59080,-0.70640,-1.11150,-6.80590,1.67540,1.22950
