Date,revenue,cost-goods-sold,gross-profit,selling-general-administrative-expenses,other-operating-income-expenses,operating-expenses,operating-income,total-non-operating-income-expense,pre-tax-income,total-provision-income-taxes,income-after-taxes,income-from-continuous-operations,income-from-discontinued-operations,net-income,ebitda,ebit,basic-shares-outstanding,shares-outstanding,eps-basic-net-earnings-per-share,eps-earnings-per-share-diluted,current-ratio,long-term-debt-capital,debt-equity-ratio,gross-margin,operating-margin,ebit-margin,pre-tax-profit-margin,net-profit-margin,asset-turnover,inventory-turnover,receiveable-turnover,days-sales-in-receivables,roe,return-on-tangible-equity,roa,roi,book-value-per-share,operating-cash-flow-per-share,free-cash-flow-per-share
2023-12-31,852.13380,434.48510,417.64870,51.88700,-221.03490,300.55710,117.09160,-25.60400,91.48800,21.89900,69.58900,69.58900,,69.58900,243.48060,117.09180,45.45200,45.69300,1.53000,1.53000,3.89340,0.44580,0.80430,49.01210,13.74100,13.74100,10.73630,8.16640,0.19860,1.39220,1.29570,69.46120,3.48570,-776.83560,1.62220,1.93190,44.25860,2.1201,1.3204
2023-09-30,786.30100,397.65400,388.64700,45.05600,-214.91100,287.33200,101.31510,-23.69100,77.62400,20.48000,57.14400,57.14400,,57.14400,228.09100,101.31510,45.11400,45.37400,1.27000,1.26000,3.89020,0.45450,0.83300,49.42730,12.88500,12.88500,9.87200,7.26740,0.18840,1.26490,1.17460,76.62270,2.98000,-65.33730,1.36890,1.62570,42.51100,2.4846,1.8029
2023-06-30,750.62200,397.73500,352.88700,40.35500,-205.03300,272.43800,80.44900,-19.92500,60.52400,15.34400,45.18000,45.18000,,45.18000,206.63600,80.44900,45.45500,45.67800,0.99000,0.99000,3.66490,0.42690,0.74480,47.01260,10.71770,10.71770,8.06320,6.01900,0.18960,1.48890,1.25090,71.94720,2.38200,-646.26260,1.14100,1.36520,41.96000,2.1146,1.4139
2023-03-31,762.73900,414.68300,348.05600,39.01700,-199.09200,265.22000,82.83600,-19.62300,63.21300,15.82500,47.38800,47.38800,,47.38800,208.90000,82.83600,46.14700,46.31200,1.03000,1.02000,3.49840,0.41810,0.71850,45.63240,10.86030,10.86030,8.28760,6.21290,0.19710,1.60980,4.81380,18.69640,2.53290,-130.00540,1.22470,1.47390,41.05140,2.38800,1.71190
2022-12-31,749.34390,400.20900,349.13490,37.06100,-191.53810,254.93610,94.19880,7.40700,101.60600,21.54000,80.06600,80.06600,,80.06600,221.07580,94.19880,47.21300,47.33000,1.71000,1.71000,3.82590,0.42240,0.73130,46.59210,12.57080,12.57080,13.55930,10.68480,0.19190,1.38800,1.35770,66.28640,4.25940,-250.57420,2.05040,2.46020,40.60670,2.987,2.7658
2022-09-30,672.14300,348.85100,323.29200,36.95100,-186.28000,249.20200,74.09000,1.30500,75.39500,16.07900,59.31600,59.31600,,59.31600,195.12100,74.09000,46.90200,47.02200,1.26000,1.26000,3.45630,0.43210,0.76070,48.09870,11.02300,11.02300,11.21710,8.82490,0.17410,1.18080,1.16970,76.93990,3.28590,-92.60030,1.53630,1.86620,38.85310,2.1545,1.5195
2022-06-30,647.61600,346.64400,300.97200,37.06800,-180.86900,243.91900,57.05300,52.57000,109.62300,23.51500,86.10800,86.10800,,86.10800,178.05000,57.05300,47.42500,47.49900,1.82000,1.81000,3.08490,0.41860,0.71990,46.47380,8.80970,8.80970,16.92720,13.29620,0.17060,1.33050,1.14170,78.83160,4.73640,-134.73340,2.26810,2.75390,38.56020,2.2866,0.9967
2022-03-31,659.83900,368.65200,291.18700,36.86300,-173.96100,236.36600,54.82100,-17.81200,37.00900,9.00400,28.00500,28.00500,,28.00500,190.58300,54.82100,48.24100,48.30000,0.58000,0.58000,2.68370,0.41520,0.70990,44.13000,8.30820,8.30820,5.60880,4.24420,0.17630,1.49090,3.42780,26.25610,1.58740,-18.53180,0.74820,0.92840,37.18250,2.48750,2.13010
2021-12-31,501.77400,273.52200,228.25200,22.65400,-163.94600,199.77510,28.47700,8.65300,37.13000,7.75900,29.37100,29.37100,,29.37100,56.05800,28.47690,40.97500,41.02400,0.70000,0.70000,2.87950,0.41690,0.71510,45.48900,5.67530,5.67520,7.39970,5.85340,0.13080,1.03880,0.85870,104.81110,1.62440,-25.26860,0.76560,0.94710,37.29710,2.0409,0.8029
2021-09-30,399.67400,166.58500,233.08900,30.20800,-138.63100,180.05600,53.03300,-8.73700,44.29600,10.90000,33.39600,33.39600,,33.39600,64.68000,53.03300,40.45300,40.51600,0.83000,0.82000,3.17110,0.36370,0.57160,58.31980,13.26910,13.26910,11.08300,8.35580,0.15780,0.65520,1.01830,88.38120,2.58120,16.97390,1.31820,1.64240,31.99910,0.6146,0.1186
2021-06-30,389.57800,165.35600,224.22200,27.39800,-140.21400,178.51400,45.70800,-6.90300,38.80500,10.37800,28.42700,28.42700,,28.42700,57.00800,45.70800,40.75400,40.80200,0.70000,0.70000,2.69120,0.33710,0.50840,57.55510,11.73270,11.73270,9.96080,7.29690,0.15860,0.76220,1.10570,81.39940,2.20230,14.94810,1.15720,1.46000,27.20490,1.1029,0.4574
2021-03-31,407.93900,174.35000,233.58900,30.99900,-137.49000,179.10100,54.48800,-8.21700,46.27100,12.55600,33.71500,33.71500,,33.71500,65.49500,54.48800,41.03400,41.05600,0.82000,0.82000,2.63060,0.29380,0.41600,57.26080,13.35690,13.35690,11.34260,8.26470,0.17740,0.94070,1.35630,66.35670,2.61140,14.41960,1.46580,1.84420,31.46940,1.68490,1.10200
2020-12-31,392.15810,166.16710,225.99100,25.28900,-136.65300,172.62300,53.36800,-10.26100,43.10700,10.38100,32.72600,32.72600,,32.72600,64.47900,53.36800,41.50200,41.60000,0.80000,0.80000,3.02590,0.32420,0.47980,57.62750,13.60880,13.60880,10.99230,8.34510,0.16530,0.87290,1.09240,82.38450,2.54910,14.68960,1.37960,1.72270,31.28360,1.0727,0.2513
2020-09-30,359.89000,157.15200,202.73800,24.35400,-132.06800,166.84800,35.89000,-18.20400,17.68600,2.62400,15.06200,15.06200,,15.06200,46.76300,35.89000,41.44000,41.53600,0.36000,0.36000,2.84490,0.29990,0.42830,56.33330,9.97250,9.97250,4.91430,4.18520,0.16100,0.93170,8.18730,10.99260,1.21080,6.61310,0.67380,0.84780,30.01680,0.8198,0.6098
2020-06-30,412.74600,189.64500,223.10100,28.38600,-141.18500,179.89500,43.20600,-6.01700,37.18900,11.31600,25.87300,25.87300,,25.87300,53.91500,43.20600,41.44000,41.53100,0.62000,0.62000,2.61100,0.28730,0.40310,54.05290,10.46800,10.46800,9.01010,6.26850,0.18910,1.05380,11.65750,7.72030,2.09880,11.82410,1.18550,1.49580,29.74780,1.6082,1.1241
2020-03-31,466.49000,207.18100,259.30900,32.90200,-153.56800,197.14400,62.16500,-16.44800,45.71700,12.79900,32.91800,32.91800,,32.91800,73.22600,62.16500,41.91200,42.00700,0.79000,0.78000,3.25450,0.35070,0.54020,55.58730,13.32610,13.32610,9.80020,7.05650,0.20170,0.90920,10.50650,8.56610,2.72640,16.87360,1.42330,1.77010,29.13480,1.84220,1.36140
2019-12-31,498.36190,231.09810,267.26390,27.90800,-150.77700,189.53090,77.73290,-6.21500,71.51800,17.36400,54.15400,54.15400,,54.15400,88.57990,77.73290,43.02000,43.20800,1.27000,1.26000,3.65200,0.31870,0.46780,53.62850,15.59770,15.59770,14.35060,10.86640,0.20430,0.87120,10.47840,8.58910,4.01130,17.16360,2.21990,2.73280,31.89390,1.5649,0.5734
2019-09-30,452.45900,201.48000,250.97900,30.57600,-150.62400,191.87400,59.10500,-10.14100,48.96400,14.20300,34.76100,34.76100,,34.76100,70.25900,59.10500,42.95700,43.16700,0.81000,0.81000,3.80170,0.32260,0.47630,55.47000,13.06310,13.06310,10.82180,7.68270,0.18680,0.71470,8.95410,10.05130,2.60150,11.10060,1.43470,1.76220,31.15860,1.3452,0.8501
2019-06-30,446.01400,201.70900,244.30500,31.69600,-148.90300,191.10900,53.19600,-7.91000,45.28600,12.23800,33.04800,33.04800,,33.04800,64.18200,53.19600,43.08100,43.25600,0.77000,0.76000,3.91100,0.32410,0.47950,54.77520,11.92700,11.92700,10.15350,7.40960,0.18550,0.75710,1.05390,85.39620,2.49050,11.04960,1.37440,1.68340,30.88570,0.8077,0.2693
2019-03-31,467.60400,211.80500,255.79900,32.15400,-147.00100,189.02900,66.77000,-7.92700,58.84300,16.18800,42.65500,42.65500,,42.65500,77.11700,66.77000,43.51800,43.65800,0.98000,0.98000,3.42200,0.29320,0.41480,54.70420,14.27920,14.27920,12.58390,9.12200,0.20020,0.82160,1.19810,75.11910,3.21100,13.85650,1.82620,2.26950,30.69280,1.64220,0.91380
2018-12-31,481.20800,219.20800,262.00000,32.34300,-147.27900,189.49790,72.50210,-9.32600,63.17600,15.10100,48.07500,48.07500,,48.07500,82.93210,72.50210,44.77700,44.88400,1.09000,1.08000,5.93700,0.30950,0.44830,54.44630,15.06670,15.06670,13.12860,9.99050,0.22830,0.79670,10.28020,8.75470,3.64730,15.38180,2.28060,2.51830,30.22970,1.4744,1.1578
2018-09-30,429.87800,192.62000,237.25800,29.97700,-144.94200,185.76900,51.48900,-7.40600,44.08300,10.75800,33.32500,33.32500,,33.32500,62.83900,51.48900,43.98100,44.11600,0.76000,0.76000,5.80160,0.31410,0.45800,55.19190,11.97760,11.97760,10.25480,7.75220,0.20310,0.69430,8.56230,10.51120,2.54050,10.52900,1.57450,1.74250,29.92630,1.2857,0.8767
2018-06-30,419.97200,191.54400,228.42800,29.72000,-140.15600,180.82800,47.60000,-5.32900,42.27100,12.10000,30.17100,30.17100,,30.17100,59.14500,47.60000,44.94200,45.04300,0.67000,0.67000,6.48420,0.28300,0.39470,54.39120,11.33410,11.33410,10.06520,7.18410,0.20900,0.76710,1.07220,83.94150,2.30310,8.31130,1.50130,1.65130,29.55410,0.6987,0.3741
2018-03-31,449.80000,210.71900,239.08100,28.00200,-138.58700,177.87200,61.20900,-5.43000,55.77900,14.14400,41.63500,41.63500,,41.63500,72.50600,61.20900,46.42600,46.47900,0.90000,0.90000,5.62350,0.20990,0.26570,53.15270,13.60800,13.60800,12.40080,9.25630,0.22450,0.82860,1.24020,72.56650,2.92320,8.53170,2.07790,2.30960,31.26310,1.96470,1.77450
2017-12-31,480.20500,231.06890,249.13610,28.93100,-145.30890,186.66900,62.46720,-5.43200,57.03500,-10.69900,67.73400,67.73400,,67.73400,75.18020,62.46720,47.85400,47.88800,1.43000,1.42000,6.98510,0.21420,0.27260,51.88120,13.00840,13.00840,11.87720,14.10520,0.23280,0.83490,7.68360,11.71320,4.59110,12.30700,3.28360,3.60750,31.44760,1.4789,1.2615
2017-09-30,435.41200,204.36600,231.04600,29.99900,-139.87700,183.74800,47.29800,-5.73100,41.56700,13.29300,28.27400,28.27400,,28.27400,61.37100,47.29800,47.62800,47.66800,0.59000,0.59000,6.57170,0.22860,0.29640,53.06380,10.86280,10.86280,9.54660,6.49360,0.20430,0.66210,5.96450,15.08940,1.92640,5.26710,1.32630,1.48600,30.99770,0.9935,0.7958
2017-06-30,416.62900,192.20500,224.42400,30.30500,-138.67600,183.67000,40.75400,-19.28600,21.46800,6.22900,15.23900,15.23900,,15.23900,55.59000,40.75400,48.26100,48.28900,0.32000,0.32000,6.84880,0.20800,0.26270,53.86660,9.78180,9.78180,5.15280,3.65770,0.19800,0.63780,6.24860,14.40330,1.02180,2.74750,0.72420,0.80920,31.06370,0.8096,0.6162
2017-03-31,447.57600,204.67600,242.90000,33.23800,-137.39100,184.87200,58.02800,-5.78600,52.24200,19.59700,32.64500,32.64500,,32.64500,72.50100,58.02800,48.38900,48.40200,0.67000,0.67000,6.69890,0.18330,0.22440,54.27010,12.96490,12.96490,11.67220,7.29370,0.21900,0.66420,7.93010,11.34910,2.19500,5.93470,1.59750,1.79270,30.79030,1.31950,1.15260
2016-12-31,462.04190,207.92700,254.11490,38.26000,-139.29200,192.25200,61.86290,-5.74600,56.11700,19.42500,36.69200,36.69200,,36.69200,76.73290,61.86290,34.99700,35.00400,0.88000,0.88000,6.21140,0.23950,0.31490,54.99830,13.38900,13.38900,12.14540,7.94130,0.21540,0.62880,6.94560,12.95790,2.53050,7.13350,1.71040,1.92450,29.89230,1.5982,1.3072
2016-09-30,261.15300,113.78900,147.36400,24.50000,-109.97200,141.75300,5.61100,-5.18800,0.42300,1.83500,-1.41200,-1.41200,,-1.41200,13.45500,5.61100,34.63100,34.63100,-0.04000,-0.04000,5.85200,0.27970,0.38820,56.42820,2.14860,2.14860,0.16200,-0.54070,0.11470,0.34190,3.17870,28.31340,-0.09850,-0.30620,-0.06200,-0.07100,29.54320,-0.2325,-0.3044
2016-06-30,181.97900,80.51800,101.46100,16.50900,-58.65700,80.11300,21.34800,-4.10200,17.24600,5.57300,11.67300,11.67300,,11.67300,26.52700,21.34800,28.24300,28.24300,0.41000,0.41000,5.69980,0.36270,0.56910,55.75420,11.73100,11.73100,9.47690,6.41450,0.24050,0.87650,8.19840,10.97780,2.69280,10.11550,1.54280,1.71610,15.34840,0.5133,0.1334
2016-03-31,183.20300,81.34000,101.86300,17.26800,-55.81100,78.01600,23.84700,-4.18600,19.66100,6.48700,13.17400,13.17400,,13.17400,29.01400,23.84700,28.24100,28.24100,0.47000,0.47000,5.30050,0.34950,0.62840,55.60120,13.01670,13.01670,10.73180,7.19090,0.24300,0.89670,1.25450,71.74390,2.99900,11.19060,1.74750,1.95080,15.55380,0.88790,0.66330
2015-12-31,191.42400,88.49900,102.92500,12.75300,-54.27500,71.31600,31.60900,-3.98200,27.62700,8.21700,19.41000,19.41000,,19.41000,36.12500,31.60900,28.13800,28.32600,0.70000,0.68000,7.04780,0.37050,0.58850,53.76810,16.51260,16.51260,14.43240,10.13980,0.25430,0.94690,1.39140,64.68190,4.49950,14.97780,2.57800,2.83250,15.27770,0.967,0.7732
2015-09-30,169.53200,74.09000,95.44200,11.73300,-50.99500,75.27800,20.16400,-3.93000,16.23400,5.06100,11.17300,11.17300,,11.17300,25.03200,20.16400,28.01900,28.22400,0.40000,0.40000,6.90040,0.39000,0.63930,56.29730,11.89390,11.89390,9.57580,6.59050,0.22770,0.75460,9.35810,9.61730,2.70340,9.71250,1.50070,1.64910,14.65870,0.8322,0.5848
2015-06-30,167.62300,73.57700,94.04600,13.55900,-52.85600,70.88200,23.16400,-3.73300,19.43100,6.09200,13.33900,13.33900,,13.33900,27.85900,23.16400,28.19600,28.41100,0.47000,0.47000,7.66640,0.36700,0.57980,56.10570,13.81910,13.81910,11.59210,7.95770,0.22510,0.83530,1.17560,76.55390,3.07450,9.99350,1.79150,1.94610,15.38770,0.5167,0.3672
2015-03-31,176.02300,77.25200,98.77100,13.83800,-52.32100,70.70600,28.06500,-3.67600,24.38900,7.60100,16.78800,16.78800,,16.78800,32.86800,28.06500,28.40200,28.62000,0.59000,0.59000,7.02150,0.32680,0.48540,56.11260,15.94390,15.94390,13.85560,9.53740,0.25070,0.93580,1.34840,66.74370,3.88190,10.76640,2.39130,2.61340,15.26990,0.95840,0.80520
2014-12-31,202.77400,91.14100,111.63300,13.23800,-53.26500,70.97800,40.65500,-3.96200,36.69300,9.75200,26.94100,26.94100,,26.94100,45.39900,40.65500,28.67100,29.07000,0.95000,0.93000,7.06670,0.33860,0.51190,55.05290,20.04940,20.04940,18.09550,13.28620,0.28300,1.00060,1.49690,60.12400,6.20130,17.09900,3.75940,4.10160,15.23930,0.9533,0.7473
2014-09-30,175.00000,76.13700,98.86300,13.40600,-49.29300,67.10300,31.76000,-3.88000,27.88000,8.35200,19.52800,19.52800,,19.52800,36.42900,31.76000,28.39700,28.80500,0.69000,0.68000,6.14240,0.33620,0.50650,56.49310,18.14860,18.14860,15.93140,11.15890,0.24830,0.80240,1.11850,80.46620,4.54720,11.86540,2.77120,3.01850,15.17130,0.7525,0.5455
2014-06-30,165.32600,71.40500,93.92100,13.61500,-48.93400,66.87400,27.04700,-3.64800,23.39900,7.38400,16.01500,16.01500,,16.01500,31.64500,27.04700,28.93800,29.34100,0.55000,0.55000,7.35290,0.31140,0.45210,56.80960,16.35980,16.35980,14.15330,9.68690,0.23800,0.92030,9.28380,9.69430,3.62040,8.54410,2.30520,2.49320,15.37940,0.7957,0.5781
2014-03-31,169.77700,73.32100,96.45600,13.32900,-48.49200,66.09300,30.36300,-1.35500,29.00800,6.05400,22.95400,22.95400,-0.27200,22.68200,34.73000,30.36300,28.95200,29.34200,0.78000,0.77000,7.55750,0.31380,0.45730,56.81340,17.88400,17.88400,17.08590,13.35990,0.24710,1.01440,1.30120,69.16680,5.24860,12.57440,3.34030,3.60160,15.10500,0.85860,0.66520
2013-12-31,185.20300,85.01100,100.19200,10.84000,-48.55900,63.41400,36.77800,-0.96300,35.81500,10.29700,25.51800,25.51800,-0.74000,24.77800,40.79300,36.77800,29.07900,29.57400,0.86000,0.84000,5.95190,0.31100,0.45940,54.09850,19.85820,19.85820,19.33820,13.37880,0.28100,1.09280,1.40390,64.10840,6.15840,15.64390,3.87240,4.24320,14.53990,1.0868,0.7963
2013-09-30,173.37900,79.40400,93.97500,12.83400,-46.64900,63.47100,30.50400,-1.05300,29.45100,6.32400,23.12700,23.12700,0.01400,23.14100,34.49200,30.50400,28.90400,29.35300,0.80000,0.79000,5.39550,0.29010,0.41720,54.20210,17.59380,17.59380,16.98650,13.34710,0.28770,0.96170,1.24860,72.08140,5.96810,14.72730,3.83750,4.23660,13.40690,1,0.739
2013-06-30,142.35400,58.20700,84.14700,12.76400,-43.30800,59.80500,24.34200,-0.58200,23.76000,8.10600,15.65400,15.65400,0.00900,15.66300,28.02800,24.34200,29.16700,29.60300,0.54000,0.53000,6.99780,0.30390,0.44550,59.11110,17.09960,17.09960,16.69080,11.00290,0.24740,0.70980,1.10720,81.28290,4.27940,10.76740,2.72030,2.97880,12.65620,0.6806,0.4873
2013-03-31,159.91200,68.65200,91.26000,13.09200,-42.80500,59.52200,31.73800,-0.57200,31.16600,10.98600,20.18000,20.18000,0.08400,20.26400,35.41000,31.73800,29.31300,29.95500,0.69000,0.68000,6.85020,0.13100,0.15890,57.06890,19.84720,19.84720,19.48950,12.67200,0.31620,1.05990,1.33060,67.63850,5.10910,8.92210,3.99030,4.43990,13.32950,0.84110,0.68400
2012-12-31,175.38500,78.67400,96.71100,13.96300,-37.87600,55.31100,41.40000,-0.72200,40.67800,13.23700,27.44100,27.44100,0.16800,27.60900,44.88900,41.40000,28.91200,29.71300,0.96000,0.92000,7.75060,0.23930,0.32370,55.14210,23.60520,23.60520,23.19360,15.74190,0.34550,1.20400,1.48210,60.72650,7.78650,14.75090,5.40500,5.92340,12.11220,1.1373,0.9541
2012-09-30,149.69500,63.75700,85.93800,12.33000,-39.88900,55.54700,30.39100,-0.41400,29.97700,10.34100,19.63600,19.63600,-0.74700,18.88900,33.72200,30.39100,28.61600,29.43000,0.66000,0.64000,5.90130,0.27490,0.38930,57.40870,20.30200,20.30200,20.02540,12.61830,0.30660,0.97050,1.21110,74.31230,6.19660,12.73320,4.02200,4.49280,11.06410,0.4996,0.2794
2012-06-30,132.38500,57.55700,74.82800,11.61200,-35.02500,49.75000,25.07800,-0.14000,24.93800,8.60500,16.33300,16.33300,0.01600,16.34900,28.19700,25.07800,28.65800,29.40400,0.57000,0.56000,5.87810,0.20360,0.26110,56.52300,18.94320,18.94320,18.83750,12.34960,0.32670,1.08640,1.30480,68.97410,5.62320,9.98620,4.03050,4.47850,10.15270,0.3926,0.2003
2012-03-31,134.62600,56.56500,78.06100,12.30600,-36.08900,51.42100,26.64000,0.00400,26.64400,9.19200,17.45200,17.45200,0.06000,17.51200,29.67600,26.64000,29.58000,30.35300,0.59000,0.58000,4.22410,0.06510,0.07490,57.98360,19.78820,19.78820,19.79110,13.00790,0.35820,1.20080,1.44530,62.27050,5.77520,9.16860,4.64370,5.39910,10.36820,0.95880,0.81950
2011-12-31,139.72600,65.42400,74.30200,11.22500,-29.29800,43.18400,31.11810,0.02600,31.14400,10.36800,20.77600,20.77600,0.67900,21.45500,33.83910,31.11800,30.70600,31.49800,0.72000,0.70000,5.94490,,,53.17690,22.27080,22.27080,22.28930,15.35510,0.39130,1.47310,1.66090,54.18900,6.58780,8.45660,5.81800,6.58780,10.48060,0.8008,0.5586
2011-09-30,132.85200,57.12600,75.72600,11.53100,-33.31300,47.65900,28.06700,0.01700,28.08400,9.83200,18.25200,18.25200,0.18100,18.43300,30.89200,28.06700,30.34800,31.19500,0.60000,0.59000,5.15190,0.00340,0.00510,57.00030,21.12650,21.12650,21.13930,13.87480,0.38930,1.04020,1.48530,60.59410,6.16860,8.03410,5.34820,6.14740,9.83990,0.6395,0.4327
2011-06-30,120.58100,51.64700,68.93400,10.97100,-31.77800,45.57000,23.36400,0.02600,23.39000,8.18600,15.20400,15.20400,0.13400,15.33800,26.18500,23.36400,31.08700,31.86900,0.49000,0.48000,6.02320,0.00350,0.00500,57.16820,19.37620,19.37620,19.39780,12.72010,0.32480,0.94530,1.31760,68.30630,4.71160,6.07740,4.09570,4.69490,10.46280,0.3292,0.0362
2011-03-31,120.83800,50.54500,70.29300,11.53200,-31.71800,45.89700,24.39600,0.07300,24.46900,8.56400,15.90500,15.90500,6.65100,22.55600,27.05500,24.39600,31.31100,32.07500,0.72000,0.70000,5.87540,0.00390,0.00530,58.17130,20.18900,20.18900,20.24940,18.66630,0.31860,1.03400,1.46990,61.23070,4.87290,6.25730,4.19340,4.85410,10.40840,0.78220,0.60440
2010-12-31,125.69800,53.10500,72.59300,11.22300,-31.21500,45.23100,27.36200,0.00800,27.37000,9.69000,17.68000,17.68000,1.87600,19.55600,30.24600,27.36200,30.26600,31.05800,0.64000,0.63000,5.92100,0.00460,0.00620,57.75190,21.76810,21.76810,21.77440,15.55790,0.36710,1.12020,1.55310,57.94890,5.93280,7.70680,5.16290,5.90530,9.56310,0.7683,0.5945
2010-09-30,106.08300,43.41600,62.66700,10.29600,-29.37500,42.17600,20.49100,-0.05200,20.43900,7.20900,13.23000,13.23000,1.00700,14.23700,23.00600,20.49100,30.25300,31.04100,0.47000,0.46000,4.90430,0.00570,0.00750,59.07360,19.31600,19.31600,19.26700,13.42060,0.35000,0.98630,1.28240,70.18330,5.08180,6.89310,4.36530,5.05260,8.59070,0.5271,0.3531
2010-06-30,95.01300,39.40500,55.60800,9.32500,-27.53000,39.41900,16.18900,-0.11400,16.07500,5.79500,10.28000,10.28000,1.50300,11.78300,18.76900,16.18900,30.12100,30.79100,0.39000,0.38000,4.52830,0.01640,0.02940,58.52670,17.03870,17.03870,16.91870,12.40150,0.33500,1.13000,1.35670,66.33800,4.27240,5.76700,3.62490,4.20240,7.98620,0.4251,0.2964
2010-03-31,94.66000,39.37300,55.28700,9.60300,-26.98200,39.10300,16.18400,-0.13600,16.04800,5.93600,10.11200,10.11200,1.97000,12.08200,18.71800,16.18400,29.98100,30.73400,0.40000,0.39000,4.34890,0.01990,0.03590,58.40590,17.09700,17.09700,16.95330,12.76360,0.34340,1.25250,1.47430,61.04710,4.37820,6.03160,3.66800,4.29130,7.67260,0.65070,0.53530
2009-12-31,101.20400,47.90900,53.29500,9.53900,-24.89900,37.05200,16.24300,-0.15600,16.08700,6.22200,9.86500,9.86500,5.13200,14.99700,19.69900,16.24300,29.55900,30.19100,0.50000,0.50000,3.87030,0.02420,0.04410,52.66100,16.04980,16.04980,15.89560,14.81860,0.39490,1.39120,1.63490,55.05080,4.64370,6.91270,3.84920,4.53140,7.11520,1.1991,1.039
2009-09-30,91.64300,38.54000,53.10300,9.05900,-25.30600,36.89900,16.20400,-0.17100,16.03300,5.95700,10.07600,10.07600,1.89800,11.97400,18.04600,16.20400,29.80100,30.32200,0.40000,0.39000,1.85720,0.02940,0.27460,57.94550,17.68170,17.68170,17.49510,13.06590,0.32900,1.00340,1.34100,67.11380,5.16520,8.02750,3.61750,5.01310,6.53940,0.4823,0.3837
2009-06-30,82.00900,33.43700,48.57200,7.59700,-23.86600,33.89900,14.67300,-0.18500,14.48800,5.34000,9.14800,9.14800,2.40200,11.55000,17.99600,14.67300,29.33800,30.11700,0.39000,0.38000,1.75560,0.03700,0.30040,59.22770,17.89190,17.89190,17.66640,14.08380,0.30870,1.08750,1.35350,66.49610,4.97990,8.53610,3.44310,4.79540,6.15980,0.4128,0.2692
2009-03-31,80.42200,30.80000,49.62200,8.08600,-24.36100,34.86900,14.75300,-0.18600,14.56700,5.36000,9.20700,9.20700,2.03600,11.24300,17.24400,14.75300,29.25800,29.90500,0.39000,0.38000,4.07160,0.24480,0.35200,61.70200,18.34450,18.34450,18.11320,13.98000,0.32810,1.18850,1.54540,58.23890,5.60530,10.22310,3.75670,4.23340,5.61400,0.72830,0.62130
