Date,revenue,gross-profit,research-development-expenses,selling-general-administrative-expenses,operating-income,total-non-operating-income-expense,pre-tax-income,income-after-taxes,income-from-continuous-operations,net-income,ebitda,ebit,basic-shares-outstanding,shares-outstanding,eps-basic-net-earnings-per-share,eps-earnings-per-share-diluted,current-ratio,gross-margin,operating-margin,ebit-margin,pre-tax-profit-margin,net-profit-margin,asset-turnover,receiveable-turnover,days-sales-in-receivables,roe,return-on-tangible-equity,roa,roi,book-value-per-share,operating-cash-flow-per-share,free-cash-flow-per-share
2024-03-31,0.02800,0.02800,27.87000,10.29400,-38.13600,5.73500,-32.40100,-32.40100,-32.40100,-32.40100,-37.72000,-38.13600,49.27200,49.27200,-0.66000,-0.66000,32.65190,100.00000,-136200.00000,-136200.00000,-115717.90000,-115717.90000,0.00000,,,-5.39510,-5.39510,-5.14400,-5.39510,11.73960,-0.59040,-0.60480
2023-12-31,-0.01800,-0.01800,26.03400,10.59900,-36.65100,4.36800,-32.28300,-32.28300,-32.28300,-32.28300,-36.02800,-36.65100,39.13000,39.13000,-0.69000,-0.69000,15.65030,100.00000,203606.50000,203606.40000,179341.00000,179341.00000,-0.00010,,,-10.48730,-10.48730,-9.49800,-10.48730,7.14630,-0.7266,-0.7449
2023-09-30,20.20400,20.20400,25.06600,9.11200,-13.97400,3.71800,-10.25600,-10.25600,-10.25600,-10.25600,-13.13000,-13.97400,42.25700,42.25700,-0.24000,-0.24000,18.07210,100.00000,-69.16450,-69.16450,-50.76220,-50.76220,0.05590,,,-3.10850,-3.10850,-2.83620,-3.10850,7.71740,0.0932,0.0881
2023-06-30,0.23900,0.23900,23.58400,8.79100,-32.13600,2.52000,-29.61600,-29.61600,-29.61600,-29.61600,-31.27700,-32.13600,38.33500,38.33500,-0.77000,-0.77000,23.11270,100.00000,-13446.03000,-13446.03000,-12391.63000,-12391.63000,0.00070,,,-9.10860,-9.10860,-8.40160,-9.10860,7.73840,-0.4507,-0.4672
2023-03-31,0.29800,0.29800,22.41200,7.99200,-30.10600,1.42400,-28.68200,-28.68200,-28.68200,-28.68200,-29.47200,-30.10600,32.72400,32.72400,-0.88000,-0.88000,18.35790,100.00000,-10102.68000,-10102.68000,-9624.83100,-9624.83100,0.00120,,,-13.12040,-13.12040,-11.75390,-13.12040,6.57720,-0.85280,-0.88370
2022-12-31,1.24800,1.24800,21.51000,8.45700,-28.71900,1.34000,-27.37900,-27.37900,-27.37900,-27.37900,-27.93600,-28.71900,32.35100,32.35100,-0.84000,-0.84000,14.01760,100.00000,-2301.20100,-2301.20100,-2193.83000,-2193.83000,0.00480,,,-11.83510,-11.83510,-10.45620,-11.83510,7.09040,-0.6888,-0.7229
2022-09-30,0.50000,0.50000,18.94000,8.05500,-26.49500,0.80400,-25.69100,-25.69100,-25.69100,-25.69100,-25.73900,-26.49500,32.38600,32.38600,-0.79000,-0.79000,17.13930,100.00000,-5299.00000,-5299.00000,-5138.20000,-5138.20000,0.00180,,,-10.21740,-10.21740,-9.17000,-10.21740,7.76250,-0.6464,-0.7066
2022-06-30,0.16200,0.16200,20.42200,8.16600,-28.42600,0.34000,-28.08600,-28.08600,-28.08600,-28.08600,-27.49100,-28.42600,32.32400,32.32400,-0.87000,-0.87000,17.20210,100.00000,-17546.91000,-17546.91000,-17337.04000,-17337.04000,0.00050,,,-10.30620,-10.30620,-9.27130,-10.30620,8.41700,-0.6137,-0.677
2022-03-31,1.21900,1.21900,19.38100,8.23000,-26.39200,0.05400,-26.33800,-26.33800,-26.33800,-26.33800,-25.40400,-26.39200,32.23200,32.23200,-0.82000,-0.82000,20.10150,100.00000,-2165.05300,-2165.05300,-2160.62300,-2160.62300,0.00380,,,-8.89630,-8.89630,-8.10580,-8.89630,9.17600,-0.73060,-0.92960
2021-12-31,0.09200,0.09200,17.52800,7.32800,-24.76400,-0.31900,-25.08300,-25.08300,-25.08300,-25.08300,-23.65500,-24.76400,27.73000,27.73000,-0.86000,-0.86000,15.68610,100.00000,-26917.11000,-26917.11000,-27263.85000,-27263.85000,0.00030,1.95750,45.97780,-7.86040,-7.86040,-7.09590,-7.86040,9.90250,-0.7427,-0.9227
2021-09-30,1.36600,1.36600,15.84000,8.18700,-22.66100,0.42200,-22.23900,-22.23900,-22.23900,-22.23900,-22.28100,-22.66100,27.02200,27.02200,-0.82000,-0.82000,14.57250,100.00000,-1658.93100,-1658.93100,-1628.03800,-1628.03800,0.00570,1.72690,52.11570,-9.92220,-9.92220,-9.24250,-9.92220,8.25050,-0.5695,-0.6664
2021-06-30,14.58000,14.58000,15.22300,6.95300,-7.59600,0.00700,-7.58900,-7.58900,-7.58900,-7.58900,-7.22600,-7.59600,26.73900,26.73900,-0.28000,-0.28000,25.20280,100.00000,-52.09880,-52.09880,-52.05080,-52.05080,0.05720,11.97040,7.51850,-3.15360,-3.15360,-2.97680,-3.15360,8.94860,-0.605,-0.6325
2021-03-31,2.00000,2.00000,12.76900,5.54300,-16.31200,-0.09400,-16.40600,-16.40600,-16.40600,-16.40600,-15.92900,-16.31200,26.69000,26.69000,-0.61000,-0.61000,19.00700,100.00000,-815.60000,-815.60000,-820.30000,-820.30000,0.00740,2.07250,43.42500,-6.76730,-6.76730,-6.07370,-6.76730,9.08190,-0.57590,-0.60000
2020-12-31,-0.97700,-0.97700,12.60500,6.84000,-20.42200,-0.12500,-20.54700,-20.54700,-20.54700,-20.54700,-20.05100,-20.42200,6.43100,6.43100,-1.85000,-1.85000,16.88100,-454.86180,2090.27600,2090.27600,2103.07100,2103.07100,-0.00340,-0.65750,-136.88840,-8.01410,-8.01410,-7.12620,-8.01410,9.60900,-1.4887,-1.5496
2020-09-30,7.42100,7.42100,11.55500,3.68200,-7.81600,-0.01700,-7.83300,-7.83300,-7.83300,-7.83300,-7.44700,-7.81600,5.19800,5.19800,-1.51000,-1.51000,,100.00000,-105.32270,-105.32270,-105.55180,-105.55180,,,,,,,,,-2.562,-2.4943
2020-06-30,3.63300,3.63300,15.72000,3.06200,-15.14900,-0.00400,-15.15300,-15.15300,-15.15300,-15.15300,-14.79000,-15.14900,5.18400,5.18400,-2.92000,-2.92000,,100.00000,-416.98320,-416.98320,-417.09330,-417.09330,,,,,,,,,-1.19,-1.2132
2020-03-31,3.53500,3.53500,13.15800,3.65400,-13.27700,0.11700,-13.16000,-13.16000,-13.16000,-13.16000,-12.93300,-13.27700,5.18400,5.18400,-2.54000,-2.54000,,100.00000,-375.58700,-375.58700,-372.27720,-372.27720,,,,,,,,,-2.67550,-2.81460
2019-12-31,,,,,,,,,,,,,,,,0.00000,,,,,,,,,,,,,,,0,0
