Date,revenue,cost-goods-sold,gross-profit,selling-general-administrative-expenses,other-operating-income-expenses,operating-expenses,operating-income,total-non-operating-income-expense,pre-tax-income,total-provision-income-taxes,income-after-taxes,income-from-continuous-operations,net-income,ebitda,ebit,basic-shares-outstanding,shares-outstanding,eps-basic-net-earnings-per-share,eps-earnings-per-share-diluted,current-ratio,long-term-debt-capital,debt-equity-ratio,gross-margin,operating-margin,ebit-margin,pre-tax-profit-margin,net-profit-margin,asset-turnover,receiveable-turnover,days-sales-in-receivables,roe,return-on-tangible-equity,roa,roi,book-value-per-share,operating-cash-flow-per-share,free-cash-flow-per-share
2024-02-29,545.94500,255.14200,290.80300,108.80700,-0.05400,108.86100,181.94200,-13.29700,168.64500,27.70500,140.94000,140.94000,140.94000,221.16900,181.94200,38.10300,38.65000,3.70000,3.65000,1.79010,0.45260,0.82670,53.26600,33.32610,33.32610,30.89050,25.81580,0.13680,2.00580,44.86890,7.82240,-13.26200,3.53160,4.28230,47.26160,3.7198,3.1528
2023-11-30,542.21600,251.62100,290.59500,100.71100,-0.84400,101.55500,189.04000,-13.84400,175.19600,26.64100,148.55500,148.55500,148.55500,223.72600,189.04000,38.01600,38.64300,3.91000,3.84000,1.67970,0.47700,0.91200,53.59400,34.86430,34.86430,32.31110,27.39780,0.13720,2.21030,40.71920,8.73470,-12.88890,3.75970,4.56830,44.68580,4.01480,3.58870
2023-08-31,535.79710,263.68800,272.10910,131.22700,-24.77900,156.00600,116.10310,-8.79400,107.30900,42.19000,65.11900,65.11900,65.11900,145.90510,116.10300,38.19400,38.89800,1.71000,1.68000,1.59040,0.49890,0.99550,50.78580,21.66920,21.66920,20.02790,12.15370,0.13520,2.25440,39.92160,4.01990,-5.23460,1.64320,2.01440,42.60170,4.0066,4.0223
2023-05-31,529.81100,241.68900,288.12200,115.72500,-0.43800,116.16300,171.95900,-9.96100,161.99800,27.33500,134.66300,134.66300,134.66300,208.08100,171.95900,38.27800,38.91200,3.52000,3.46000,2.10580,0.50080,1.00320,54.38200,32.45670,32.45670,30.57660,25.41720,0.13250,2.22800,40.39450,8.06930,-11.48440,3.36830,4.02820,43.68100,5.6298,4.96
2023-02-28,515.08500,240.80600,274.27900,104.58200,-0.44700,105.02900,169.25000,-12.48800,156.76200,25.16900,131.59300,131.59300,131.59300,205.36000,169.25000,38.28100,38.98100,3.44000,3.38000,2.09020,0.51920,1.07990,53.24930,32.85870,32.85870,30.43420,25.54780,0.12870,2.00100,44.97650,8.18800,-10.61250,3.28890,3.93670,41.94690,4.2199,3.7728
2022-11-30,504.81500,227.04200,277.77300,105.59600,-0.28200,105.87800,171.89500,-14.01000,157.88500,21.08700,136.79800,136.79800,136.79800,207.58900,171.89500,38.12200,38.91400,3.59000,3.52000,2.15930,0.55770,1.26120,55.02470,34.05110,34.05110,31.27580,27.09860,0.12690,2.21910,40.55750,9.27990,-9.88640,3.43930,4.10410,38.57560,2.74030,2.27880
2022-08-31,499.29700,241.94400,257.35290,123.84700,-1.28700,125.13400,132.21890,-15.79100,116.42800,12.00600,104.42200,104.42200,104.42200,168.82190,132.21890,37.86400,38.73600,2.74000,2.69000,1.98580,0.59820,1.48900,51.54310,26.48100,26.48100,23.31840,20.91380,0.12440,2.44630,36.79010,7.84300,-6.82340,2.60120,3.15110,34.99650,3.9031,3.511
2022-05-31,488.75100,222.61800,266.13300,119.88100,-48.99800,168.87900,97.25400,-11.97400,85.28000,10.37000,74.91000,74.91000,74.91000,135.36700,97.25400,37.93400,38.72000,1.97000,1.93000,2.11640,0.62410,1.66060,54.45170,19.89850,19.89850,17.44860,15.32680,0.12010,2.15800,41.70620,5.90900,-4.61300,1.84120,2.22100,33.38660,4.9633,4.5649
2022-02-28,431.11900,199.41300,231.70600,98.06600,-10.29200,108.35800,123.34800,-1.39200,121.95600,12.01800,109.93800,109.93800,109.93800,150.02200,123.34800,37.83700,38.76100,2.91000,2.84000,3.71940,0.32090,0.47260,53.74530,28.61110,28.61110,28.28830,25.50060,0.18160,2.28940,39.31100,9.04110,37.29660,4.63060,6.13970,32.09750,3.1425,2.8346
2021-11-30,424.72500,207.13100,217.59400,91.23800,-3.69500,94.93300,122.66100,-2.73100,119.93000,12.28300,107.64700,107.64700,107.64700,150.98600,122.66100,37.67800,38.64100,2.86000,2.79000,3.48020,0.34330,0.52290,51.23170,28.88010,28.88010,28.23710,25.34510,0.18840,2.69860,33.35120,9.79590,60.97010,4.77510,6.43250,29.09290,1.88710,1.66490
2021-08-31,411.89300,197.53200,214.36100,95.18600,,95.18610,119.17490,-0.73200,118.44300,17.38100,101.06200,101.06200,101.06200,146.07090,119.17490,37.85600,38.57000,2.69000,2.62000,2.95710,0.36110,0.56530,52.04290,28.93350,28.93350,28.75580,24.53600,0.18510,2.72440,33.03490,9.94360,79.47510,4.54220,6.35260,27.01990,4.7754,4.4174
2021-05-31,399.55800,205.25700,194.30100,76.59900,0.00000,76.59900,117.70200,-3.42600,114.27600,13.59700,100.67900,100.67900,100.67900,145.64900,117.70200,37.80600,38.48800,2.66000,2.62000,3.27500,0.35780,0.55710,48.62900,29.45810,29.45810,28.60060,25.19760,0.18010,2.48060,36.28150,9.76240,66.72690,4.53830,6.26980,27.30400,3.6661,3.1787
2021-02-28,391.78800,195.52300,196.26500,80.13200,,80.13200,116.13300,-1.46700,114.66600,18.02300,96.64300,96.64300,96.64300,142.62500,116.13300,37.91600,38.62000,2.55000,2.50000,3.19830,0.36940,0.58580,50.09470,29.64180,29.64180,29.26740,24.66720,0.18110,2.28350,39.41330,9.85680,93.34770,4.46700,6.21550,25.90750,3.6467,3.3759
2020-11-30,388.20600,188.08800,200.11800,79.08700,,79.08700,121.03100,-0.79900,120.23200,19.02600,101.20600,101.20600,101.20600,147.01800,121.03100,38.00700,38.69700,2.66000,2.62000,3.52850,0.37660,0.60420,51.54940,31.17700,31.17700,30.97120,26.07020,0.18490,2.48500,36.21690,10.62450,127.94370,4.82070,6.62310,25.06240,2.30710,1.83330
2020-08-31,383.58990,183.56800,200.02200,84.94500,,101.44490,98.57700,-2.43300,96.14400,7.06500,89.07900,89.07900,89.07900,125.62000,98.57700,37.93600,38.64600,2.35000,2.29000,3.04720,0.39050,0.64080,52.14470,25.69850,25.69860,25.06430,23.22250,0.18410,2.47460,36.36950,9.93770,135.83870,4.27570,6.05680,23.57020,4.0869,3.7126
2020-05-31,374.08300,170.70300,203.38000,81.74000,,81.74000,121.64000,-2.50000,119.14000,17.92400,101.21600,101.21600,101.21600,146.59000,121.64000,37.88500,38.48100,2.67000,2.63000,2.86470,0.42000,0.72430,54.36760,32.51690,32.51690,31.84860,27.05710,0.19210,2.47090,36.42460,12.76440,-445.23760,5.19670,7.40280,20.91850,3.9353,3.6459
2020-02-29,369.78000,176.21800,193.56200,87.30500,,87.30500,106.25700,-3.14800,103.10900,14.42300,88.68600,88.68600,88.68600,129.97300,106.25700,37.87500,38.57600,2.34000,2.30000,2.63030,0.44480,0.80120,52.34520,28.73520,28.73520,27.88390,23.98350,0.20220,2.19930,40.92300,12.37320,-86.84490,4.85000,6.86940,18.93740,2.5844,1.933
2019-11-30,366.65800,164.95700,201.70100,88.51500,,88.51500,113.18600,-4.44500,108.74100,14.78400,93.95700,93.95700,93.95700,138.27600,113.18600,37.97800,38.58700,2.47000,2.43000,2.63050,0.45350,0.82990,55.01070,30.86960,30.86960,29.65730,25.62520,0.20810,2.52110,35.69830,13.58000,-71.65620,5.33170,7.42100,18.25340,2.48250,1.78850
2019-08-31,364.28300,167.73000,196.55300,84.98500,,84.98500,111.56800,-3.27900,108.28900,16.76200,91.52700,91.52700,91.52700,128.08800,111.56800,38.14400,38.87300,2.40000,2.35000,2.66670,0.46070,0.85410,53.95620,30.62670,30.62670,29.72660,25.12530,0.23350,2.48980,36.14720,13.61490,-66.36190,5.86660,7.34310,17.63620,3.1578,2.4744
2019-05-31,364.53300,163.83200,200.70100,83.46100,,83.46100,117.24000,-3.85600,113.38400,21.11900,92.26500,92.26500,92.26500,132.13100,117.24000,38.22300,38.99300,2.41000,2.37000,2.86740,0.46730,0.87730,55.05700,32.16170,32.16170,31.10390,25.31050,0.24110,2.37540,37.88820,14.09900,-55.66450,6.10260,7.51010,17.12310,4.0612,3.7736
2019-02-28,354.89500,165.10800,189.78700,81.09900,,81.09900,108.68800,-4.33900,104.34900,19.64700,84.70200,84.70200,84.70200,123.49900,108.68800,38.05500,38.61900,2.23000,2.19000,2.45480,0.48950,0.95880,53.47690,30.62540,30.62540,29.40280,23.86680,0.24230,2.01240,44.72320,14.12830,-35.75180,5.78170,7.21260,15.73550,2.5755,2.2646
2018-11-30,351.64000,166.77600,184.86400,84.32500,,84.32500,100.53900,-4.59600,95.94300,11.64700,84.29600,84.29600,84.29600,114.78000,100.53900,38.10600,38.80900,2.21000,2.17000,2.48970,0.51510,1.06210,52.57200,28.59150,28.59150,27.28440,23.97220,0.25740,2.19930,40.92280,15.57550,-28.60160,6.17130,7.55330,14.21210,1.19350,0.94810
2018-08-31,345.86210,169.46700,176.39500,88.03900,,88.03900,88.35600,-4.42100,83.93500,15.11200,68.82300,68.82300,68.82300,102.79300,88.35600,38.73300,39.37700,1.80000,1.77000,1.94870,0.52220,1.09290,51.00150,25.54660,25.54660,24.26840,19.89900,0.24370,2.20800,40.76050,13.08670,-21.18490,4.84860,6.25280,13.76950,2.6506,2.2693
2018-05-31,339.91100,165.07300,174.83800,81.57300,,81.57300,93.26500,-3.75400,89.51100,14.76500,74.74600,74.74600,74.74600,107.74100,93.26500,38.59400,39.10400,1.94000,1.91000,2.17200,0.51770,1.07360,51.43640,27.43810,27.43810,26.33370,21.98990,0.24160,2.34010,38.45990,13.96250,-22.98110,5.31180,6.73340,13.94640,3.2865,3.1272
2018-02-28,335.23100,163.23200,171.99900,76.51400,,76.51400,95.48500,-3.27200,92.21300,39.07600,53.13700,53.13700,53.13700,109.57100,95.48500,38.99100,39.84600,1.36000,1.33000,2.53130,0.48420,0.93890,51.30760,28.48330,28.48330,27.50730,15.85090,0.22770,2.02570,44.43020,8.68120,-19.71620,3.60860,4.47740,15.72410,2.3162,2.1546
2017-11-30,329.14100,161.52400,167.61700,78.51900,,78.51900,89.09800,-2.91900,86.17900,15.80000,70.37900,70.37900,70.37900,103.38400,89.09800,39.08500,39.68000,1.80000,1.77000,2.64240,0.48170,0.92960,50.92560,27.06990,27.06990,26.18300,21.38260,0.23010,2.27230,39.60710,11.38420,-26.74660,4.91950,5.89990,15.80710,1.54090,1.39190
2017-08-31,326.64200,161.26900,165.37290,82.94500,,82.94500,82.42790,-2.65500,79.77300,20.22100,59.55200,59.55200,59.55200,96.95190,82.42800,39.44400,39.64200,1.53000,1.51000,2.03530,0.50670,1.02740,50.62820,25.23500,25.23500,24.42220,18.23160,0.23110,2.20210,40.86980,10.64020,-18.52820,4.21360,5.24830,14.34260,2.5019,2.2306
2017-05-31,312.12000,146.42600,165.69400,78.05200,,78.05200,87.64200,-2.41300,85.22900,19.81500,65.41400,65.41400,65.41400,100.76300,87.64200,39.31700,39.45700,1.66000,1.66000,2.04900,0.52150,1.08990,53.08660,28.07960,28.07960,27.30650,20.95800,0.22980,2.11670,42.51880,12.39950,-19.03520,4.81690,5.93300,13.45870,2.358,2.154
2017-02-28,294.35400,131.63500,162.71900,70.97300,,70.97300,91.74600,-2.25600,89.49000,22.78000,66.71000,66.71000,66.71000,102.37900,91.74600,39.48900,39.70000,1.69000,1.68000,2.21840,0.42530,0.74000,55.28000,31.16860,31.16860,30.40220,22.66320,0.27720,2.25000,40.00030,13.52510,-56.39200,6.28260,7.77300,12.51250,1.951,1.8091
2016-11-30,288.06300,127.25000,160.81300,70.49400,,70.49400,90.31900,-0.49900,89.82000,23.23700,66.58300,66.58300,66.58300,100.33500,90.31900,39.82700,40.10000,1.67000,1.66000,2.38340,0.42350,0.73470,55.82560,31.35390,31.35390,31.18070,23.11400,0.27540,2.62640,34.26750,13.40280,-55.52980,6.36450,7.72620,12.51220,1.27460,0.96200
2016-08-31,287.29100,124.16000,163.13100,75.39700,,75.39700,87.73400,112.08100,199.81500,55.50900,144.30600,144.30600,144.30600,97.56400,87.73400,40.88000,41.36500,3.55000,3.51000,2.33410,0.36700,0.57980,56.78250,30.53840,30.53840,69.55140,50.22990,0.28190,2.93760,30.63700,27.89160,-502.89580,14.15930,17.65470,12.92230,1.6661,1.3538
2016-05-31,287.50100,124.60200,162.89900,73.60900,,73.60900,89.29000,-0.43300,88.85700,22.07600,66.78100,66.78100,66.78100,99.25200,89.29000,40.77900,41.18900,1.64000,1.62000,2.47590,0.35560,0.55180,56.66030,31.05730,31.05730,30.90670,23.22810,0.27670,2.74680,32.76490,12.28370,-453.86060,6.42760,7.91570,13.37210,2.3854,2.1801
2016-02-29,281.79600,123.91100,157.88500,72.54100,,72.54100,85.34400,-0.42400,84.92000,17.15700,67.76300,67.76300,67.76300,95.16700,85.34400,41.11700,41.53600,1.65000,1.63000,2.33750,0.35670,0.55450,56.02810,30.28570,30.28570,30.13530,24.04680,0.27580,2.66030,33.83130,12.52420,-123.12700,6.63230,8.05690,13.19620,2.2638,1.9693
2015-11-30,270.50400,114.73600,155.76800,68.46000,,68.46000,87.30800,0.09300,87.40100,27.43600,59.96500,59.96500,59.96500,95.74500,87.30800,41.38700,42.06300,1.45000,1.43000,2.49240,0.34970,0.53790,57.58440,32.27610,32.27610,32.31040,22.16790,0.26580,2.74260,32.81540,10.75090,-113.56800,5.89230,6.99080,13.47820,1.69000,1.34800
2015-08-31,261.77800,107.59400,154.18400,68.53000,,68.53000,85.65400,0.39000,86.04400,23.86000,62.18400,62.18400,62.18400,92.77400,85.65400,41.57200,42.23500,1.50000,1.48000,2.17610,0.06180,0.06580,58.89880,32.72010,32.72010,32.86910,23.75450,0.35540,2.75370,32.68330,11.69790,33.93490,8.44120,10.97530,12.86600,1.9871,1.743
2015-05-31,254.52200,100.68600,153.83600,68.48000,,68.48000,85.35600,0.48200,85.83800,24.42900,61.40900,61.40900,61.40900,93.36300,85.35600,41.62800,42.29700,1.48000,1.45000,2.25590,0.06170,0.06570,60.44110,33.53580,33.53580,33.72520,24.12720,0.34960,2.77080,32.48210,11.53490,33.45030,8.43440,10.82340,12.81870,2.4145,2.3287
2015-02-28,247.79200,99.51600,148.27600,67.62800,,67.62800,80.64800,0.53400,81.18200,19.58400,61.59800,61.59800,61.59800,88.65400,80.64800,41.63000,42.30600,1.48000,1.46000,2.31660,0.06200,0.06620,59.83890,32.54670,32.54670,32.76220,24.85880,0.34920,2.47700,36.33460,11.64240,34.24430,8.68100,10.92000,12.70920,1.1731,1.0087
2014-11-30,242.67600,97.54300,145.13300,64.87300,,64.87300,80.26000,0.43000,80.69000,24.83000,55.86000,55.86000,55.86000,88.47600,80.26000,41.68300,42.34000,1.34000,1.32000,2.03810,,,59.80530,33.07290,33.07290,33.25010,23.01840,0.37540,2.74360,32.80410,11.13560,30.33610,8.64070,11.13560,12.06460,1.68090,1.56720
2014-08-31,238.66500,92.52100,146.14400,66.75600,,66.75600,79.38810,0.22600,79.61400,24.20700,55.40700,55.40700,55.40700,87.97110,79.38810,42.43600,42.97000,1.32000,1.30000,1.96220,,,61.23390,33.26340,33.26340,33.35800,23.21540,0.35990,2.64140,34.07230,10.84110,30.17500,8.35430,10.84110,12.22890,1.6217,1.4835
2014-05-31,231.76100,90.66100,141.10000,68.06300,,68.06300,73.03700,0.33400,73.37100,21.83900,51.53200,51.53200,51.53200,81.44700,73.03700,42.16600,42.61500,1.22000,1.21000,2.01430,,,60.88170,31.51390,31.51390,31.65800,22.23500,0.35130,2.69270,33.42330,10.00100,28.10150,7.81220,10.00100,12.26360,2.2556,2.1672
2014-02-28,226.93400,87.25400,139.68000,64.62600,,64.62600,75.05400,0.34400,75.39800,22.97200,52.42600,52.42600,52.42600,83.73300,75.05400,42.54700,43.10700,1.23000,1.22000,2.12310,,,61.55090,33.07310,33.07310,33.22460,23.10190,0.34700,2.32600,38.69300,10.12760,28.69210,8.01660,10.12760,12.21980,0.9621,0.9
2013-11-30,222.97500,83.25000,139.72500,64.98500,,64.98500,74.74000,0.34100,75.08100,22.90300,52.17800,52.17800,52.17800,83.50300,74.74000,43.13400,43.77300,1.21000,1.19000,2.87550,,,62.66400,33.51950,33.51950,33.67240,23.40080,0.33220,2.92050,30.81660,9.54550,21.11950,7.77430,9.54550,12.71570,1.32820,1.20400
2013-08-31,219.33100,80.23000,139.10100,68.56800,,68.56800,70.53300,0.34500,70.87800,19.91600,50.96200,50.96200,50.96200,79.37100,70.53300,43.89000,44.62400,1.18000,1.14000,2.68940,,,63.42060,32.15830,32.15830,32.31550,23.23520,0.31780,2.99260,30.07370,9.40640,19.52690,7.38370,9.40640,12.50530,1.6937,1.5774
2013-05-31,214.61300,76.72100,137.89200,66.25500,,66.25500,71.63700,0.36100,71.99800,18.63100,53.36700,53.36700,53.36700,80.56800,71.63700,43.95400,44.48500,1.21000,1.20000,3.42460,,,64.25150,33.37960,33.37960,33.54780,24.86660,0.29190,3.10390,28.99580,8.84600,16.53060,7.25760,8.84600,13.69930,2.1698,2.0754
2013-02-28,213.08300,75.84200,137.24100,81.07700,,81.07700,56.16400,0.35700,56.52100,11.98200,44.53900,44.53900,44.53900,65.25700,56.16400,43.81300,44.45500,1.02000,1.00000,3.00130,,,64.40730,26.35780,26.35780,26.52530,20.90220,0.31800,2.48460,36.22380,8.13970,16.84550,6.64780,8.13970,12.55610,1.0572,0.9884
2012-11-30,211.08500,73.58600,137.49900,66.41400,,66.41400,71.08500,0.42800,71.51300,21.74400,49.76900,49.76900,49.76900,80.00200,71.08500,44.31600,44.98400,1.12000,1.11000,3.35710,,,65.13920,33.67600,33.67600,33.87880,23.57770,0.29650,2.67550,33.63830,8.48560,16.70520,6.99140,8.48560,13.22700,1.12560,0.99010
2012-08-31,207.66310,72.29500,135.36810,64.74200,,64.74200,70.62610,0.45900,71.08500,22.54600,48.53900,48.53900,48.53900,79.35910,70.62610,44.78400,45.81000,1.10000,1.06000,2.64300,,,65.18640,34.01000,34.00990,34.23090,23.37390,0.29920,2.79680,32.18000,8.78910,18.44870,6.99270,8.78910,12.47240,1.2396,1.1167
2012-05-31,202.31100,68.87800,133.43300,64.93900,,64.93900,68.49400,0.48300,68.97700,20.99700,47.98000,47.98000,47.98000,76.84800,68.49400,44.79100,45.73600,1.07000,1.05000,3.09530,,,65.95440,33.85580,33.85580,34.09450,23.71600,0.29130,3.03920,29.61340,8.56200,15.97570,6.90840,8.56200,12.50440,1.6699,1.534
2012-02-29,199.37100,67.53100,131.84000,64.72300,,64.72300,67.11700,0.49600,67.61300,20.86700,46.74600,46.74600,46.74600,75.40600,67.11700,44.88000,45.70700,1.04000,1.02000,3.22000,,,66.12800,33.66440,33.66440,33.91320,23.44670,0.30030,2.79000,32.25800,8.59260,16.85880,7.04190,8.59260,12.15400,0.9665,0.865
2011-11-30,196.44800,66.83300,129.61500,62.86200,,62.86200,66.75300,0.27700,67.03000,21.48600,45.54400,45.54400,45.54400,75.15600,66.75300,45.10700,46.10300,1.01000,0.99000,3.01800,,,65.97930,33.98000,33.98000,34.12100,23.18370,0.29610,3.03010,29.70240,8.49120,16.96160,6.86410,8.49120,11.88910,1.18760,1.05630
2011-08-31,191.93900,65.47700,126.46200,67.47200,,67.47200,58.99000,0.19400,59.18400,18.30400,40.88000,40.88000,40.88000,67.88700,58.99000,45.95300,47.35500,0.90000,0.86000,2.49650,,,65.88650,30.73370,30.73370,30.83480,21.29840,0.29190,2.55910,35.16930,7.93500,16.98990,6.21810,7.93500,11.43470,1.4688,1.3329
2011-05-31,183.64700,62.22400,121.42300,59.60000,,59.60000,61.82300,0.17200,61.99500,18.68400,43.31100,43.31100,43.31100,71.01500,61.82300,45.96900,47.15400,0.94000,0.92000,3.06850,,,66.11760,33.66400,33.66400,33.75770,23.58380,0.26820,2.71920,33.09790,7.81170,15.61880,6.32620,7.81170,12.09770,1.377,1.2187
2011-02-28,177.63500,60.13700,117.49800,59.40500,,59.40500,58.09300,0.13200,58.22500,12.97100,45.25400,45.25400,45.25400,67.45900,58.09300,46.22600,47.42700,0.98000,0.95000,3.26790,,,66.14580,32.70360,32.70360,32.77790,25.47580,0.26010,2.51960,35.71980,8.10730,16.08840,6.62510,8.10730,12.09770,1.0611,0.9046
2010-11-30,173.28900,56.78500,116.50400,57.07500,,57.07500,59.42900,0.12500,59.55400,17.95300,41.60100,41.60100,41.60100,68.82100,59.42900,46.28300,47.48700,0.90000,0.88000,3.26150,,,67.23100,34.29470,34.29470,34.36690,24.00670,0.26280,2.71320,33.17120,7.66760,15.47820,6.30890,7.66760,11.70640,0.46720,0.29830
2010-08-31,168.23400,53.91800,114.31600,56.88600,,56.88600,57.43000,0.07200,57.50200,18.21100,39.29100,39.29100,39.29100,67.34900,57.43000,46.69800,48.00400,0.85000,0.83000,2.42640,,,67.95060,34.13700,34.13700,34.17980,23.35500,0.26100,2.81830,31.93390,7.82060,17.21510,6.09530,7.82060,10.91620,1.4463,1.3002
2010-05-31,160.30100,51.35500,108.94600,53.26200,,53.26200,55.68400,0.08600,55.77000,17.11200,38.65800,38.65800,38.65800,64.89700,55.68400,46.54400,47.72500,0.83000,0.81000,3.46710,,,67.96340,34.73710,34.73710,34.79080,24.11590,0.26510,2.74040,32.84170,7.93130,13.83530,6.39280,7.93130,10.52130,1.4917,1.3935
2010-02-28,157.28100,50.87000,106.41100,51.93800,,51.93800,54.47300,0.15100,54.62400,18.50500,36.11900,36.11900,36.11900,63.53500,54.47300,46.91700,48.06600,0.77000,0.75000,3.70940,,,67.65660,34.63420,34.63420,34.73020,22.96460,0.25640,2.30640,39.02170,7.19990,12.68130,5.88810,7.19990,10.75350,0.9428,0.8924
2009-11-30,155.24300,50.40700,104.83600,50.78900,,50.78900,54.04700,0.23800,54.28500,18.14200,36.14300,36.14300,36.14300,63.19600,54.04700,47.15600,48.87600,0.77000,0.74000,4.17280,,,67.53030,34.81450,34.81450,34.96780,23.28160,0.24630,2.57410,34.96390,6.87240,12.13970,5.73470,6.87240,11.16190,0.51630,0.37840
2009-08-31,155.46200,52.64800,102.81400,48.45600,,48.45600,54.35800,0.09600,54.45400,18.18000,36.27400,36.27400,36.27400,63.12800,54.35800,47.15800,48.78900,0.76000,0.74000,3.01330,,,66.13450,34.96550,34.96550,35.02720,23.33300,0.24520,2.47340,36.38740,7.24280,13.28120,5.72190,7.24280,10.71520,1.342,1.2376
2009-05-31,154.38700,50.84700,103.54000,50.23400,,50.23400,53.30600,0.18100,53.48700,14.95100,38.53600,38.53600,38.53600,61.87200,53.30600,47.12000,48.83600,0.82000,0.79000,3.26020,,,67.06520,34.52750,34.52750,34.64480,24.96070,0.25160,2.18740,41.14410,7.77650,14.41980,6.28020,7.77650,10.51000,1.3615,1.2985
2009-02-28,156.54200,52.53700,104.00500,51.96900,,51.96900,52.03600,0.19700,52.23300,17.67800,34.55500,34.55500,34.55500,60.58200,52.03600,47.00000,48.50000,0.74000,0.71000,2.85810,,,66.43900,33.24090,33.24090,33.36680,22.07400,0.28400,1.91790,46.92600,7.78780,15.25430,6.26830,7.78780,9.45510,1.555,1.2297
