Date,revenue,cost-goods-sold,gross-profit,selling-general-administrative-expenses,other-operating-income-expenses,operating-expenses,operating-income,total-non-operating-income-expense,pre-tax-income,total-provision-income-taxes,income-after-taxes,income-from-continuous-operations,net-income,ebitda,ebit,basic-shares-outstanding,shares-outstanding,eps-basic-net-earnings-per-share,eps-earnings-per-share-diluted,current-ratio,long-term-debt-capital,debt-equity-ratio,gross-margin,operating-margin,ebit-margin,pre-tax-profit-margin,net-profit-margin,asset-turnover,inventory-turnover,receiveable-turnover,days-sales-in-receivables,roe,return-on-tangible-equity,roa,roi,book-value-per-share,operating-cash-flow-per-share,free-cash-flow-per-share
2024-02-29,21738.00000,6485.00000,15253.00000,7693.00000,-3986.00000,14010.00000,1243.00000,-60.00000,1183.00000,304.00000,879.00000,879.00000,879.00000,2315.00000,1243.00000,247.00000,250.00000,3.55000,3.51000,1.30930,0.43280,0.76550,70.16750,5.71810,5.71810,5.44210,4.04360,0.25240,10.13280,2.19490,41.00470,3.33270,4.40600,1.02070,1.89040,107.18020,6.6299,1.1218
2023-11-30,22165.00000,6723.00000,15442.00000,7833.00000,-4010.00000,14166.00000,1276.00000,-74.00000,1202.00000,302.00000,900.00000,900.00000,900.00000,2316.00000,1276.00000,250.00000,253.00000,3.59000,3.55000,1.34170,0.43000,0.76690,69.66840,5.75680,5.75680,5.42300,4.06050,0.25170,10.63770,2.07830,43.30480,3.36250,4.43390,1.02210,1.91660,107.10980,7.0466,2.0662
2023-08-31,21681.00000,6137.00000,15544.00000,7785.00000,-3947.00000,14059.00000,1485.00000,-62.00000,1423.00000,345.00000,1078.00000,1078.00000,1078.00000,2556.00000,1485.00000,251.00000,254.00000,4.28000,4.23000,1.36750,0.43160,0.77240,71.69410,6.84930,6.84930,6.56340,4.97210,0.24760,9.72580,2.12410,42.37030,4.06270,5.36000,1.23090,2.30940,105.53660,8.77950,3.74800
2023-05-31,21930.00000,6100.00000,15830.00000,7551.00000,-4293.00000,14327.00000,1503.00000,625.00000,2128.00000,590.00000,1538.00000,1538.00000,1538.00000,2695.00000,1503.00000,254.00000,256.00000,6.08000,6.03000,1.36980,0.43950,0.78880,72.18420,6.85360,6.85360,9.70360,7.01320,0.25170,10.09930,2.15250,41.81120,5.89540,7.82580,1.76490,3.30460,103.85890,13.2147,6.6113
2023-02-28,22169.00000,6752.00000,15417.00000,7817.00000,-4199.00000,14375.00000,1042.00000,-20.00000,1022.00000,251.00000,771.00000,771.00000,771.00000,2073.00000,1042.00000,251.00000,253.00000,3.07000,3.05000,1.32140,0.44860,0.81950,69.54310,4.70030,4.70030,4.61000,3.47780,0.25850,10.70050,2.06780,43.52430,3.11730,4.21820,0.89890,1.71890,98.39990,9.1408,4.1504
2022-11-30,22814.00000,7258.00000,15556.00000,7792.00000,-4311.00000,14380.00000,1176.00000,-117.00000,1059.00000,271.00000,788.00000,788.00000,788.00000,2222.00000,1176.00000,255.00000,256.00000,3.08000,3.07000,1.29760,0.45430,0.83960,68.18620,5.15470,5.15470,4.64190,3.45400,0.26650,11.08090,1.95930,45.93500,3.26770,4.44240,0.92070,1.78320,95.54390,6.0734,-1.2593
2022-08-31,23242.00000,7589.00000,15653.00000,7859.00000,-4382.00000,14462.00000,1191.00000,-37.00000,1154.00000,279.00000,875.00000,875.00000,875.00000,2215.00000,1191.00000,259.00000,262.00000,3.37000,3.33000,1.42430,0.44210,0.79780,67.34790,5.12430,5.12430,4.96510,3.76470,0.27080,11.72950,2.10240,42.80830,3.48050,4.64830,1.01950,1.94190,96.61060,6.13360,1.27100
2022-05-31,24394.00000,7706.00000,16688.00000,7903.00000,-4606.00000,14764.00000,1924.00000,-1240.00000,684.00000,126.00000,558.00000,558.00000,558.00000,2942.00000,1924.00000,263.00000,266.00000,2.17000,2.16000,1.42670,0.44730,0.81250,68.41030,7.88720,7.88720,2.80400,2.28740,0.28370,12.09730,2.05630,43.76770,2.23750,3.03340,0.64890,1.23670,95.97610,13.0756,4.2608
2022-02-28,23641.00000,7473.00000,16168.00000,8244.00000,-4280.00000,14842.00000,1326.00000,49.00000,1375.00000,263.00000,1112.00000,1112.00000,1112.00000,2312.00000,1326.00000,261.00000,265.00000,4.26000,4.20000,1.39140,0.45400,0.83620,68.38970,5.60890,5.60890,5.81620,4.70370,0.28110,12.23080,2.02610,44.41940,4.53400,6.25740,1.32210,2.47560,94.62990,8.6555,4.0108
2021-11-30,23474.00000,7386.00000,16088.00000,8135.00000,-4140.00000,14491.00000,1597.00000,-217.00000,1380.00000,336.00000,1044.00000,1044.00000,1044.00000,2592.00000,1597.00000,265.00000,268.00000,3.94000,3.88000,1.49430,0.44980,0.82210,68.53540,6.80330,6.80330,5.87880,4.44750,0.27860,12.43430,1.92460,46.76370,4.18600,5.72430,1.23920,2.30330,94.12420,7.5413,1.6489
2021-08-31,22003.00000,6668.00000,15335.00000,7776.00000,-3990.00000,13937.00000,1398.00000,59.00000,1457.00000,345.00000,1112.00000,1112.00000,1112.00000,2369.00000,1398.00000,266.00000,271.00000,4.17000,4.09000,1.51400,0.45800,0.85030,69.69510,6.35370,6.35370,6.62180,5.05390,0.26820,11.55630,1.97780,45.50520,4.57220,6.36230,1.35530,2.47800,91.55280,7.69000,1.97050
2021-05-31,22565.00000,6566.00000,15999.00000,7868.00000,-4171.00000,14202.00000,1797.00000,816.00000,2613.00000,745.00000,1868.00000,1868.00000,1868.00000,2772.00000,1797.00000,264.00000,268.00000,7.04000,6.88000,1.50660,0.46170,0.86390,70.90180,7.96370,7.96370,11.57990,8.27830,0.27260,11.18570,1.86970,48.13690,7.72920,10.87560,2.25670,4.16030,90.39900,10.4394,4.1018
2021-02-28,21510.00000,6416.00000,15094.00000,8010.00000,-3982.00000,14089.00000,1005.00000,44.00000,1049.00000,157.00000,892.00000,892.00000,892.00000,1961.00000,1005.00000,265.00000,270.00000,3.36000,3.30000,1.60030,0.50910,1.06650,70.17200,4.67220,4.67220,4.87680,4.14690,0.25980,11.00520,1.87350,48.03770,4.05810,5.94510,1.07740,1.99210,82.84030,7.9354,3.1519
2020-11-30,20563.00000,6032.00000,14531.00000,7443.00000,-3681.00000,13066.00000,1465.00000,-59.00000,1406.00000,180.00000,1226.00000,1226.00000,1226.00000,2401.00000,1465.00000,264.00000,269.00000,4.64000,4.55000,1.75530,0.52460,1.10830,70.66580,7.12440,7.12440,6.83750,5.96220,0.25340,10.27600,1.80110,49.96990,5.82730,8.55130,1.51070,2.77000,79.37120,9.3625,4.3006
2020-08-31,19321.00000,5542.00000,13779.00000,6852.00000,-3475.00000,12189.00000,1590.00000,16.00000,1606.00000,361.00000,1245.00000,1245.00000,1245.00000,2516.00000,1590.00000,262.00000,263.00000,4.75000,4.72000,1.68850,0.54390,1.19670,71.31620,8.22940,8.22940,8.31220,6.44380,0.24880,9.34570,1.83870,48.94780,6.39710,9.70460,1.60340,2.91800,74.11500,10.07990,4.68820
2020-05-31,17358.00000,5069.00000,12289.00000,6327.00000,-3221.00000,11814.00000,475.00000,-794.00000,-319.00000,15.00000,-334.00000,-334.00000,-334.00000,1837.00000,475.00000,261.00000,262.00000,-1.30000,-1.27000,1.58380,0.54540,1.20270,70.79730,2.73650,2.73650,-1.83780,-1.92420,0.23600,8.86190,1.71830,52.37820,-1.82560,-2.80130,-0.45420,-0.82990,69.84050,6.9427,2.5305
2020-02-29,17487.00000,5437.00000,12050.00000,6382.00000,-3385.00000,11639.00000,411.00000,9.00000,420.00000,105.00000,315.00000,315.00000,315.00000,1319.00000,411.00000,261.00000,262.00000,1.21000,1.20000,1.21460,0.50190,1.02530,68.90830,2.35030,2.35030,2.40180,1.80130,0.24980,9.57220,1.87570,47.98250,1.67280,2.62130,0.44990,0.83320,72.08040,4.5955,-0.8549
2019-11-30,17324.00000,5218.00000,12106.00000,6235.00000,-3492.00000,11552.00000,554.00000,18.00000,572.00000,12.00000,560.00000,560.00000,560.00000,1455.00000,554.00000,261.00000,262.00000,2.15000,2.13000,1.25140,0.50040,1.01060,69.87990,3.19790,3.19790,3.30180,3.23250,0.24760,9.05900,1.78430,50.43930,3.00120,4.74660,0.80050,1.49930,71.45790,5.7595,-1.2749
2019-08-31,17048.00000,4898.00000,12150.00000,6087.00000,-3287.00000,11173.00000,977.00000,19.00000,996.00000,251.00000,745.00000,745.00000,745.00000,1856.00000,977.00000,260.00000,262.00000,2.86000,2.84000,1.31020,0.50760,1.03280,71.26940,5.73090,5.73090,5.84230,4.37000,0.24910,8.53310,1.83080,49.16000,4.10110,6.56680,1.08840,2.01940,69.62550,2.15650,-3.25950
2019-05-31,17807.00000,5032.00000,12775.00000,6187.00000,-3263.00000,11459.00000,1316.00000,-3870.00000,-2554.00000,-585.00000,-1969.00000,-1969.00000,-1969.00000,2182.00000,1316.00000,262.00000,265.00000,-7.48000,-7.38000,1.45190,0.48340,0.99010,71.74150,7.39040,7.39040,-14.34270,-11.05750,0.32730,9.09950,1.95340,46.07400,-11.08860,-18.10910,-3.61930,-5.72820,68.08460,8.5461,2.1918
2019-02-28,17010.00000,5160.00000,11850.00000,6069.00000,-3141.00000,10939.00000,911.00000,20.00000,931.00000,192.00000,739.00000,739.00000,739.00000,1762.00000,911.00000,261.00000,263.00000,2.83000,2.80000,1.45850,0.46390,0.92570,69.66490,5.35570,5.35570,5.47330,4.34450,0.31230,9.45050,1.88230,47.81480,3.71470,5.69430,1.35690,1.99130,76.34650,4.4433,0.0969
2018-11-30,17824.00000,5398.00000,12426.00000,6260.00000,-3334.00000,11258.00000,1168.00000,9.00000,1177.00000,242.00000,935.00000,935.00000,935.00000,1996.00000,1168.00000,262.00000,266.00000,3.56000,3.51000,1.41510,0.45940,0.89620,69.71500,6.55300,6.55300,6.60350,5.24570,0.33450,10.34100,1.86190,48.33760,4.84610,7.54880,1.75460,2.61960,73.91090,5.5858,-0.0243
2018-08-31,17052.00000,4953.00000,12099.00000,6260.00000,-3137.00000,11028.00000,1071.00000,30.00000,1101.00000,266.00000,835.00000,835.00000,835.00000,1879.00000,1071.00000,265.00000,269.00000,3.15000,3.10000,1.31590,0.44290,0.88370,70.95360,6.28080,6.28080,6.45670,4.89680,0.32850,9.47040,1.95640,46.00280,4.35510,6.78640,1.60880,2.42630,72.75840,2.60590,-1.48700
2018-05-31,17314.00000,4820.00000,12494.00000,6118.00000,-3411.00000,11166.00000,1328.00000,30.00000,1358.00000,231.00000,1127.00000,1127.00000,1127.00000,2510.00000,1328.00000,267.00000,272.00000,4.23000,4.17000,1.38580,0.43980,0.85420,72.16130,7.67010,7.67010,7.84340,6.50920,0.33090,9.18100,2.04150,44.08510,5.80450,9.05730,2.15360,3.25170,73.01310,12.9274,6.8151
2018-02-28,16526.00000,4849.00000,11677.00000,6124.00000,-3036.00000,10819.00000,858.00000,16.00000,874.00000,-1200.00000,2074.00000,2074.00000,2074.00000,1644.00000,858.00000,268.00000,273.00000,7.74000,7.59000,1.42850,0.45880,0.93050,70.65840,5.19180,5.19180,5.28860,12.54990,0.31870,9.27150,1.90590,47.22200,10.97700,18.14520,3.99990,5.94080,70.70710,-1.251,-6.2121
2017-11-30,16313.00000,4658.00000,11655.00000,5889.00000,-3060.00000,10540.00000,1115.00000,24.00000,1139.00000,364.00000,775.00000,775.00000,775.00000,1871.00000,1115.00000,268.00000,272.00000,2.89000,2.84000,1.56570,0.47090,0.90540,71.44610,6.83500,6.83500,6.98220,4.75080,0.32440,8.73920,1.88480,47.75030,4.54410,7.96510,1.54130,2.40420,63.66420,3.3383,-2.4375
2017-08-31,15297.00000,4148.00000,11149.00000,5664.00000,-2945.00000,10178.00000,971.00000,11.00000,982.00000,386.00000,596.00000,596.00000,596.00000,1722.00000,971.00000,268.00000,272.00000,2.22000,2.19000,1.63310,0.47670,0.91200,72.88360,6.34770,6.34770,6.41960,3.89620,0.31000,8.03880,1.91070,47.10340,3.58650,6.45300,1.20770,1.87690,61.97320,2.16910,-1.64710
2017-05-31,15728.00000,4191.00000,11537.00000,5930.00000,-2929.00000,10427.00000,1110.00000,350.00000,1460.00000,440.00000,1020.00000,1020.00000,1020.00000,1864.00000,1110.00000,266.00000,270.00000,3.81000,3.76000,1.59480,0.48120,0.92890,73.35330,7.05750,7.05750,9.28280,6.48520,0.32390,8.15370,2.06970,43.48360,6.34600,11.43630,2.10080,3.29220,59.91640,8.4992,3.5823
2017-02-28,14997.00000,4233.00000,10764.00000,5395.00000,-2748.00000,9739.00000,1025.00000,-126.00000,899.00000,337.00000,562.00000,562.00000,562.00000,1787.00000,1025.00000,266.00000,271.00000,2.11000,2.07000,1.60240,0.49210,0.97190,71.77440,6.83470,6.83470,5.99450,3.74740,0.32060,8.03230,2.02170,44.51690,3.70130,6.86710,1.20130,1.87980,56.78920,0.0008,-3.9712
2016-11-30,14931.00000,4089.00000,10842.00000,5353.00000,-2780.00000,9675.00000,1167.00000,-89.00000,1078.00000,378.00000,700.00000,700.00000,700.00000,1907.00000,1167.00000,266.00000,270.00000,2.63000,2.59000,1.54370,0.48260,0.93570,72.61400,7.81600,7.81600,7.21990,4.68820,0.32210,7.90910,1.97110,45.66000,4.81730,9.19840,1.51030,2.49250,54.52350,6.1496,1.0736
2016-08-31,14663.00000,3890.00000,10773.00000,5311.00000,-2669.00000,9509.00000,1264.00000,-122.00000,1142.00000,427.00000,715.00000,715.00000,715.00000,2003.00000,1264.00000,265.00000,269.00000,2.69000,2.65000,1.52540,0.49270,0.97450,73.47060,8.62030,8.62030,7.78830,4.87620,0.32170,7.59770,2.02720,44.39540,5.05590,9.71600,1.56880,2.56480,53.21360,3.60970,-0.87360
2016-05-31,12979.00000,2996.00000,9983.00000,4774.00000,-2379.00000,10051.00000,-68.00000,-113.00000,-181.00000,-111.00000,-70.00000,-70.00000,-70.00000,599.00000,-68.00000,276.00000,279.00000,-0.19000,-0.19000,1.49710,0.49910,0.99840,76.91660,-0.52390,-0.52390,-1.39460,-0.53930,0.28240,6.04030,1.78970,50.28740,-0.50780,-0.99470,-0.15230,-0.25440,51.91250,6.6552,2.365
2016-02-29,12654.00000,3160.00000,9494.00000,4712.00000,-2511.00000,8630.00000,864.00000,-82.00000,782.00000,275.00000,507.00000,507.00000,507.00000,1527.00000,864.00000,272.00000,275.00000,1.86000,1.84000,1.72370,0.37170,0.59240,75.02770,6.82790,6.82790,6.17990,4.00660,0.33460,6.63870,2.24600,40.07110,3.53880,4.79980,1.34060,2.22330,53.37450,5.1322,1.1283
2015-11-30,12453.00000,3153.00000,9300.00000,4570.00000,-2258.00000,8163.00000,1137.00000,-82.00000,1055.00000,364.00000,691.00000,691.00000,691.00000,1790.00000,1137.00000,279.00000,283.00000,2.47000,2.44000,1.87400,0.36130,0.56670,74.68080,9.13030,9.13030,8.47190,5.54890,0.32450,6.39550,2.12330,42.38740,4.60970,6.17850,1.80080,2.94410,54.38750,4.3322,-0.4861
2015-08-31,12279.00000,3056.00000,9223.00000,4525.00000,-2211.00000,8079.00000,1144.00000,-60.00000,1084.00000,392.00000,692.00000,692.00000,692.00000,1792.00000,1144.00000,282.00000,286.00000,2.45000,2.42000,1.83150,0.32160,0.47490,75.11200,9.31670,9.31670,8.82810,5.63560,0.32970,6.26230,2.18600,41.17030,4.52790,6.02210,1.85800,3.07190,54.12230,4.33920,0.14690
2015-05-31,12114.00000,2817.00000,9297.00000,4432.00000,-2666.00000,10618.00000,-1321.00000,-95.00000,-1416.00000,-522.00000,-894.00000,-894.00000,-894.00000,-664.00000,-1321.00000,283.00000,287.00000,-3.14000,-3.10000,1.73520,0.32590,0.48480,76.74590,-10.90470,-10.90470,-11.68900,-7.37990,0.33160,5.65660,2.11820,42.48890,-5.96280,-7.99430,-2.44720,-4.01940,53.08570,6.5958,1.8223
2015-02-28,11716.00000,2975.00000,8741.00000,4335.00000,-2030.00000,7703.00000,1038.00000,-53.00000,985.00000,357.00000,628.00000,628.00000,628.00000,1690.00000,1038.00000,283.00000,287.00000,2.21000,2.18000,1.99920,0.31100,0.45140,74.60740,8.85970,8.85970,8.40730,5.36020,0.32450,6.09630,2.09810,42.89520,3.92210,5.14460,1.73920,2.70220,56.42860,4.6063,0.878
2014-11-30,11939.00000,3237.00000,8702.00000,4229.00000,-2071.00000,7614.00000,1088.00000,-42.00000,1046.00000,383.00000,663.00000,663.00000,663.00000,1739.00000,1088.00000,283.00000,287.00000,2.34000,2.31000,1.78080,0.23330,0.30420,72.88720,9.11300,9.11300,8.76120,5.55320,0.36200,6.80040,2.13500,42.15430,4.26010,5.16800,2.01010,3.26630,54.93220,4.0969,0.0134
2014-08-31,11684.00000,3174.00000,8510.00000,4114.00000,-2023.00000,7448.00000,1062.00000,-50.00000,1012.00000,359.00000,653.00000,653.00000,653.00000,1713.00000,1062.00000,285.00000,289.00000,2.29000,2.26000,1.79510,0.23850,0.31320,72.83470,9.08940,9.08940,8.66140,5.58880,0.35850,6.59880,2.12940,42.26550,4.31850,5.28920,2.00390,3.28870,53.38470,3.39790,0.92040
2014-05-31,11839.00000,3183.00000,8656.00000,3779.00000,-1989.00000,7104.00000,1552.00000,-46.00000,1506.00000,549.00000,957.00000,957.00000,957.00000,2201.00000,1552.00000,307.00000,310.00000,3.20000,3.15000,1.82290,0.23660,0.31010,73.11430,13.10920,13.10920,12.72070,8.08350,0.35800,6.87470,2.16830,41.50690,6.26430,7.66400,2.89390,4.78190,53.52410,5.3574,2.263
2014-02-28,11301.00000,3226.00000,8075.00000,4167.00000,-1953.00000,7434.00000,641.00000,-47.00000,594.00000,216.00000,378.00000,378.00000,378.00000,1293.00000,641.00000,303.00000,307.00000,1.24000,1.23000,1.94880,0.23720,0.31100,71.45390,5.67210,5.67210,5.25620,3.34480,0.34530,6.98270,2.17450,41.38840,2.48240,3.02690,1.15490,1.89360,51.52680,3.3535,0.3475
2013-11-30,11403.00000,3176.00000,8227.00000,4148.00000,-1957.00000,7400.00000,827.00000,-35.00000,792.00000,292.00000,500.00000,500.00000,500.00000,1474.00000,827.00000,315.00000,319.00000,1.58000,1.57000,2.01000,0.13510,0.17050,72.14770,7.25250,7.25250,6.94550,4.38480,0.34000,6.93450,2.12070,42.43880,2.85180,3.37930,1.49070,2.46650,56.15450,2.1317,-1.3449
2013-08-31,11024.00000,2983.00000,8041.00000,4077.00000,-1890.00000,7246.00000,795.00000,-29.00000,766.00000,277.00000,489.00000,489.00000,489.00000,1434.00000,795.00000,316.00000,319.00000,1.54000,1.53000,2.08090,0.13430,0.16950,72.94090,7.21150,7.21150,6.94850,4.43580,0.32740,6.61420,2.20920,40.73840,2.76980,3.27240,1.45220,2.39780,55.75700,2.91220,1.15050
2013-05-31,11435.00000,3019.00000,8416.00000,3669.00000,-1862.00000,6031.00000,2385.00000,-30.00000,2355.00000,897.00000,1458.00000,1458.00000,1458.00000,3007.00000,2385.00000,315.00000,317.00000,4.62000,4.58000,1.96070,0.13600,0.17190,73.59860,20.85700,20.85700,20.59470,12.75030,0.34070,6.60610,2.26710,39.69920,8.38030,9.95700,4.34360,7.24040,54.95540,5.4006,2.4511
2013-02-28,10953.00000,3086.00000,7867.00000,4150.00000,-1842.00000,7278.00000,589.00000,-25.00000,564.00000,203.00000,361.00000,361.00000,361.00000,1188.00000,589.00000,315.00000,317.00000,1.14000,1.13000,1.91120,0.11000,0.13920,71.82510,5.37750,5.37750,5.14930,3.29590,0.34410,6.70870,2.21270,40.67380,2.24060,2.70470,1.13420,1.99410,50.82650,3.934,2.3406
2012-11-30,11107.00000,3095.00000,8012.00000,4133.00000,-1939.00000,7294.00000,718.00000,-26.00000,692.00000,254.00000,438.00000,438.00000,438.00000,1310.00000,718.00000,314.00000,315.00000,1.39000,1.39000,1.89710,0.12600,0.14420,72.13470,6.46440,6.46440,6.23030,3.94350,0.35470,6.78730,2.13510,42.15180,2.81800,3.42560,1.39880,2.46290,49.03160,2.5964,-0.2958
2012-08-31,10792.00000,2818.00000,7974.00000,4103.00000,-1938.00000,7232.00000,742.00000,-15.00000,727.00000,268.00000,459.00000,459.00000,459.00000,1315.00000,742.00000,315.00000,316.00000,1.46000,1.45000,1.84590,0.12990,0.15700,73.88810,6.87550,6.87550,6.73650,4.25320,0.35160,6.06020,2.25770,39.86290,3.05510,3.73470,1.49560,2.65840,47.39430,2.85760,-0.18040
2012-05-31,11008.00000,2901.00000,8107.00000,4092.00000,-1866.00000,7251.00000,856.00000,-8.00000,848.00000,298.00000,550.00000,550.00000,550.00000,1399.00000,856.00000,315.00000,317.00000,1.75000,1.73000,1.68520,0.07820,0.11320,73.64640,7.77620,7.77620,7.70350,4.99640,0.36810,6.59320,2.34010,38.45930,3.73460,4.45710,1.83930,3.44240,46.45740,5.7049,2.5574
2012-02-29,10564.00000,2852.00000,7712.00000,4021.00000,-1707.00000,6899.00000,813.00000,-21.00000,792.00000,271.00000,521.00000,521.00000,521.00000,1356.00000,813.00000,314.00000,316.00000,1.66000,1.65000,1.59120,0.07020,0.10080,73.00270,7.69590,7.69590,7.49720,4.93180,0.36740,6.38030,2.27920,39.48790,3.14440,3.68200,1.81200,2.92370,52.26810,2.6867,0.3956
2011-11-30,10587.00000,2776.00000,7811.00000,3982.00000,-1908.00000,7031.00000,780.00000,-3.00000,777.00000,280.00000,497.00000,497.00000,497.00000,1298.00000,780.00000,315.00000,316.00000,1.57000,1.57000,1.51820,0.07290,0.10550,73.77920,7.36750,7.36750,7.33920,4.69440,0.37210,6.30910,2.18880,41.11930,3.12240,3.67660,1.74680,2.89490,50.21140,4.1564,0.6628
2011-08-31,10521.00000,2762.00000,7759.00000,4004.00000,-1889.00000,7022.00000,737.00000,-13.00000,724.00000,260.00000,464.00000,464.00000,464.00000,1246.00000,737.00000,316.00000,318.00000,1.46000,1.46000,1.59870,0.08000,0.10610,73.74770,7.00500,7.00500,6.88150,4.41020,0.37790,6.60770,2.27530,39.55520,2.95280,3.49420,1.66680,2.71650,49.57100,2.70440,-0.77040
2011-05-31,10552.00000,2788.00000,7764.00000,3866.00000,-1899.00000,6876.00000,888.00000,-23.00000,865.00000,307.00000,558.00000,558.00000,558.00000,1387.00000,888.00000,315.00000,317.00000,1.77000,1.75000,1.69710,0.09870,0.11070,73.57850,8.41550,8.41550,8.19750,5.28810,0.38530,6.37990,2.30340,39.07220,3.66620,4.32760,2.03760,3.30430,48.01260,4.9968,2.9937
2011-02-28,9663.00000,2495.00000,7168.00000,3828.00000,-1833.00000,6775.00000,393.00000,-33.00000,360.00000,129.00000,231.00000,231.00000,231.00000,886.00000,393.00000,315.00000,317.00000,0.73000,0.73000,1.58240,0.10070,0.11320,74.17990,4.06710,4.06710,3.72560,2.39060,0.36880,6.04120,2.15790,41.70760,1.55240,1.83930,0.88160,1.39600,47.08860,1.3869,-0.599
2010-11-30,9632.00000,2328.00000,7304.00000,3779.00000,-1926.00000,6835.00000,469.00000,-32.00000,437.00000,154.00000,283.00000,283.00000,283.00000,971.00000,469.00000,314.00000,316.00000,0.90000,0.89000,1.52130,0.10270,0.13170,75.83060,4.86920,4.86920,4.53700,2.93810,0.36910,5.82000,2.25100,39.98240,1.94350,2.29390,1.08460,1.74390,46.22540,3.8369,0.5465
2010-08-31,9457.00000,2214.00000,7243.00000,3803.00000,-1732.00000,6615.00000,628.00000,-25.00000,603.00000,223.00000,380.00000,380.00000,380.00000,1107.00000,628.00000,314.00000,315.00000,1.21000,1.20000,1.54940,0.10510,0.13510,76.58880,6.64060,6.64060,6.37620,4.01820,0.37510,5.87270,2.28710,39.35180,2.67510,3.16830,1.50720,2.39400,45.09520,2.52700,-0.67620
2010-05-31,9428.00000,2185.00000,7243.00000,3677.00000,-1787.00000,6547.00000,696.00000,-24.00000,672.00000,253.00000,419.00000,419.00000,419.00000,1184.00000,696.00000,312.00000,314.00000,1.34000,1.32000,1.56810,0.10780,0.13970,76.82440,7.38230,7.38230,7.12770,4.44420,0.37860,5.61700,2.26470,39.74010,3.03380,3.60860,1.68260,2.70690,43.98410,3.9365,1.2702
2010-02-28,8701.00000,2030.00000,6671.00000,3549.00000,-1625.00000,6255.00000,416.00000,-35.00000,381.00000,142.00000,239.00000,239.00000,239.00000,904.00000,416.00000,312.00000,315.00000,0.76000,0.76000,1.52860,0.10390,0.13570,76.66940,4.78110,4.78110,4.37880,2.74680,0.34980,5.34210,2.21010,40.72290,1.66200,1.96690,0.96080,1.48930,45.94250,1.7354,0.3731
2009-11-30,8596.00000,1899.00000,6697.00000,3424.00000,-1622.00000,6126.00000,571.00000,-24.00000,547.00000,202.00000,345.00000,345.00000,345.00000,1058.00000,571.00000,312.00000,314.00000,1.10000,1.10000,1.56200,0.11920,0.13820,77.90830,6.64260,6.64260,6.36340,4.01350,0.34950,4.85680,2.27950,39.48230,2.43510,2.89160,1.40280,2.14470,45.26520,1.4435,-0.6474
2009-08-31,8009.00000,1720.00000,6289.00000,3377.00000,-1524.00000,5974.00000,315.00000,-21.00000,294.00000,113.00000,181.00000,181.00000,181.00000,810.00000,315.00000,312.00000,312.00000,0.58000,0.58000,1.64390,0.12210,0.15060,78.52420,3.93310,3.93310,3.67090,2.26000,0.33570,4.62370,2.34870,38.31940,1.31290,1.56670,0.75870,1.15260,44.04470,2.87820,0.14100
2009-05-31,7852.00000,1556.00000,6296.00000,3265.00000,-2793.00000,7145.00000,-849.00000,-25.00000,-874.00000,2.00000,-876.00000,-876.00000,-876.00000,-353.00000,-849.00000,311.00000,312.00000,-2.83000,-2.81000,1.57290,0.12410,0.18960,80.18340,-10.81250,-10.81250,-11.13090,-11.15640,0.32390,4.23980,2.31550,38.86780,-6.42890,-7.68620,-3.61330,-5.63130,43.67310,1.7051,0.3237
2009-02-28,8137.00000,1696.00000,6441.00000,3414.00000,-1740.00000,6259.00000,182.00000,-23.00000,159.00000,62.00000,97.00000,97.00000,97.00000,678.00000,182.00000,311.00000,312.00000,0.31000,0.31000,1.50680,0.10980,0.19340,79.15690,2.23670,2.23670,1.95400,1.19210,0.30130,4.58380,2.31160,38.93330,0.62380,0.86300,0.35920,0.55530,50.00320,7.1186,0.8622
