Date,revenue,cost-goods-sold,gross-profit,research-development-expenses,selling-general-administrative-expenses,other-operating-income-expenses,operating-expenses,operating-income,total-non-operating-income-expense,pre-tax-income,income-after-taxes,income-from-continuous-operations,net-income,ebitda,ebit,basic-shares-outstanding,shares-outstanding,eps-basic-net-earnings-per-share,eps-earnings-per-share-diluted,current-ratio,long-term-debt-capital,debt-equity-ratio,gross-margin,operating-margin,ebit-margin,pre-tax-profit-margin,net-profit-margin,asset-turnover,inventory-turnover,receiveable-turnover,days-sales-in-receivables,roe,return-on-tangible-equity,roa,roi,book-value-per-share,operating-cash-flow-per-share,free-cash-flow-per-share
2023-09-30,6.51500,0.33100,6.18400,0.01200,7.18900,,7.20100,-1.01700,-0.85000,-1.86700,-1.86700,-1.86700,-1.86700,-0.94500,-1.01700,26.59600,26.59600,-0.07000,-0.07000,4.84180,1.74310,-2.34560,94.91940,-15.61010,-15.61010,-28.65700,-28.65690,0.34240,0.18860,1.43980,62.50960,17.72860,17.72860,-9.81190,-13.17480,-0.39540,-0.1019,-0.1019
2023-06-30,3.32500,0.14800,3.17700,0.00800,7.83500,,7.84300,-4.66600,-0.77800,-5.44400,-5.44400,-5.44400,-5.44400,-4.59300,-4.66600,26.45800,26.45800,-0.21000,-0.21000,5.11670,1.65050,-2.53720,95.54890,-140.33080,-140.33080,-163.72930,-163.72930,0.17110,0.10280,1.35990,66.18050,55.96790,55.96790,-28.00840,-36.40990,-0.36690,-0.1499,-0.1499
2023-03-31,1.67700,0.09500,1.58200,0.00400,6.84800,,6.85200,-5.27000,-0.78200,-6.05200,-6.05200,-6.05200,-6.05200,-5.19800,-5.27000,26.55900,26.55900,-0.23000,-0.23000,5.38860,1.42370,-3.36000,94.33510,-314.25160,-314.25160,-360.88250,-360.88250,0.07690,0.10350,0.99640,90.32200,82.46350,82.46350,-27.73480,-34.94230,-0.27790,-0.21000,-0.21000
2022-12-31,,,,0.11700,7.46700,,,-7.67000,-0.72200,-6.85700,-6.85700,-6.85700,-6.85700,-7.60000,-6.13500,26.27500,26.27500,-0.26000,-0.26000,5.79910,1.11640,-9.59090,,,,,,,,,,266.91360,266.91320,-25.45380,-31.06930,-0.09750,-0.2562,-0.2562
2022-09-30,,,,0.84600,7.05300,,,-7.89900,-0.19000,-8.08900,-8.08900,-8.08900,-8.08900,-7.83500,-7.89900,26.10800,26.10800,-0.31000,-0.31000,10.30170,0.89810,8.81080,,,,,,,,,,-288.68610,-288.68660,-26.59370,-29.42530,0.10680,-0.1913,-0.1913
2022-06-30,,,,1.13100,3.87800,,,-5.00900,-0.06300,-5.07200,-5.07200,-5.07200,-5.07200,-5.00100,-5.00900,26.05200,26.05200,-0.19000,-0.19000,5.12150,0.31840,0.58420,,,,,,,,,,-59.38410,-59.38410,-32.57970,-40.47560,0.32770,-0.13,-0.13
2022-03-31,,,,1.43700,2.10900,,,-3.54600,-0.15000,-3.69600,-3.69600,-3.69600,-3.69600,-3.53900,-3.54600,26.01900,26.01900,-0.14000,-0.14000,8.95510,0.26390,0.39840,,,,,,,,,,-29.51140,-29.51130,-19.30130,-21.72460,0.48100,-0.10980,-0.10980
2021-12-31,,,,0.52300,3.68400,,,-4.20700,-0.22000,-4.42700,-4.42700,-4.42700,-4.42700,-4.19900,-4.20700,26.00600,26.00600,-0.18000,-0.18000,13.53510,0.24030,0.31630,,,,,,,,,,-28.06870,-28.06870,-19.75110,-21.32470,0.60630,-0.1248,-0.1248
2021-09-30,,,,1.24200,2.93100,,,-4.17300,-0.01200,-4.18500,-4.18500,-4.18500,-4.18500,-4.17300,-4.17300,26.00700,26.00700,-0.16000,-0.16000,12.89920,0.20780,0.26230,,,,,,,,,,-22.01130,-22.01130,-16.08750,-17.43750,0.73110,-0.1137,-0.1137
2021-06-30,,,,0.80000,3.12000,,,-3.92000,-0.08100,-4.00100,-4.00100,-4.00100,-4.00100,-3.92000,-3.92000,26.00300,26.00300,-0.15000,-0.15000,33.10610,0.18290,0.22380,,,,,,,,,,-17.95700,-17.95700,-14.23080,-14.67340,0.85670,-0.1702,-0.1702
2021-03-31,,,,2.41600,2.50700,,,-4.92300,0.19000,-4.73300,-4.73300,-4.73300,-4.73300,-4.92300,-4.92300,26.00300,26.00300,-0.18000,-0.18000,9.62140,,,,,,,,,,,,-18.98290,-18.98290,-17.00990,-18.98290,0.95890,-0.13820,-0.13820
2020-12-31,,,,1.22300,2.29300,,,-3.51600,0.10800,-3.23800,-3.23800,-3.23800,-3.23800,-3.51600,-3.34600,23.70400,23.70400,-0.12000,-0.12000,13.38600,,,,,,,,,,,,-11.13860,-11.13860,-10.30650,-11.13860,1.11790,-0.177,-0.177
2020-09-30,,,,1.36800,4.49100,,,-5.85900,-0.34100,-6.20000,-6.20000,-6.20000,-6.20000,-5.50400,-5.85900,25.59800,25.59800,-0.24000,-0.24000,11.80940,,,,,,,,,,,,-19.88140,-19.88140,-18.19780,-19.88140,1.20830,-0.1874,-0.1874
2020-06-30,,,,1.12100,3.72400,,,-4.84500,0.00000,-4.84500,-4.84500,-4.84500,-4.84500,-4.81500,-4.84500,23.39300,23.39300,-0.21000,-0.21000,12.19400,,,,,,,,,,,,-13.41140,-13.41140,-12.32320,-13.41140,1.42480,-0.1051,-0.1051
2020-03-31,,,,1.39300,2.44200,,,-3.83500,0.00900,-3.82600,-3.82600,-3.82600,-3.82600,-3.81800,-3.83500,19.89600,19.89600,-0.19000,-0.19000,5.30830,,,,,,,,,,,,-45.21920,-45.21920,-36.90200,-45.21920,0.42530,-0.18840,-0.18840
2019-12-31,,,,1.17200,2.48100,,,-3.65300,0.04300,-3.61000,-3.61000,-3.61000,-3.61000,-3.63500,-3.65300,19.89600,19.89600,-0.18000,-0.18000,6.11360,,,,,,,,,,,,-30.40000,-30.40000,-25.51960,-30.40000,0.59690,-0.0799,-0.0799
2019-09-30,,,,0.79500,1.06800,,,-1.86300,0.05400,-1.80900,-1.80900,-1.80900,-1.80900,-1.84600,-1.86300,19.89600,19.89600,-0.09000,-0.09000,17.26740,,,,,,,,,,,,-12.05840,-12.05840,-11.37240,-12.05840,0.75400,-0.1124,-0.1124
2019-06-30,,,,1.96900,2.84400,,,-4.81300,0.08300,-4.73000,-4.73000,-4.73000,-4.73000,-4.79600,-4.81300,19.89600,19.89600,-0.24000,-0.24000,12.95790,,,,,,,,,,,,-28.70840,-28.70840,-26.52980,-28.70840,0.82810,-0.1385,-0.1385
2019-03-31,,,,1.67100,1.00900,,,-2.68000,0.05400,-2.62600,-2.62600,-2.62600,-2.62600,-2.66800,-2.68000,19.89600,19.89600,-0.13000,-0.13000,14.02000,,,,,,,,,,,,-13.67280,-13.67280,-12.71240,-13.67280,0.96530,-0.12460,-0.12460
2018-12-31,,,,1.72300,1.38200,,,-3.10500,0.12100,-2.98400,-2.98400,-2.98400,-2.98400,-3.10500,-3.10500,18.94200,18.94200,-0.15000,-0.15000,14.01960,,,,,,,,,,,,-14.00090,-14.00090,-13.00220,-14.00090,1.07120,-0.1551,-0.1551
2018-09-30,,,,1.79800,1.05000,,,-2.84800,0.09900,-2.74900,-2.74900,-2.74900,-2.74900,-2.84800,-2.84800,18.96800,18.96800,-0.14000,-0.14000,12.01110,,,,,,,,,,,,-12.02590,-12.02590,-11.02470,-12.02590,1.19660,-0.0807,-0.0807
2018-06-30,,,,0.79800,1.86700,,,-2.66500,0.07800,-2.58700,-2.58700,-2.58700,-2.58700,-2.66500,-2.66500,18.58500,18.58500,-0.14000,-0.14000,30.34710,,,,,,,,,,,,-10.40750,-10.40750,-10.06460,-10.40750,1.32260,-0.0837,-0.0837
2018-03-31,,,,0.68900,1.10200,,,-1.79100,0.22300,-1.56800,-1.56800,-1.56800,-1.56800,-1.79100,-1.79100,18.43000,18.43000,-0.09000,-0.09000,22.87810,,,,,,,,,,,,-6.11000,-6.11000,-5.84290,-6.11000,1.38840,-0.09370,-0.09370
2017-12-31,,,,0.88600,1.62900,,,-2.51500,0.22500,-2.29000,-2.29000,-2.29000,-2.29000,-2.51500,-2.51500,15.01400,15.01400,-0.15000,-0.15000,17.27560,,,,,,,,,,,,-8.55850,-8.55850,-8.06310,-8.55850,1.45330,-0.095,-0.095
2017-09-30,,,,0.49200,1.69400,,,-2.18600,-0.16600,-2.35200,-2.35200,-2.35200,-2.35200,-2.18600,-2.18600,15.74000,15.74000,-0.15000,-0.15000,9.60000,,,,,,,,,,,,-26.55230,-26.55230,-23.78640,-26.55230,0.55860,-0.0515,-0.0515
2017-06-30,,,,0.33300,1.14600,,,-1.47900,-0.11900,-1.59800,-1.59800,-1.59800,-1.59800,-1.47900,-1.47900,14.19200,14.19200,-0.11000,-0.11000,17.68790,,,,,,,,,,,,-16.51000,-16.51000,-15.57660,-16.51000,0.61930,-0.0465,-0.0465
2017-03-31,,,,0.22500,0.54600,,,-0.77100,-0.03500,-0.80600,-0.80600,-0.80600,-0.80600,-0.77100,-0.77100,13.64300,13.64300,-0.06000,-0.06000,7.70020,,,,,,,,,,,,-28.17190,-28.17200,-24.51340,-28.17200,0.20970,-0.04950,-0.04950
2016-12-31,,,,0.17400,0.97200,,,-1.14600,0.00300,-1.14300,-1.14300,-1.14300,-1.14300,-1.14600,-1.14600,12.76500,12.76500,-0.08000,-0.08000,9.88060,,,,,,,,,,,,-32.01680,-32.01680,-28.77640,-32.01680,0.26170,-0.0555,-0.0555
2016-09-30,,,,0.11200,0.45200,,,-0.56400,0.06200,-0.50200,-0.50200,-0.50200,-0.50200,-0.56400,-0.56400,13.64300,13.64300,-0.04000,-0.04000,12.72220,,,,,,,,,,,,-11.89570,-11.89570,-10.96070,-11.89570,0.30930,-0.0353,-0.0353
2016-06-30,,,,0.13900,0.56800,,,-0.70700,-0.01700,-0.72400,-0.72400,-0.72400,-0.72400,-0.70700,-0.70700,12.81300,12.81300,-0.06000,-0.06000,11.31710,,,,,,,,,,,,-15.55980,-15.55990,-14.18500,-15.55990,0.34110,-0.03,-0.03
2016-03-31,,,,0.04700,0.40700,,,-0.45400,0.03400,-0.42000,-0.42000,-0.42000,-0.42000,-0.45400,-0.45400,10.94200,10.94200,-0.04000,-0.04000,1.70430,,,,,,,,,,,,-172.83950,-172.83950,-71.42860,-172.83950,0.02210,-0.04560,-0.04560
2015-12-31,,,,0.07100,0.48000,,,-0.55100,0.01100,-0.54000,-0.54000,-0.54000,-0.54000,-0.55100,-0.55100,10.82700,10.82700,-0.05000,-0.04000,2.16350,,,,,,,,,,,,-98.54010,-98.54010,-52.99310,-98.54010,0.05010,-0.0404,-0.0404
2015-09-30,,,,0.08800,0.25000,,,-0.33800,0.21500,-0.12300,-0.12300,-0.12300,-0.12300,-0.33800,-0.33800,10.92900,10.92900,-0.01000,-0.01000,3.36430,,,,,,,,,,,,-12.07070,-12.07070,-8.48280,-12.07070,0.09320,-0.0458,-0.0458
2015-06-30,,,,0.05400,0.49500,,,-0.54900,0.37600,-0.17300,-0.17300,-0.17300,-0.17300,-0.54900,-0.54900,10.83000,10.83000,-0.02000,-0.02000,2.46510,,,,,,,,,,,,-15.55760,-15.55760,-9.24640,-15.55760,0.10180,-0.0506,-0.0506
2015-03-31,,,,0.04300,0.40900,,,-0.45200,0.62900,0.17700,0.17700,0.17700,0.17700,-0.45200,-0.45200,10.60500,11.87000,0.02000,0.01000,1.73550,,,,,,,,,,,,21.42860,21.42860,9.08160,21.42860,0.07780,-0.03520,-0.03520
2014-12-31,,,,0.16500,0.62600,,,-0.79100,2.17900,1.38800,1.38800,1.38800,1.38800,-0.79100,-0.79100,9.87100,9.87100,0.15000,0.16000,1.34850,,,,,,,,,,,,226.42640,226.42740,58.51600,226.42750,0.05790,-0.0617,-0.0617
2014-09-30,,,,0.08800,0.53100,,,-0.61900,0.99900,0.38000,0.38000,0.38000,0.38000,-0.61900,-0.61900,9.86100,11.15400,0.04000,0.03000,0.17250,,,,,,,,,,,,-11.77200,-11.77200,56.46360,-11.77200,-0.32740,-0.0304,-0.0304
2014-06-30,,,,0.07200,0.85800,,,-0.93000,0.18000,-0.75000,-0.75000,-0.75000,-0.75000,-0.93000,-0.93000,9.84600,9.84600,-0.08000,-0.08000,0.18380,,,,,,,,,,,,16.10130,16.10130,-71.49670,16.10130,-0.47310,-0.0413,-0.0413
2014-03-31,,,,0.03200,0.50500,,,-0.53700,-2.65700,-3.19400,-3.19400,-3.19400,-3.19400,-0.53700,-0.53700,9.76900,9.76900,-0.33000,-0.33000,0.24350,,,,,,,,,,,,73.69640,73.69640,-228.96060,73.69640,-0.44370,-0.03870,-0.03870
2013-12-31,,,,0.08900,0.32700,,,-0.41600,1.53100,1.11500,1.11500,1.11500,1.11200,-0.41600,-0.41600,9.71900,10.57100,0.10000,0.08000,0.54630,,,,,,,,,,,,-76.63240,-76.63230,63.64150,-76.63230,-0.14970,0.0014,0.0014
2013-09-30,,,,-0.22400,0.27500,,,-0.05100,-1.71500,-1.76600,-1.76600,-1.76600,-1.76600,-0.05100,-0.05100,8.38600,8.38600,-0.21000,-0.21000,0.13430,,,,,,,,,,,,42.79140,42.79140,-275.93750,42.79140,-0.49220,-0.0588,-0.0588
2013-06-30,,,,0.55400,0.37300,,,-0.92700,7.53400,6.60700,6.60700,6.60700,6.60700,-0.92700,-0.92700,8.38520,8.54550,0.78010,0.78010,0.29780,,,,,,,,,,,,-272.00530,-272.00490,641.45640,-272.00500,-0.28970,-0.1032,-0.1032
2013-03-31,,,,0.17800,0.35900,,,-0.53700,-3.57100,-4.10800,-4.10800,-4.10800,-4.10800,-0.53700,-0.53700,8.38520,8.38520,-0.48000,-0.48000,0.17610,,,,,,,,,,,,45.31720,45.31720,-211.97110,45.31720,-1.08110,-0.04850,-0.04850
2012-12-31,,,,0.56200,0.56200,,,-1.12400,-5.38800,-6.51200,-6.51200,-6.51200,-6.51200,-1.12400,-1.12400,8.38520,8.38520,-0.81010,-0.81010,0.32300,,,,,,,,,,,,131.36990,131.36980,-275.34880,131.36980,-0.59120,-0.0665,-0.0665
2012-09-30,,,,0.35700,0.27300,,,-0.63000,-0.13400,-0.76400,-0.76400,-0.76400,-0.76400,-0.63000,-0.63000,8.38520,8.38520,-0.09000,-0.09000,1.78010,,,,,,,,,,,,-59.50120,-59.50160,-26.07510,-59.50160,0.15310,-0.0865,-0.0865
2012-06-30,,,,0.86000,0.39000,,,-1.25000,0.64800,-0.60200,-0.60200,-0.60200,-0.60200,-1.25000,-1.25000,8.38520,8.38520,-0.06000,-0.06000,2.31510,,,,,,,,,,,,-29.43760,-29.43770,-16.72220,-29.43770,0.24390,-0.1352,-0.1352
2012-03-31,,,,0.29600,0.32000,,,-0.61600,3.33100,2.71500,2.71500,2.71500,2.71500,-0.61600,-0.61600,8.38520,8.38520,0.33000,0.33000,2.20030,,,,,,,,,,,,104.62440,104.62430,57.07380,104.62430,0.30950,-0.06890,-0.06890
2011-12-31,,,,0.50600,0.39500,,,-0.90100,4.40900,3.50800,3.50800,3.50800,3.50800,-0.90100,-0.90100,7.99350,8.01590,0.45000,0.54010,0.97810,,,,,,,,,,,,-2923.35900,-2923.32400,65.55780,-2923.33300,-0.01430,0.0054,0.0054
2011-09-30,,,,0.43900,0.50500,,,-0.94400,-2.20000,-3.14400,-3.14400,-3.14400,-3.14400,-0.94400,-0.94400,6.02770,6.02770,-0.51010,-0.51010,13.17440,,,,,,,,,,,,85.66770,85.66760,-50.13560,85.66760,-0.43770,-0.1905,-0.1905
2011-06-30,,,,0.23400,0.33800,,,-0.57200,0.22400,-0.34800,-0.34800,-0.34800,-0.34800,-0.57200,-0.57200,8.38520,8.38520,-0.03000,-0.03000,25.29630,,,,,,,,,,,,50.87760,50.87720,-5.09520,50.87720,-0.08150,-0.0916,-0.0916
2011-03-31,,,,0.31500,0.70600,,,-1.02100,5.69000,4.66900,4.66900,4.66900,4.66900,-1.02100,-1.02100,6.85430,8.33280,0.69010,0.57010,13.73560,,,,,,,,,,,,-1638.24700,-1638.24700,61.13660,-1638.24600,-0.03400,-0.12580,-0.12580
2010-12-31,,,,0.28900,0.52700,,,-3.31400,-3.26800,-6.58200,-6.58200,-6.58200,-6.58200,-3.31400,-3.31400,5.33780,5.33780,-1.17050,-1.17050,0.54900,,,,,,,,,,,,133.67160,133.67180,-109.82810,133.67180,-0.72200,-0.1745,-0.1745
2010-09-30,,,,0.11000,0.80700,2.57000,,1.65300,0.04100,1.69400,1.69400,1.69400,1.69400,1.65300,1.65300,6.81970,6.81970,0.24000,0.24000,21.57840,,,,,,,,,,,,105.54520,105.54520,25.65500,105.54520,0.23520,-0.0808,-0.0808
2010-06-30,,,,0.14600,2.35900,-0.07200,,-2.57700,0.00800,-2.56900,-2.56900,-2.56900,-2.56900,-2.57700,-2.57700,6.82500,6.82500,-0.53960,-0.53960,19.34050,,,,,,,,,,,,539.70390,539.70610,-35.89990,539.70590,-0.06970,0.0359,0.0359
2010-03-31,,,,0.16300,0.20300,,,-0.36600,,-0.36600,-0.36600,-0.36600,-0.36600,-0.36600,-0.36600,2.37620,2.37620,0.00000,0.00000,1.11110,,,,,,,,,,,,-915.06630,-915.00010,-77.87230,-915.00010,0.01680,-0.14180,-0.14180
2009-12-31,,,,0.13700,-0.06300,-0.15500,,-0.22900,0.43600,0.20700,0.20700,0.20700,0.20700,-0.42000,-0.22900,2.37620,2.37620,1.07920,1.07920,1.98330,,,,,,,,,,,,50.98500,50.98530,24.85000,50.98530,0.05950,-0.077,-0.077
2009-09-30,,,,0.04700,0.29300,0.26600,,-0.07400,0.03900,-0.03500,-0.03500,-0.03500,-0.03500,-0.39700,-0.07400,2.37620,2.37620,-0.53960,-0.53960,2.75070,,,,,,,,,,,,-9.30840,-9.30850,-3.77560,-9.30850,0.15820,-0.2828,-0.2828
2009-06-30,,,,0.65000,0.31100,,,-0.96100,0.02300,-0.93800,-0.93800,-0.93800,-0.93800,-0.96100,-0.96100,2.37620,2.37620,-0.53960,-0.53960,2.28050,,,,,,,,,,,,-233.33090,-233.33330,-55.20900,-233.33330,0.16920,-0.6443,-0.6443
2009-03-31,,,,1.27900,0.67300,,,-1.95200,-0.29400,-2.24600,-2.24600,-2.24600,-2.24600,-1.97600,-1.95200,2.37620,2.37620,-1.07920,-1.07920,2.03830,,,,,,,,,,,,-202.70800,-202.70760,-69.17160,-202.70760,0.46630,-0.96880,-0.96880
