Date,revenue,cost-goods-sold,gross-profit,research-development-expenses,selling-general-administrative-expenses,other-operating-income-expenses,operating-expenses,operating-income,total-non-operating-income-expense,pre-tax-income,total-provision-income-taxes,income-after-taxes,income-from-continuous-operations,net-income,ebitda,ebit,basic-shares-outstanding,shares-outstanding,eps-basic-net-earnings-per-share,eps-earnings-per-share-diluted,current-ratio,debt-equity-ratio,gross-margin,operating-margin,ebit-margin,pre-tax-profit-margin,net-profit-margin,asset-turnover,receiveable-turnover,days-sales-in-receivables,roe,return-on-tangible-equity,roa,roi,book-value-per-share,operating-cash-flow-per-share,free-cash-flow-per-share
2023-09-30,438.25700,71.27000,366.98700,18.17300,86.17800,-186.78900,291.14000,75.84700,17.04900,92.89600,14.12600,78.77000,78.77000,77.57000,75.84700,75.84700,271.36060,276.41000,0.29000,0.28000,2.49290,,83.73790,17.30650,17.30650,21.19670,17.69970,0.14380,0.80680,111.55570,4.23950,4.28660,2.58510,4.23950,,0.1021,0.1021
2023-06-30,424.15500,71.15400,353.00100,17.18000,77.17300,-179.29100,273.64400,79.35700,16.53600,95.89300,14.51200,81.38100,81.38100,76.46000,79.35700,79.35700,277.41800,284.79520,0.28000,0.27000,2.29920,,83.22450,18.70940,18.70940,22.60800,18.02640,0.14170,0.79610,113.05340,4.50050,4.55230,2.71880,4.50050,,0.2303,0.2303
2023-03-31,444.20800,74.61500,369.59300,18.37800,70.26000,-30.07100,118.70900,250.88400,-130.74600,120.13800,19.69200,100.44600,100.44600,101.32900,250.88400,250.88400,282.11500,287.37800,0.36000,0.35000,2.49990,,83.20270,56.47900,56.47900,27.04540,22.81120,0.14290,0.79230,113.59930,5.45880,5.52400,3.23230,5.45880,,0.34060,0.34060
2022-12-31,412.59400,68.39300,344.20100,18.55800,83.31000,-160.25600,262.12400,82.07710,8.76100,90.83800,16.84900,73.98900,73.98900,73.27100,82.07710,82.07700,282.52980,290.85820,0.27000,0.25000,2.38330,,83.42370,19.89290,19.89290,22.01630,17.75860,0.13310,0.73210,122.94030,4.10070,4.15050,2.38660,4.10070,6.38370,0.1496,0.1233
2022-09-30,417.71900,69.58900,348.13000,17.65600,89.34900,-148.36700,255.37200,92.75800,8.21100,100.96900,15.84900,85.12000,85.12000,84.21100,92.75800,92.75800,282.45820,292.66760,0.30000,0.29000,1.95650,,83.34070,22.20580,22.20580,24.17150,20.15970,0.14190,0.80480,111.82630,5.04040,5.10370,2.89130,5.04040,,0.1664,0.1664
2022-06-30,398.02200,79.07800,318.94400,17.31300,63.14600,-140.44300,220.90200,98.04200,7.00400,105.04600,17.67900,87.36700,87.36700,86.77300,98.04200,98.04200,284.56680,294.03120,0.30000,0.30000,2.50060,,80.13230,24.63230,24.63230,26.39200,21.80110,0.13570,0.79550,113.13800,5.12900,5.19690,2.97930,5.12900,,-0.1632,-0.1632
2022-03-31,385.97300,78.51100,307.46200,17.73100,66.74600,-131.17000,215.64700,91.81500,8.02100,99.83600,15.55900,84.27700,84.27700,84.34100,91.81500,91.81500,286.34920,294.90000,0.29000,0.29000,2.65700,,79.65890,23.78790,23.78790,25.86610,21.85150,0.12610,0.82010,109.74610,4.93440,5.00340,2.75390,4.93440,,-0.01880,-0.01880
2021-12-31,-850.43040,-159.48090,-690.94950,-36.03290,-188.50750,208.27700,-432.81740,-258.13210,-9.79770,-267.92980,-44.65680,-223.27300,-223.27300,-224.09840,-258.13210,-258.13210,284.17420,296.50040,-0.79190,-0.76130,2.29190,,81.24700,30.35310,30.35310,31.50520,26.35120,-0.29880,-1.92000,-46.87520,-13.28550,-13.47340,-7.84420,-13.28550,5.86060,0.1181,0.0889
2021-09-30,391.89100,71.32400,320.56700,16.21900,79.25700,-111.82000,207.29600,113.27100,2.29300,115.56400,17.41000,98.15400,98.15400,98.75800,113.27100,113.27100,284.97300,296.27500,0.35000,0.33000,2.58310,,81.80000,28.90370,28.90370,29.48880,25.20040,0.15520,0.98370,91.48790,6.30140,6.39660,3.88760,6.30140,,0.0725,0.0725
2021-06-30,369.25000,70.47100,298.77900,16.20800,92.82300,-80.60800,189.63900,109.14000,4.00100,113.14100,17.04800,96.09300,96.09300,97.01400,109.14000,109.14000,284.41280,297.42760,0.34000,0.33000,2.67570,,80.91510,29.55720,29.55720,30.64080,26.27330,0.15690,0.94900,94.83280,6.61620,6.72330,4.08200,6.61620,,-0.0086,-0.0086
2021-03-31,322.49100,63.04400,259.44700,14.31400,68.20100,-76.84700,159.36200,100.08500,6.51700,106.60200,16.12900,90.47300,90.47300,90.10900,100.08500,100.08500,281.05900,295.16100,0.32000,0.31000,2.52250,,80.45090,31.03500,31.03500,33.05580,27.94160,0.14170,0.91080,98.80910,6.77880,6.89660,3.97580,6.77880,,0.15150,0.15150
2020-12-31,341.24100,79.46800,261.77300,18.86600,61.78700,-186.14100,266.79400,-5.02100,114.05900,109.03800,18.89100,90.14700,90.14700,89.69100,-5.02100,-5.02090,295.43260,298.26500,0.30560,0.30750,2.67660,,76.71210,-1.47140,-1.47140,31.95340,26.28380,0.14960,1.12150,80.25310,6.97730,7.10310,3.95240,6.97730,4.59730,0.402,0.3963
2020-09-30,264.12900,49.91100,214.21800,13.69600,32.50600,-66.53300,112.73500,101.48300,3.87600,105.35900,17.43800,87.92100,87.92100,88.76300,101.48300,101.48300,290.75900,293.46960,0.31000,0.30000,2.98270,0.01860,81.10360,38.42180,38.42180,39.88920,33.60590,0.11780,0.97280,92.51230,7.40220,7.53980,3.92060,7.40220,,0.4217,0.4217
2020-06-30,256.25400,38.54400,217.71000,11.80400,23.88800,-101.74100,137.43300,80.27700,4.85800,85.13500,20.87400,64.26100,64.26100,64.64300,80.27700,80.27700,302.77100,304.30100,0.21000,0.21000,2.88020,0.01970,84.95870,31.32710,31.32710,33.22290,25.22610,0.12090,0.93850,95.90040,5.95410,6.07130,3.03290,5.95410,,0.5781,0.5781
2020-03-31,297.46900,35.23500,262.23400,12.36600,26.48900,-46.47500,85.33000,176.90400,-104.94300,71.96100,12.59300,59.36800,59.36800,59.23100,176.90400,176.90400,304.68600,307.69400,0.19440,0.19250,2.89260,0.03240,88.15510,59.46970,59.46970,24.19110,19.91170,0.13200,0.62000,145.16830,5.78690,5.90660,2.63450,5.78690,,-0.26780,-0.26780
2019-12-31,200.03200,43.03600,156.99600,13.09800,32.78900,-52.00900,97.89600,59.09990,4.89900,63.99900,7.62300,56.37600,56.37600,56.20100,59.09990,59.10000,305.16300,310.48500,0.18340,0.19010,1.54790,0.02930,78.48540,29.54520,29.54530,31.99440,28.09600,0.07610,0.30730,292.89110,4.89900,4.97010,2.14420,4.89900,3.76210,-1.2551,-1.2776
2019-09-30,211.59600,46.45900,165.13700,15.14100,49.52600,-9.67900,74.34600,90.79100,11.22500,102.01600,18.28800,83.72800,83.72800,83.64700,90.79100,90.79100,310.68000,315.92840,0.26920,0.26480,1.93190,0.00330,78.04350,42.90770,42.90770,48.21260,39.53150,0.07760,0.37780,238.21660,7.84070,7.96040,3.07080,7.84070,,0.6473,0.6473
2019-06-30,227.57000,44.71500,182.85500,14.79400,46.29600,-9.95600,71.04600,111.80900,6.66300,118.47200,22.26500,96.20700,96.20700,96.21400,111.80900,111.80900,306.79200,313.50600,0.31360,0.30690,2.22000,0.00360,80.35110,49.13170,49.13170,52.05960,42.27890,0.09470,0.42300,212.76340,9.43180,9.59530,4.00370,9.43180,,0.2812,0.2812
2019-03-31,217.29800,39.33900,177.95900,13.07100,37.45900,-8.99400,59.52400,118.43500,7.38600,125.82100,21.05400,104.76700,104.76700,104.77600,118.43500,118.43500,298.75660,311.79660,0.35070,0.33600,2.31860,0.00400,81.89630,54.50350,54.50350,57.90250,48.21770,0.09620,0.42400,212.25910,11.12120,11.33500,4.63960,11.12120,,0.22690,0.22690
2018-09-30,157.82900,32.94000,124.88900,,53.45600,,53.45600,71.43300,36.55800,107.99100,13.42300,94.56800,94.56800,94.53800,71.43300,71.43300,296.67800,314.23500,0.31870,0.30090,1.69850,0.00570,79.12930,45.25970,45.25970,68.42280,59.89900,0.09100,0.41300,217.89230,12.27910,12.56240,5.45440,12.27910,,0.5127,0.5127
2018-06-30,160.16000,35.46200,124.69800,,53.77100,,53.77100,70.92700,44.80700,115.73400,23.88500,91.84900,91.84900,91.66200,70.92700,70.92700,301.11620,301.11620,0.30440,0.28270,1.97570,0.00620,77.85840,44.28510,44.28510,72.26150,57.23150,0.10410,0.42100,213.75340,12.58460,12.89070,5.97170,12.58460,,-1.5227,-1.5227
2018-03-31,150.45900,39.39400,111.06500,,47.28500,,47.28500,63.78000,21.05700,84.83700,15.07900,69.75800,69.75800,69.99400,,63.78000,300.60700,300.60700,0.23300,0.23300,,,,,,,,,,,,,,,,,
2017-09-30,187.41100,44.76200,142.64900,,55.62100,,55.62100,87.02800,18.17100,105.19900,23.83000,81.36900,81.36900,-41.89400,87.02800,87.02800,133.00000,133.00000,-0.31500,-0.31500,1.56300,,76.11560,46.43700,46.43700,56.13280,-22.35410,0.18150,1.23530,72.85490,-53.56400,-53.56390,7.88200,-53.56400,-1.14220,1.6433,1.6433
2017-06-30,,,,,,,,,,,,,,,,,,,,0.00000,,,,,,,,,,,,,,,,0,0
2016-12-31,,,,,,,,,,,,,,,,,,,,0.00000,,,,,,,,,,,,,,,,0,0
