Date,revenue,cost-goods-sold,gross-profit,research-development-expenses,selling-general-administrative-expenses,operating-expenses,operating-income,total-non-operating-income-expense,pre-tax-income,total-provision-income-taxes,income-after-taxes,income-from-continuous-operations,income-from-discontinued-operations,net-income,ebitda,ebit,basic-shares-outstanding,shares-outstanding,eps-basic-net-earnings-per-share,eps-earnings-per-share-diluted,current-ratio,long-term-debt-capital,debt-equity-ratio,gross-margin,operating-margin,ebit-margin,pre-tax-profit-margin,net-profit-margin,asset-turnover,receiveable-turnover,days-sales-in-receivables,roe,return-on-tangible-equity,roa,roi,book-value-per-share,operating-cash-flow-per-share,free-cash-flow-per-share
2023-09-30,84.68700,44.84300,39.84400,10.01400,27.65900,39.63000,0.21400,6.64600,6.86000,20.32600,-13.46600,-13.46600,,-13.10700,5.44300,0.21400,30.01300,30.01300,-0.44000,-0.44000,8.95220,,0.00230,47.04860,0.25270,0.25270,8.10040,-15.47700,0.06230,1.71860,52.36850,-1.06720,-1.38040,-0.99130,-1.06720,42.01210,0.3408,0.1806
2023-06-30,67.85300,47.28100,20.57200,9.69200,28.71600,40.37000,-19.79800,5.09800,-14.70000,-3.11000,-11.59000,-11.59000,,-11.22900,-14.20000,-19.79800,29.81300,29.81300,-0.38000,-0.38000,8.15020,,0.00360,30.31850,-29.17780,-29.17780,-21.66450,-16.54900,0.05010,1.94930,46.17060,-0.91740,-1.18890,-0.85560,-0.91740,42.22770,0.3291,-0.0703
2023-03-31,66.16800,47.35700,18.81100,9.78200,31.88500,43.63500,-24.82400,3.77500,-21.04900,-5.20000,-15.84900,-15.84900,,-15.34000,-18.42300,-24.82400,29.53600,29.53600,-0.52000,-0.52000,7.08730,,0.01620,28.42920,-37.51660,-37.51660,-31.81150,-23.18340,0.04810,1.51940,59.23420,-1.24900,-1.62200,-1.15120,-1.24900,42.73610,-0.26770,-0.32990
2022-12-31,67.70400,54.71700,12.98700,8.50900,39.04600,49.53900,-36.55200,3.09000,-33.46200,-9.38600,-24.07600,-24.07600,,-23.83200,-26.21300,-36.55200,30.09700,30.96400,-0.77000,-0.73000,7.12630,,0.01630,19.18200,-53.98800,-53.98800,-49.42400,-35.20030,0.04880,1.28350,70.12010,-1.89590,-2.46630,-1.73700,-1.89590,43.13730,1.0501,0.9045
2022-09-30,105.65500,59.56000,46.09500,7.50700,36.12500,45.74300,0.35200,1.40500,1.75700,0.41400,1.34300,1.34300,,1.71900,11.17900,0.35200,30.17400,30.86700,0.06000,0.06000,6.79480,,0.01600,43.62790,0.33320,0.33320,1.66300,1.62700,0.07520,1.01440,88.72570,0.10480,0.12510,0.09550,0.10480,43.17230,0.7398,0.5681
2022-06-30,125.34100,60.06500,65.27600,6.90500,41.10600,52.48200,12.79400,0.95800,13.75200,2.65300,11.09900,11.09900,,11.53700,22.45200,12.79400,30.36200,31.18900,0.38000,0.37000,5.29440,,0.01590,52.07870,10.20740,10.20740,10.97170,9.20450,0.08580,0.94030,95.71700,0.84680,1.00930,0.75930,0.84680,43.30710,0.3666,0.2619
2022-03-31,320.26800,77.72500,242.54300,5.98900,33.71500,40.61000,201.93300,0.04500,201.97800,48.42100,153.55700,153.55700,,153.97900,208.53800,201.93300,30.23400,31.24000,5.09000,4.93000,5.40050,,0.01610,75.73130,63.05130,63.05130,63.06530,48.07820,0.21850,1.99840,45.03570,11.69550,12.51560,10.47750,11.69550,43.29340,6.03110,5.86000
2021-12-31,251.67100,62.13400,189.53700,7.46400,30.30200,38.67700,150.86000,-0.03500,150.82500,47.14800,103.67700,103.67700,,104.33900,156.45700,150.86000,29.40800,30.97600,3.42000,3.34000,5.81100,,0.01830,75.31140,59.94340,59.94330,59.92940,41.45850,0.19680,1.81170,49.67630,8.89260,9.60800,8.10790,8.89260,38.65650,2.5813,2.3859
2021-09-30,227.86800,43.46600,184.40200,6.02100,18.31100,25.12900,159.27300,0.49600,159.76900,37.54500,122.22400,122.22400,,122.52200,164.76500,159.27300,29.67300,31.17000,4.13000,3.93000,4.23240,0.00570,0.02020,80.92490,69.89700,69.89700,70.11470,53.76890,0.18920,1.88600,47.72050,11.70220,12.74470,10.14590,11.63600,35.01470,4.7735,4.6697
2021-06-30,153.61600,35.85800,117.75800,5.31200,13.54800,18.86000,98.89800,0.60400,99.50200,23.58900,75.91300,79.64700,,79.81200,103.18400,98.89800,29.15000,30.83000,2.74000,2.59000,4.66320,0.00640,0.02280,76.65740,64.38000,64.38000,64.77320,51.95550,0.14630,1.03390,87.04720,8.65050,8.94120,7.58650,8.59540,31.19730,2.454,2.3595
2021-03-31,359.42900,74.07500,285.35400,5.42200,13.01000,18.43200,266.92200,0.28200,267.20400,66.51300,200.69100,200.69100,,200.69100,270.14700,266.92200,28.83100,30.77000,6.96000,6.52000,3.35390,,0.01880,79.39090,74.26280,74.26280,74.34130,55.83610,0.35980,1.66010,54.21320,25.03740,25.03740,20.08750,25.03740,27.65070,7.57810,7.20510
2020-12-31,294.97800,51.77200,243.20600,4.57600,12.72100,17.29700,225.90900,0.58900,226.49800,58.57100,167.92700,166.30700,,166.30700,227.56100,225.90900,22.69400,24.05600,7.27000,6.88000,4.02430,,0.02640,82.44890,76.58500,76.58500,76.78470,56.37950,0.42110,1.60440,56.09620,29.20810,29.20810,23.74250,29.20810,20.20680,5.5752,4.5964
2020-09-30,101.71600,26.26100,75.45500,3.17700,8.75500,11.93200,63.52300,0.42100,63.94400,14.52600,49.41800,46.63800,,46.63800,64.35400,63.52300,22.06200,23.53900,2.11000,1.98000,3.38810,,,74.18200,62.45130,62.45130,62.86520,45.85120,0.41130,1.12170,80.23520,24.94610,24.94610,18.85800,24.94610,8.02140,0.4035,-0.0251
2020-06-30,17.26500,7.71700,9.54800,1.84900,5.05900,6.90800,2.64000,0.27500,2.91500,-0.59900,3.51400,3.32100,,3.32100,3.30200,2.64000,21.74700,22.92000,0.15000,0.14000,6.32710,,,55.30260,15.29110,15.29110,16.88390,19.23550,0.18000,1.24540,72.26590,3.81540,3.81540,3.46240,3.81540,3.99100,-0.1961,-0.2118
2020-03-31,7.75300,4.05700,3.69600,1.97800,3.63200,5.61000,-1.91400,0.24100,-1.67300,0.03400,-1.70700,-1.95600,,-1.95600,-1.24000,-1.91400,21.56600,21.56600,-0.09000,-0.09000,6.37260,,,47.67190,-24.68720,-24.68720,-21.57870,-25.22890,0.08680,1.21690,73.95720,-2.40380,-2.40380,-2.18980,-2.40380,3.75470,0.06330,0.02640
2019-12-31,8.38700,3.63400,4.75300,1.79500,3.36700,5.16200,-0.40900,0.24900,-0.16000,-0.03800,-0.12200,-0.29600,,-0.29600,0.20300,-0.40900,18.70900,18.70900,-0.02000,-0.02000,9.95940,,,56.67100,-4.87660,-4.87660,-1.90770,-3.52930,0.09450,1.27950,70.34100,-0.35760,-0.35760,-0.33350,-0.35760,3.85310,0.0054,-0.0208
2019-09-30,10.34700,3.88500,6.46200,1.74400,3.20900,4.95300,1.50900,0.18900,1.69800,0.06100,1.63700,1.46200,,1.46200,2.02000,1.50900,18.50100,19.45600,0.08000,0.08000,9.21820,,,62.45290,14.58400,14.58400,16.41060,14.12970,0.16920,1.95520,46.03070,2.68130,2.68130,2.39100,2.68130,2.92000,0.1985,0.1948
2019-06-30,8.42400,3.62000,4.80400,1.57400,2.93500,4.50900,0.29500,0.19200,0.48700,0.00700,0.48000,0.33100,,0.33100,0.81300,0.29500,18.34300,19.02100,0.02000,0.02000,11.96120,,,57.02750,3.50190,3.50190,5.78110,3.92930,0.14930,1.51980,59.22010,0.64720,0.64720,0.58650,0.64720,2.78050,0.0331,0.0072
2019-03-31,5.37000,2.96800,2.40200,1.42400,2.80100,4.22500,-1.82300,0.20700,-1.61600,0.01300,-1.62900,-1.90800,,-1.90800,-1.25100,-1.82300,18.22800,18.22800,-0.10000,-0.10000,11.33340,,,44.73000,-33.94790,-33.94790,-30.09310,-35.53070,0.09650,1.17690,76.47490,-3.81900,-3.81900,-3.42840,-3.81900,2.73220,0.05790,0.05050
2018-12-31,5.67300,2.76900,2.90400,1.42600,2.50700,3.93300,-1.02900,0.09800,-0.93100,0.88800,-1.81900,-2.05300,,-2.05300,-0.43300,-1.02900,17.97800,17.97800,-0.11000,-0.11000,14.44230,,,51.18990,-18.13850,-18.13850,-16.41110,-36.18900,0.10520,0.95380,94.36280,-4.01350,-4.01350,-3.80860,-4.01350,2.81490,0.0432,0.036
2018-09-30,5.62500,2.61200,3.01300,1.43800,2.42100,3.85900,-0.84600,0.14300,-0.70300,-0.31800,-0.38500,-0.59500,,-0.59500,-0.22000,-0.84600,18.01200,18.01200,-0.03000,-0.03000,18.20400,,,53.56450,-15.04000,-15.04000,-12.49780,-10.57780,0.10260,0.92560,97.23200,-1.13160,-1.13160,-1.08490,-1.13160,2.91190,-0.0055,-0.0631
2018-06-30,5.40000,2.54400,2.85600,1.21200,2.64500,3.85700,-1.00100,0.09800,-0.90300,-0.10000,-0.80300,-1.04900,,-1.04900,-0.36100,-1.00100,17.91900,17.91900,-0.06000,-0.06000,12.82570,,,52.88890,-18.53700,-18.53700,-16.72220,-19.42590,0.09720,1.06820,84.25000,-1.99580,-1.99580,-1.88850,-1.99580,2.92610,-0.0029,-0.0333
2018-03-31,4.65300,2.77200,1.88100,1.45800,2.61700,4.07500,-2.19400,0.09500,-2.09900,-0.43400,-1.66500,-1.91000,,-1.91000,-1.59600,-2.19400,17.86400,17.86400,-0.11000,-0.11000,14.97510,,,40.42550,-47.15240,-47.15240,-45.11070,-41.04880,0.08390,0.93640,96.11220,-3.60210,-3.60210,-3.44520,-3.60210,2.96630,-0.07230,-0.13470
2017-12-31,4.28100,2.54500,1.73600,1.32400,2.48200,3.80600,-2.07000,0.09700,-1.97300,-0.59600,-1.37700,-1.62400,,-1.62400,-1.51300,-2.07000,17.73900,17.73900,-0.09000,-0.09000,10.97570,,,40.55130,-48.35320,-48.35320,-46.08740,-37.93510,0.07490,1.06890,84.19760,-2.99750,-2.99750,-2.84000,-2.99750,3.03570,-0.0699,-0.1343
2017-09-30,4.50300,2.26800,2.23500,1.12800,2.58800,3.71600,-1.48100,0.14500,-1.33600,-0.41500,-0.92100,-1.09300,,-1.09300,-0.95300,-1.48100,17.75200,17.75200,-0.06000,-0.06000,10.16760,,,49.63360,-32.88920,-32.88920,-29.66910,-24.27270,0.07680,1.25290,71.83210,-1.97750,-1.97750,-1.86300,-1.97750,3.11020,0.0279,-0.1239
2017-06-30,4.64000,1.87900,2.76100,0.92000,1.99100,2.91100,-0.15000,0.12000,-0.03000,-0.11000,0.08000,-0.02500,,-0.02500,0.35600,-0.15000,17.71100,17.71100,0.00000,0.00000,12.28410,,,59.50430,-3.23280,-3.23280,-0.64660,-0.53880,0.07890,1.10850,81.19400,-0.04490,-0.04490,-0.04250,-0.04490,3.14170,0.034,-0.0467
2017-03-31,5.30600,1.85900,3.44700,0.85100,2.37700,3.22800,0.21900,0.11900,0.33800,0.10600,0.23200,0.23200,,0.23200,0.72600,0.21900,17.67600,18.17800,0.01000,0.01000,10.10970,,,64.96420,4.12740,4.12740,6.37010,4.37240,0.09020,1.15320,78.04180,0.41960,0.41960,0.39440,0.41960,3.12740,0.08300,0.07800
2016-12-31,5.85400,1.86400,3.99000,0.81800,1.91400,2.73200,1.25800,0.05800,1.31600,0.50300,0.81300,0.81300,,0.81300,1.74100,1.25800,13.71000,13.71000,0.15000,0.15000,7.88240,,,68.15850,21.48950,21.48950,22.48040,13.88790,0.10090,1.34140,67.09260,1.49230,1.49230,1.40080,1.49230,3.08210,0.076,0.0634
2016-09-30,5.01100,2.14300,2.86800,1.52300,2.04000,3.56300,-0.69500,0.00500,-0.69000,0.41700,-1.10700,-1.10700,,-1.10700,-0.39200,-0.69500,12.84600,12.84600,-0.44000,-0.44000,3.49180,,,57.23410,-13.86950,-13.86950,-13.76970,-22.09140,0.22020,1.13730,79.13390,-6.41930,-6.41930,-4.86420,-6.41930,1.34240,0.0561,-0.1616
2016-06-30,3.97100,1.41100,2.56000,0.65600,0.93400,1.59000,0.97000,-5.46200,-4.49200,,-4.49200,-4.49200,-0.01800,-4.51000,1.21800,0.97000,12.43800,12.43800,-0.66000,-0.66000,4.29580,,,64.46740,24.42710,24.42710,-113.12010,-113.57340,0.14830,1.42180,63.30140,10.12490,-20.69760,-16.77500,-20.69760,700.09670,0.1167,0.0861
2016-03-31,3.44000,1.30400,2.13600,0.56100,2.19000,2.75100,-0.61500,0.01300,-0.60200,,-0.60200,-0.60200,0.05900,-0.54300,-0.41600,-0.61500,12.07700,12.07700,-0.05000,-0.05000,,,,62.09300,-17.87790,-17.87790,-17.50000,-15.78490,,,,,,,,,0.07250,0.05780
2015-12-31,,,,,,,,,,,,,,,,,,,,0.00000,,,,,,,,,,,,,,,,,0,0
2015-09-30,2.90500,0.91800,1.98700,0.31100,0.49600,0.80700,1.18000,,1.18000,,1.18000,1.18000,-0.82100,0.35900,1.35100,1.18000,,,,0.00000,,,,68.39930,40.61960,40.61960,40.61960,12.35800,,,,,,,,,0,0
2015-06-30,,,,0.00000,,,,,0.00000,0.00000,,0.00000,0.00000,,,,,,,0.00000,,,,,,,,,,,,,,,,,0,0
2014-12-31,,,,,,,,,,,,,,,,,,,,0.00000,,,,,,,,,,,,,,,,,0,0
