Date,revenue,cost-goods-sold,gross-profit,selling-general-administrative-expenses,operating-expenses,operating-income,total-non-operating-income-expense,pre-tax-income,total-provision-income-taxes,income-after-taxes,income-from-continuous-operations,net-income,ebitda,ebit,basic-shares-outstanding,shares-outstanding,eps-basic-net-earnings-per-share,eps-earnings-per-share-diluted,current-ratio,long-term-debt-capital,debt-equity-ratio,gross-margin,operating-margin,ebit-margin,pre-tax-profit-margin,net-profit-margin,asset-turnover,inventory-turnover,receiveable-turnover,days-sales-in-receivables,roe,return-on-tangible-equity,roa,roi,book-value-per-share,operating-cash-flow-per-share,free-cash-flow-per-share
2023-09-30,94.58400,17.35800,77.22600,2.29000,21.02600,56.20000,-11.06600,45.13400,0.03300,45.10100,45.10100,45.10100,75.41000,56.20000,53.68900,53.95800,0.84000,0.84000,2.90360,0.66470,2.10070,81.64810,59.41810,59.41810,47.71840,47.68350,0.03420,3.36530,144.40310,0.62330,5.15490,5.15490,1.62880,1.72850,16.28180,0.8551,0.8551
2023-06-30,86.72700,18.05500,68.67200,2.19800,20.44900,48.22300,-9.20200,39.02100,0.00500,39.01600,39.01600,39.01600,67.30000,48.22300,53.68200,53.94300,0.73000,0.72000,2.91150,0.66930,2.14310,79.18180,55.60320,55.60320,44.99290,44.98710,0.03100,3.23330,88.67790,1.01490,4.48600,4.48600,1.39550,1.48340,16.20150,0.6734,0.7574
2023-03-31,92.47700,15.97900,76.49800,3.86900,21.48800,55.01000,-38.44300,16.56700,0.03600,16.53100,16.53100,16.53100,73.20200,55.01000,53.68200,53.92500,0.31000,0.31000,3.23280,0.67240,2.16980,82.72110,59.48510,59.48510,17.91470,17.87580,0.03280,3.08590,101.62310,0.88560,1.89870,1.89870,0.58710,0.62200,16.21830,0.70980,0.62580
2022-12-31,97.92900,16.42100,81.50800,2.29600,20.50000,61.00800,-19.53000,41.47800,0.04400,41.43400,41.43400,41.43400,80.22300,61.00800,53.19800,53.52400,0.77000,0.76000,2.31100,0.64090,1.89040,83.23170,62.29820,62.29820,42.35520,42.31030,0.03650,3.12190,1632.15000,0.05510,4.56780,4.56780,1.54630,1.64010,16.89750,0.9957,0.9957
2022-09-30,91.26000,17.92600,73.33400,2.33400,20.53800,52.79600,-6.18200,46.61400,0.02700,46.58700,46.58700,46.58700,71.94900,52.79600,53.17100,53.50400,0.88000,0.87000,1.88870,0.64230,1.90120,80.35720,57.85230,57.85230,51.07820,51.04870,0.03450,3.65090,1140.75000,0.07890,5.22830,5.22830,1.76230,1.87000,16.72640,1.3425,1.3425
2022-06-30,84.15800,15.87900,68.27900,1.82000,19.82700,48.45200,-4.18100,44.27100,0.01100,44.26000,44.26000,44.26000,67.42400,48.45200,53.14300,53.44800,0.83000,0.83000,2.53570,0.64230,1.87850,81.13190,57.57270,57.57270,52.60460,52.59160,0.03160,3.22480,236.39890,0.38070,4.86440,4.86440,1.66040,1.74010,17.12120,0.9742,0.9741
2022-03-31,74.57000,15.70500,58.86500,2.69700,20.50600,38.35900,17.41800,55.77700,0.01600,55.76100,55.76100,55.76100,57.30500,38.35900,53.13100,53.34900,1.05000,1.05000,1.56570,0.62720,1.77300,78.93930,51.44030,51.44030,74.79820,74.77670,0.02920,3.01670,578.06210,0.15570,6.15880,6.15880,2.18440,2.29580,17.04090,0.79570,0.79570
2021-12-31,114.58900,17.05600,97.53300,1.97700,20.24900,77.28400,-7.78300,69.50100,0.07100,69.43000,69.43000,69.43000,96.81500,77.28400,53.31900,53.34000,1.30000,1.30000,1.70910,0.63570,1.83660,85.11550,67.44450,67.44450,60.65240,60.59050,0.04450,2.64310,502.58340,0.17910,7.80650,7.80650,2.69850,2.84390,16.73950,1.48,1.4949
2021-09-30,81.75600,15.52300,66.23300,1.65800,19.85800,46.37500,-13.57700,32.79800,-0.00800,32.80600,32.80600,32.80600,65.87300,46.37500,53.17800,53.17800,0.62000,0.62000,1.17860,0.63930,1.86570,81.01300,56.72370,56.72370,40.11690,40.12670,0.03240,2.62430,498.51220,0.18050,3.80820,3.80820,1.30130,1.37380,16.21380,0.8419,0.8201
2021-06-30,65.84300,16.44500,49.39800,2.52500,19.65000,29.74800,-16.97900,12.76900,0.02800,12.74100,12.74100,12.74100,48.08800,29.74800,53.30700,53.46300,0.24000,0.24000,1.19190,0.64610,1.91660,75.02390,45.18020,45.18020,19.39310,19.35060,0.02590,4.03560,126.13600,0.71350,1.49540,1.49540,0.50170,0.52920,15.99060,0.8879,-1.5409
2021-03-31,81.26000,15.54700,65.71300,1.72700,17.96300,47.75000,-0.51400,47.23600,0.00800,47.22800,47.22800,47.22800,65.15100,47.75000,53.85490,53.66890,0.88000,0.88000,1.35560,0.62760,1.77130,80.86760,58.76200,58.76200,58.12950,58.11960,0.03350,2.83860,131.70180,0.68340,5.48440,5.48440,1.94500,2.04240,16.15300,0.81800,-1.73190
2020-12-31,67.37200,15.50700,51.86500,1.59300,15.56400,36.30100,-10.46100,25.84000,0.02300,25.81700,25.81700,25.81700,51.19100,36.30100,54.10000,54.27400,0.47000,0.47000,1.19730,0.61550,1.67810,76.98300,53.88140,53.88140,38.35420,38.32010,0.02920,4.24150,405.85540,0.22180,3.09120,3.09120,1.12050,1.18850,15.49260,0.9513,-1.8352
2020-09-30,33.14700,9.66600,23.48100,1.57000,12.27400,11.20700,-7.34100,3.86600,0.04400,3.82200,3.82200,3.82200,22.52700,11.20700,54.11100,54.29700,0.07000,0.07000,0.95280,0.56950,1.38850,70.83900,33.81000,33.81000,11.66320,11.53050,0.01660,2.18540,95.52450,0.94220,0.46820,0.46820,0.19120,0.20160,15.08660,0.3618,-7.2747
2020-06-30,25.75300,6.77600,18.97700,1.56700,10.15100,8.82600,-15.44200,-6.61600,0.04100,-6.65700,-6.65700,-6.65700,17.83700,8.82600,54.11000,54.11100,-0.12000,-0.12000,1.76850,0.47200,0.93810,73.68850,34.27170,34.27170,-25.69020,-25.84940,0.01590,2.09270,33.05910,2.72240,-0.81940,-0.81940,-0.41200,-0.43260,15.01470,0.076,0.0777
2020-03-31,38.19200,8.74700,29.44500,1.57200,10.15900,19.28600,-34.18700,-14.90100,-0.02400,-14.87700,-14.87700,-14.87700,28.30900,19.28600,55.10000,55.10000,-0.27000,-0.27000,1.89690,0.47310,0.94140,77.09730,50.49750,50.49750,-39.01600,-38.95320,0.02350,4.39330,58.21950,1.54590,-1.81640,-1.81640,-0.91370,-0.95710,15.13630,0.25630,0.25660
2019-12-31,51.99400,8.50200,43.49200,1.85000,10.53300,32.95900,-8.92000,24.03900,0.18300,23.85600,23.85600,23.85600,42.56300,32.95900,54.10610,54.24710,0.43000,0.43000,2.49240,0.47000,0.92800,83.64810,63.39000,63.39000,46.23420,45.88220,0.03170,3.16530,165.06030,0.54530,2.84250,2.84250,1.45350,1.50650,15.51010,0.6877,0.6853
2019-09-30,29.81400,5.61200,24.20200,2.28600,10.12600,14.07600,-13.60900,0.46700,-0.00100,0.46800,0.46800,0.46800,22.01400,14.07600,54.10700,54.24800,0.01000,0.01000,1.32820,0.46130,0.89810,81.17660,47.21270,47.21270,1.56640,1.56970,0.01890,3.27800,77.84340,1.15620,0.05700,0.05700,0.02960,0.03070,15.16770,0.1549,-2.5148
2019-06-30,19.01800,6.27800,12.74000,1.50600,7.81400,4.92600,-8.84500,-3.91900,,-3.91900,-3.91900,-3.91900,11.29900,4.92600,54.10400,54.10400,-0.07000,-0.07000,0.76740,0.39560,0.69100,66.98920,25.90180,25.90180,-20.60680,-20.60680,0.01350,3.27490,17.57670,5.12040,-0.47780,-0.47780,-0.27910,-0.28880,15.15890,0.1734,-2.5288
2019-03-31,19.14100,8.31500,10.82600,1.86400,7.78000,3.04600,-6.48400,-3.43800,,-3.43800,-3.43800,-3.43800,9.02700,3.04600,54.10300,54.10300,-0.06000,-0.06000,1.68010,0.34070,0.54510,56.55920,15.91350,15.91350,-17.96140,-17.96140,0.01490,,,,-0.41720,-0.41720,-0.26820,-0.27510,15.23010,-0.06620,-0.06620
2018-12-31,15.05200,11.90900,3.14300,0.79700,3.10700,0.03600,-1.81500,-1.77900,0.00200,-1.78100,-1.78100,-1.78100,6.83400,0.03600,40.45100,40.59200,-0.04000,-0.04000,1.70400,0.34280,0.54990,20.88100,0.23920,0.23920,-11.81900,-11.83230,0.01160,13.01530,8.75120,10.28440,-0.21530,-0.21530,-0.13760,-0.14150,15.31800,0.5481,-8.0496
2018-09-30,19.00800,5.16700,13.84100,1.13200,6.60900,7.23200,-6.05300,1.17900,,1.17900,1.17900,1.17900,12.69500,7.23200,36.80540,36.80540,0.03000,0.03000,,,,72.81670,38.04710,38.04710,6.20270,6.20270,,,,,,,,,,0.1387,0.1387
2018-06-30,7.04800,3.10800,3.94000,0.92900,3.68200,0.25800,-3.11500,-2.85700,,-2.85700,-2.85700,-2.85700,3.09800,0.25800,35.71250,35.71250,-0.08000,-0.08000,,,,55.90240,3.66060,3.66060,-40.53630,-40.53630,,,,,,,,,,0.2259,0.2257
2018-03-31,36.10100,5.97700,30.12400,1.78100,8.65300,21.47100,-6.24500,15.22600,-0.01200,15.23800,15.23800,15.23800,23.78200,21.47100,40.10000,40.10000,0.38000,0.38000,,,,83.44370,59.47480,59.47480,42.17610,42.20940,,,,,,,,,,-0.03290,-0.03310
2017-12-31,,,,,,,,,,,,,,,,,,0.00000,,,,,,,,,,,,,,,,,,0,0
