Date,revenue,gross-profit,research-development-expenses,selling-general-administrative-expenses,other-operating-income-expenses,operating-income,total-non-operating-income-expense,pre-tax-income,total-provision-income-taxes,income-after-taxes,income-from-continuous-operations,net-income,ebitda,ebit,basic-shares-outstanding,shares-outstanding,eps-basic-net-earnings-per-share,eps-earnings-per-share-diluted,current-ratio,long-term-debt-capital,debt-equity-ratio,gross-margin,operating-margin,ebit-margin,pre-tax-profit-margin,net-profit-margin,asset-turnover,receiveable-turnover,days-sales-in-receivables,roe,return-on-tangible-equity,roa,roi,book-value-per-share,operating-cash-flow-per-share,free-cash-flow-per-share
2023-09-30,123.32300,123.32300,14.59100,53.94600,-42.90000,11.88600,-0.49100,11.39500,0.75200,10.64300,10.64300,10.64300,15.92300,11.88600,116.49200,125.48000,0.09000,0.08000,3.96870,,,100.00000,9.63810,9.63810,9.24000,8.63020,0.12550,6.79430,13.24640,1.37270,1.80430,1.08340,1.37270,6.39410,0.3972,0.388
2023-06-30,84.86900,84.86900,16.01600,51.85700,-33.80400,-16.80800,1.10200,-15.70600,1.10700,-16.81300,-16.81300,-16.81300,-12.54400,-16.80800,111.13300,111.13300,-0.15000,-0.15000,3.14600,,,100.00000,-19.80460,-19.80460,-18.50620,-19.81050,0.13290,4.40100,20.44990,-3.42370,-5.61210,-2.63290,-3.42370,4.39310,-0.0409,-0.0555
2023-03-31,94.35700,94.35700,14.52300,52.54700,-33.85500,-6.56800,3.30200,-3.26600,0.41700,-3.68300,-3.68300,-3.68300,-2.72800,-6.56800,109.78800,109.78800,-0.03000,-0.03000,3.40550,,,100.00000,-6.96080,-6.96080,-3.46130,-3.90330,0.15200,5.26020,17.10970,-0.75140,-1.24110,-0.59310,-0.75140,4.43190,-0.18990,-0.20670
2022-12-31,73.05300,73.05300,12.69200,40.14700,-29.58500,-9.37100,7.37500,-1.99600,-0.86700,-1.12900,-1.12900,-1.12900,-4.69700,-9.37100,107.93600,107.93600,0.00000,0.00000,2.54200,,,100.00000,-12.82770,-12.82770,-2.73230,-1.54550,0.10830,5.33350,16.87450,-0.23430,-0.39400,-0.16740,-0.23430,4.40710,0.3072,0.2898
2022-09-30,95.23200,95.23200,13.38500,45.92000,-32.27500,3.65200,-6.64700,-2.99500,1.27700,-4.27200,-4.27200,-4.27200,7.13600,3.65200,107.92600,107.92600,-0.04000,-0.04000,3.44170,0.05180,0.05470,100.00000,3.83480,3.83480,-3.14500,-4.48590,0.14850,5.36370,16.77960,-0.90010,-1.51380,-0.66620,-0.85350,4.35870,-0.0001,-0.0143
2022-06-30,56.53700,56.53700,13.20400,38.91000,-21.82000,-17.39700,-5.32200,-22.71900,1.07800,-23.79700,-23.79700,-23.79700,-14.34100,-17.39700,107.42700,107.42700,-0.22000,-0.22000,3.92420,0.05310,0.05610,100.00000,-30.77100,-30.77100,-40.18430,-42.09100,0.09330,3.40500,26.43150,-5.14490,-8.07180,-3.92840,-4.87170,4.28670,-0.0975,-0.1191
2022-03-31,64.55300,64.55300,10.97600,36.42800,-24.25300,-7.10400,-2.54500,-9.64900,0.50000,-10.14900,-10.14900,-10.14900,-4.21500,-7.10400,106.74000,106.74000,-0.10000,-0.10000,4.53290,0.05150,0.05430,100.00000,-11.00490,-11.00490,-14.94740,-15.72200,0.10590,4.68220,19.22190,-2.12270,-3.35050,-1.66500,-2.01350,4.46500,-0.15930,-0.17160
2021-12-31,51.39400,51.39400,9.09200,33.37500,-19.25400,-10.32700,0.38600,-9.94100,1.34000,-11.28100,-11.28100,-11.28600,-7.83400,-10.32700,71.16800,71.16800,0.27000,0.29000,3.77770,0.05100,0.05380,100.00000,-20.09380,-20.09380,-19.34270,-21.95980,0.08030,3.96310,22.70930,-2.33950,-3.72600,-1.76310,-2.22010,4.53020,0.0313,-0.0192
2021-09-30,67.78800,67.78800,7.75200,27.21600,-21.72400,11.09600,-0.75600,10.34000,0.34600,9.99400,9.99400,9.99400,13.43600,11.09600,104.48600,118.44600,0.10000,0.08000,4.66820,0.05050,0.05320,100.00000,16.36870,16.36870,15.25340,14.74300,0.10880,5.23500,17.19200,2.04920,2.63210,1.60420,1.94570,4.65970,0.4676,0.4907
2021-06-30,36.97600,36.97600,6.92900,24.48400,-13.12200,-7.55900,-10.31400,-17.87300,0.27300,-18.14600,-18.14600,-18.15400,-5.33000,-7.55900,52.49700,52.49700,-0.35000,-0.35000,5.86810,0.04900,0.05150,100.00000,-20.44300,-20.44300,-48.33680,-49.09670,0.06370,3.18180,28.28560,-3.82040,-4.96760,-3.12810,-3.63340,4.53800,0.4428,0.4445
2021-03-31,44.99100,44.99100,7.52200,27.84500,-16.09100,-6.46700,-1.98600,-8.45300,0.19900,-8.65200,-8.65200,-8.65200,-4.28600,-6.46700,21.10000,21.10000,-0.41000,-0.41000,,,,100.00000,-14.37400,-14.37400,-18.78820,-19.23050,,,,,,,,,-0.70100,-0.77090
2020-12-31,,,,,,,,,,,,,,,,,,0.00000,,,,,,,,,,,,,,,,,1.0102,1.0766
2020-09-30,42.08600,42.08600,6.07900,16.81200,-13.77700,5.41800,-0.57900,4.83900,-0.38200,5.22100,5.22100,1.15700,7.34600,5.41800,18.64500,27.28700,0.06000,0.04000,,,,100.00000,12.87360,12.87360,11.49790,2.74910,,,,,,,,,1.2055,1.2079
2020-06-30,23.75700,23.75700,6.37800,21.67300,-10.86800,-15.16200,-0.56300,-15.72500,0.27200,-15.99700,-15.99700,-16.00100,-15.16200,-15.16200,18.32800,18.32800,-0.87000,-0.87000,,,,100.00000,-63.82120,-63.82120,-66.19100,-67.35280,,,,,,,,,-2.2157,-2.2845
2019-12-31,,,,,,,,,,,,,,,,,,0.00000,,,,,,,,,,,,,,,,,0,0
