Date,revenue,cost-goods-sold,gross-profit,selling-general-administrative-expenses,operating-expenses,operating-income,pre-tax-income,total-provision-income-taxes,income-after-taxes,income-from-continuous-operations,net-income,basic-shares-outstanding,shares-outstanding,eps-basic-net-earnings-per-share,eps-earnings-per-share-diluted,long-term-debt-capital,debt-equity-ratio,pre-tax-profit-margin,net-profit-margin,asset-turnover,roe,return-on-tangible-equity,roa,roi,book-value-per-share,operating-cash-flow-per-share,free-cash-flow-per-share
2023-09-30,28.73800,10.88400,17.85400,14.74700,14.74700,3.10700,3.10700,0.60300,2.50400,2.50400,2.49300,8.90650,8.93490,0.28000,0.28000,0.65810,1.92490,17.77160,14.25960,0.00810,1.60450,1.65550,0.11630,0.54850,16.20440,-0.2805,-0.3046
2023-06-30,27.18500,9.49200,17.69300,15.51700,15.51700,2.17600,2.17600,0.47500,1.70100,1.70100,1.77600,8.91440,8.93140,0.20000,0.20000,0.65540,1.90150,12.51080,10.21100,0.00800,1.06610,1.09990,0.07860,0.36740,16.56360,1.2325,1.1998
2023-03-31,25.61600,6.97700,18.63900,14.37100,14.37100,4.26800,4.26800,0.82500,3.44300,3.44300,3.52800,8.91130,8.93960,0.39000,0.39000,0.70290,2.36610,22.30000,18.43360,0.00880,2.14740,2.22090,0.15850,0.63790,16.57390,0.75950,0.69700
2022-12-31,27.02900,4.73100,22.29800,15.42800,15.42800,6.87000,6.87000,1.00800,5.86200,5.86200,5.95400,9.08200,9.14360,0.67000,0.67000,0.64320,1.80280,31.20880,27.04770,0.01080,3.70350,3.82370,0.28710,1.32130,16.31100,0.2384,0.1994
2022-09-30,23.18900,2.65100,20.53800,16.12500,16.12500,4.41300,4.41300,0.81800,3.59500,3.59500,4.25600,9.09380,9.13810,0.47000,0.47000,0.65120,1.86680,22.30140,21.50800,0.00950,2.29570,2.37210,0.17190,0.80080,15.69440,0.4909,0.4776
2022-06-30,21.18300,1.71800,19.46500,17.46300,17.46300,2.00200,2.00200,0.46700,1.53500,1.53500,2.48800,9.09490,9.16610,0.27000,0.27000,0.60150,1.50960,10.55630,13.11890,0.00930,0.92940,0.95870,0.07560,0.37030,16.59840,0.6574,0.5634
2022-03-31,19.30400,1.41500,17.88900,14.83100,14.83100,3.05800,3.05800,0.55400,2.50400,2.50400,2.80600,9.13020,9.22540,0.30000,0.30000,0.50890,1.03640,17.09430,15.68560,0.00920,1.40850,1.45120,0.12880,0.69170,17.77050,0.35240,0.18000
2021-12-31,21.98500,1.39500,20.59000,14.52800,14.52800,6.06200,6.06200,1.11200,4.95000,4.95000,4.85100,9.13400,9.22870,0.54000,0.54000,0.38510,0.62620,29.22860,23.38960,0.01080,2.59870,2.66110,0.25770,1.59800,19.09960,0.4043,0.1818
2021-09-30,21.06400,1.42600,19.63800,14.63400,14.63400,5.00400,5.00400,0.94600,4.05800,4.05800,4.04800,9.17030,9.25380,0.44000,0.44000,0.34620,0.52960,26.42310,21.37500,0.01030,2.16490,2.21360,0.21990,1.41540,18.64930,0.6903,0.5056
2021-06-30,18.92300,1.40200,17.52100,14.00700,14.00700,3.51400,3.51400,0.66300,2.85100,2.85100,2.99600,9.13260,9.25110,0.32000,0.32000,0.40660,0.68530,20.40530,17.39740,0.00960,1.51170,1.53110,0.15950,0.89700,18.47860,0.2462,0.0389
2021-03-31,17.33700,1.15000,16.18700,12.59400,12.59400,3.59300,3.59300,0.47300,3.12000,3.12000,3.01800,9.15680,9.24820,0.33000,0.33000,0.32910,0.49050,22.90430,19.23890,0.00900,1.71340,1.73540,0.17970,1.14960,17.85980,0.30140,0.26370
2020-12-31,18.61500,1.30000,17.31500,12.64900,12.64900,4.66600,4.66600,0.85000,3.81600,3.81600,3.81600,9.37080,9.40220,0.37000,0.37000,0.37110,0.59010,28.47730,23.28960,0.00990,2.04740,2.07100,0.23070,1.28760,18.18900,1.0512,1.0121
2020-09-30,18.15200,1.61000,16.54200,11.43100,11.43100,5.11100,5.11100,1.43600,3.67500,3.67500,3.67500,9.25730,9.26400,0.40000,0.40000,0.37660,0.60410,33.64270,24.19040,0.00970,2.03410,2.05170,0.23490,1.26800,17.65370,0.1545,0.0556
2020-06-30,16.46400,2.24200,14.22200,11.78200,11.78200,2.44000,2.44000,0.46400,1.97600,1.97600,1.97600,9.37330,9.40810,0.21000,0.21000,0.38930,0.63740,19.17940,15.53220,0.00860,1.12070,1.12770,0.13360,0.68450,16.89970,0.3932,0.3613
2020-03-31,14.29700,2.57200,11.72500,10.64800,10.64800,1.07700,1.07700,0.20400,0.87300,0.87300,0.87300,9.62470,9.67640,0.09000,0.09000,0.47300,0.89750,10.29740,8.34690,0.00750,0.52230,0.52490,0.06250,0.27520,16.02140,-0.18900,-0.21250
2019-12-31,14.18100,2.59800,11.58300,8.87000,8.87000,2.71300,2.71300,0.49500,2.21800,2.21800,2.21800,9.84500,9.92310,0.24000,0.23000,0.38970,0.63860,23.93680,19.56940,0.00870,1.25420,1.26040,0.16970,0.76540,16.47890,0.2782,0.2542
2019-09-30,14.17600,2.83200,11.34400,8.25400,8.25400,3.09000,3.09000,0.58000,2.51000,2.51000,2.51000,9.85500,9.90330,0.25000,0.25000,0.32490,0.48120,26.83690,21.79960,0.00920,1.41560,1.42300,0.20080,0.95570,16.41610,0.3026,0.2969
2019-06-30,14.20300,3.10400,11.09900,8.52700,8.52700,2.57200,2.57200,0.49300,2.07900,2.07900,2.07900,9.85640,9.95710,0.21000,0.21000,0.42680,0.74450,23.71820,19.17190,0.00860,1.17860,1.18500,0.16530,0.67560,16.14650,0.278,0.2681
2019-03-31,13.76500,2.91400,10.85100,8.13500,8.13500,2.71600,2.71600,0.50900,2.20700,2.20700,2.20700,9.97310,10.05030,0.22000,0.22000,0.43810,0.77950,25.82730,20.98710,0.00820,1.27270,1.28010,0.17260,0.71520,15.77580,0.56180,0.55850
2018-12-31,13.73500,2.72700,11.00800,8.43700,8.43700,2.57100,2.57100,0.44100,2.13000,2.13000,2.13000,10.33190,10.43440,0.20000,0.20000,0.44220,0.79270,23.94750,19.83980,0.00850,1.23650,1.24400,0.16920,0.68970,15.42200,0.1324,0.1211
2018-09-30,12.97500,2.29000,10.68500,8.31600,8.31600,2.36900,2.36900,0.44300,1.92600,1.92600,1.92600,10.32410,10.39760,0.19000,0.19000,0.41420,0.70690,22.58770,18.36380,0.00850,1.12040,1.12740,0.15560,0.65640,15.17770,0.5516,0.4543
2018-06-30,12.68600,2.12200,10.56400,8.69300,8.69300,1.87100,1.87100,0.34500,1.52600,1.52600,1.52600,10.33000,10.45600,0.15000,0.15000,0.42200,0.73010,18.39910,15.00640,0.00850,0.88240,0.88800,0.12680,0.51000,15.06110,0.0871,0.0133
2018-03-31,12.32800,1.87400,10.45400,8.58500,8.58500,1.86900,1.86900,0.34600,1.52300,1.52300,1.52300,10.49170,10.60470,0.15000,0.14000,0.41470,0.70860,18.42470,15.01380,0.00850,0.87780,0.88340,0.12800,0.51370,14.98680,0.50710,0.41720
2017-12-31,,,,,,,,,,,,,,,0.00000,,,,,,,,,,,-0.8283,-0.7881
2017-09-30,11.74100,1.58000,10.16100,7.80700,7.80700,2.35400,2.35400,0.58100,1.77300,1.77300,1.77300,10.63200,10.70200,0.17000,0.17000,0.38560,0.62750,23.16700,17.44910,0.00880,0.99650,1.00270,0.15410,0.61230,15.02770,0.3233,0.2983
2017-06-30,11.13400,1.41500,9.71900,8.22400,8.22400,1.49500,1.49500,0.38000,1.11500,1.11500,1.11500,10.69700,10.83600,0.10000,0.10000,0.30350,0.43570,15.84690,11.81900,0.00870,0.62740,0.63090,0.10250,0.43700,14.93200,0.2327,0.2324
2017-03-31,11.60900,1.30300,10.30600,7.71300,7.71300,2.59300,2.59300,0.42900,2.16400,2.16400,2.16400,10.81200,10.92000,0.20000,0.20000,0.32650,0.48480,25.69620,21.44490,0.00930,1.21210,1.21920,0.20010,0.81630,14.78200,0.27230,0.25740
2016-12-31,,1.25200,-1.25200,3.32800,3.32800,-4.58000,1.70700,0.51900,,,1.18800,11.16890,11.24420,0.11000,0.11000,0.27140,0.37240,,,,,,,,14.55420,0.1172,0.0784
2016-09-30,9.98400,1.18900,8.79500,7.81000,7.81000,0.98500,0.98500,0.33400,0.65100,0.65100,0.65100,11.64700,11.83400,0.06000,0.06000,0.28400,0.39670,11.66370,7.70870,0.00810,0.34390,0.34590,0.06210,0.24630,14.59660,-0.503,-0.5346
2016-06-30,,,,,,,,,,,,,,,0.00000,,,,,,,,,,,-0.2466,-0.0903
2016-03-31,9.21200,1.15500,8.05700,6.86200,6.86200,1.19500,1.19500,0.29800,0.89700,0.89700,0.89700,12.05610,12.05610,0.07000,0.07000,0.30710,0.44320,14.83180,11.13320,0.00810,0.46900,0.47150,0.09010,0.32500,14.75450,0.24660,0.09030
2015-12-31,9.81900,1.18100,8.63800,7.68300,7.68300,0.95500,0.95500,0.24200,0.71300,0.71300,0.71300,12.09450,12.09450,0.06000,0.06000,0.28410,0.39690,11.05580,8.25420,0.00900,0.37650,0.37860,0.07440,0.26950,14.45610,0.2213,0.1329
2015-09-30,8.78700,1.22700,7.56000,5.91500,5.91500,1.64500,1.64500,0.41700,1.22800,1.22800,1.22800,12.14490,12.14490,0.10000,0.10000,0.31870,0.46770,21.75930,16.24340,0.00790,0.63870,0.64250,0.12820,0.43520,14.67620,-0.1005,-0.1366
2015-06-30,8.55000,,8.55000,6.33000,,2.22000,1.02000,0.27000,0.75000,0.76000,0.76000,,,,0.00000,0.32070,0.47220,12.63160,9.41180,0.00860,0.39860,0.40110,0.08110,0.27070,14.55580,0.2156,0.2613
2015-03-31,8.18400,1.16200,7.02200,15.76100,15.76100,-8.73900,-8.73900,-1.16000,-7.57900,-7.57900,-7.57900,12.21450,12.21450,-0.62000,-0.62000,,,-124.45170,-107.93220,,,,,,,-0.21560,-0.26130
2014-12-31,,1.11600,-1.11600,2.24900,2.24900,-3.36500,1.13800,0.25600,,,0.88200,,,,0.00000,,,,,,,,,,,0,0
2014-09-30,7.77200,1.10700,6.66500,5.51700,5.51700,1.14800,1.14800,0.29900,0.84900,0.84900,0.84900,,,,0.00000,,,17.22430,12.73820,,,,,,,0,0
2014-06-30,,,,,,,,,,,,,,,0.00000,,,,,,,,,,,0,0
2013-06-30,,,,,,,,,,,,,,,0.00000,,,,,,,,,,,0,0
