Date,revenue,cost-goods-sold,gross-profit,selling-general-administrative-expenses,other-operating-income-expenses,operating-expenses,operating-income,total-non-operating-income-expense,pre-tax-income,total-provision-income-taxes,income-after-taxes,income-from-continuous-operations,net-income,ebitda,ebit,basic-shares-outstanding,shares-outstanding,eps-basic-net-earnings-per-share,eps-earnings-per-share-diluted,current-ratio,long-term-debt-capital,debt-equity-ratio,gross-margin,operating-margin,ebit-margin,pre-tax-profit-margin,net-profit-margin,asset-turnover,inventory-turnover,receiveable-turnover,days-sales-in-receivables,roe,return-on-tangible-equity,roa,roi,book-value-per-share,operating-cash-flow-per-share,free-cash-flow-per-share
2024-06-30,827.00000,595.20000,231.80000,114.00000,-11.90000,172.60000,59.20000,-6.50000,52.70000,-1.80000,54.50000,54.50000,39.20000,130.90000,59.20000,66.12800,67.25500,0.59000,0.58000,1.35170,0.64660,1.82970,28.02900,7.15840,7.15840,6.37240,4.74000,0.23670,73.48150,2.66340,33.79080,5.68420,-5.36890,1.55970,2.00880,10.97230,1.7312,1.1181
2024-03-31,707.40000,519.60000,187.80000,111.50000,-10.10000,166.39990,21.40010,8.50000,29.90000,1.40000,28.50000,28.50000,20.60000,89.60010,21.40010,66.13900,67.65700,0.32000,0.30000,1.70040,0.66170,1.95610,26.54790,3.02520,3.02520,4.22670,2.91210,0.20760,192.44440,2.80490,32.08650,3.18150,-3.82040,0.83630,1.07620,10.37510,0.83810,0.24090
2023-12-31,705.40000,510.20000,195.20000,89.10000,-17.50000,167.79990,27.40020,-5.60000,21.80000,2.60000,19.20000,19.20000,13.70000,110.00020,27.40020,59.68100,60.99000,0.19000,0.26000,1.63730,0.66840,2.01540,27.67220,3.88430,3.88430,3.09040,1.94220,0.20820,150.05880,2.74690,32.76440,2.21100,-2.42520,0.56670,0.73320,10.07540,1.6049,1.1197
2023-09-30,675.40000,495.10000,180.30000,81.00000,-14.60000,135.60000,44.70010,2.70000,47.40000,0.90000,46.50000,46.50000,32.60000,101.90010,44.70010,58.29600,59.43200,0.56000,0.55000,3.31820,0.76370,3.23120,26.69530,6.61830,6.61830,7.01810,4.82680,0.25490,198.04000,2.91000,30.92830,8.59520,-8.62870,1.75480,2.03140,6.58660,1.9179,1.1925
2023-06-30,637.00000,470.10000,166.90000,86.10000,-11.00000,133.00000,33.90000,-0.40000,33.50000,-3.30000,36.80000,36.80000,25.10000,85.90000,33.90000,58.97600,60.23600,0.43000,0.42000,3.24000,0.78460,3.64360,26.20090,5.32180,5.32180,5.25900,3.94030,0.24590,167.89290,2.78530,32.31240,7.67950,-6.02980,1.42050,1.65380,5.83980,1.9039,1.2239
2023-03-31,547.00000,401.60000,145.40000,88.20000,-13.10000,136.60000,8.80000,8.00000,16.80000,-3.60000,20.40000,20.40000,14.80000,58.50010,8.80000,57.47800,84.48100,0.26000,0.18000,3.70540,0.76810,3.31310,26.58140,1.60880,1.60880,3.07130,2.70570,0.20920,93.39540,2.61350,34.43690,3.87540,-3.94890,0.78010,0.89850,6.34030,0.93990,0.60720
2022-12-31,537.70010,393.60000,144.10000,72.30000,-8.20000,114.09980,30.00020,12.70000,42.70000,4.20000,38.50000,38.50000,29.20000,79.60030,30.00010,56.16900,82.76900,0.51000,0.39000,3.69620,0.78380,3.62440,26.79930,5.57940,5.57930,7.94120,5.43050,0.21050,82.00000,2.75740,32.63900,8.01080,-6.86030,1.50740,1.73230,5.79930,1.6588,1.3552
2022-09-30,547.30000,411.60000,135.70000,79.80000,26.50000,82.20000,53.50000,-5.90000,47.60000,1.20000,46.40000,46.40000,43.10000,98.20000,53.50000,55.15200,81.45000,0.78000,0.53000,3.32880,0.80520,4.13450,24.79450,9.77530,9.77530,8.69720,7.87500,0.22020,69.76270,2.08730,43.11710,11.02660,-5.05340,1.86670,2.14760,5.10300,0.8105,0.4212
2022-06-30,506.70000,400.90000,105.80000,61.30000,-4.90000,82.90000,22.90000,-6.90000,16.00000,1.00000,15.00000,15.00000,10.30000,54.80000,22.90000,55.79600,82.52100,0.18000,0.12000,4.66360,0.86660,6.49890,20.88020,4.51940,4.51940,3.15770,2.03280,0.22030,174.30440,2.01630,44.63590,5.60960,-2.59200,0.65230,0.74810,3.30380,0.3147,0.0785
2022-03-31,401.90000,317.30000,84.60000,68.90000,-10.10000,96.30000,-11.70000,-7.70000,-19.40000,-6.20000,-13.20000,-13.20000,-7.50000,19.30000,-11.70000,56.69200,56.69200,-0.13000,-0.13000,5.51820,0.80590,4.15090,21.05000,-2.91120,-2.91120,-4.82710,-1.86610,0.16520,109.41380,1.80220,49.93780,-3.15640,3.12940,-0.54270,-0.61280,4.96700,0.54330,0.20990
2021-12-31,399.40000,315.30000,84.10010,69.00000,-4.00000,89.09990,-4.99990,-7.70000,-12.70000,1.00000,-13.70000,-13.70000,-9.40000,24.40010,-4.99990,54.92500,54.92500,-0.16000,-0.14000,7.90860,0.81310,4.34950,21.05660,-1.25190,-1.25190,-3.17980,-2.35350,0.17050,90.08570,1.93980,46.39710,-3.42760,4.38120,-0.58480,-0.64070,4.80980,-0.0583,-0.4473
2021-09-30,377.80000,313.40000,64.40000,51.60000,-3.30000,70.00000,-5.60000,-7.20000,-12.80000,1.00000,-13.80000,-13.80000,-9.20000,21.80000,-5.60000,55.81100,55.81100,-0.16000,-0.16000,8.26500,0.79960,3.98900,17.04610,-1.48230,-1.48230,-3.38800,-2.43520,0.16040,156.70000,2.04880,43.92800,-3.16950,4.75040,-0.58600,-0.63530,5.25070,0.2033,-0.3968
2021-06-30,351.00000,272.90000,78.10000,54.20000,-3.50000,73.20000,4.90000,-6.30000,-1.40000,-5.90000,4.50000,4.50000,3.20000,31.90000,4.90000,54.45000,85.14700,0.06000,0.04000,5.42710,0.71470,2.50470,22.25070,1.39600,1.39600,-0.39890,0.91170,0.20280,170.56250,1.98080,45.43590,1.00850,-1.70390,0.26000,0.28780,5.38380,0.0444,-0.0548
2021-03-31,239.30000,187.50000,51.80000,73.60000,-6.20000,95.30000,-43.50000,-6.70000,-50.20000,0.80000,-51.00000,-51.00000,-32.80000,-17.00000,-43.50000,52.67800,52.67800,-0.62000,-0.62000,7.09500,0.67030,2.03310,21.64650,-18.17800,-18.17800,-20.97790,-13.70660,0.13230,117.18750,1.87100,48.10280,-9.28790,30.01770,-2.81990,-3.06210,6.78530,-0.13480,-0.41380
2020-12-31,210.90010,159.60000,51.30010,42.80000,0.40000,56.80000,-5.49990,-17.60000,-23.10000,-1.40000,-21.70000,-21.70000,-12.40000,21.10010,-5.50000,45.03100,45.03100,-0.26000,-0.26000,10.39740,0.60010,1.50190,24.32430,-2.60780,-2.60790,-10.95310,-5.87960,0.11850,106.40000,2.27510,39.55900,-3.23880,-323.87990,-1.21960,-1.29520,8.31760,-0.3109,-0.5928
2020-09-30,214.80000,163.30000,51.50000,36.20000,-2.90000,55.40000,-3.90000,-6.60000,-10.50000,-0.70000,-9.80000,-9.80000,-5.00000,21.10000,-3.90000,42.53100,42.53100,-0.12000,-0.12000,3.83470,0.43980,0.78830,23.97580,-1.81560,-1.81560,-4.88830,-2.32770,0.19250,136.08330,2.35270,38.25420,-1.75780,20.63160,-0.87850,-0.98470,6.96550,0.2285,0.0325
2020-06-30,141.80000,110.20000,31.60000,89.10000,11.20000,88.40000,-56.80000,-18.60000,-75.40000,-0.60000,-74.80000,-74.80000,-1.00000,-37.50000,-56.80000,39.14200,39.14200,-0.03000,-0.03000,3.32000,0.48170,0.93500,22.28490,-40.05640,-40.05640,-53.17350,-0.70520,0.13980,13.11910,2.06710,43.54020,-15.89460,52.08910,-7.37450,-8.23790,6.03040,0.1712,0.0051
2020-03-31,199.40000,156.00000,43.40000,22.40000,-1.70000,34.80000,8.60000,-13.40000,-4.80000,0.30000,-5.10000,-5.10000,0.00000,27.30000,8.60000,,,,0.00000,,,,21.76530,4.31290,4.31290,-2.40720,,,,,,,,,,,0.00000,
2019-12-31,,,,,,,,,,,,,,,,,,,0.00000,,,,,,,,,,,,,,,,,,0,0
2019-09-30,193.80000,147.20000,46.60000,39.10000,-3.30000,55.90000,-9.30000,-12.80000,-22.10000,0.50000,-22.60000,-22.60000,-22.60000,7.70000,-9.30000,,,,0.00000,,,,24.04540,-4.79880,-4.79880,-11.40350,-11.66150,,,,,,,,,,0,0
2019-06-30,180.50000,136.90000,43.60000,27.50000,-2.00000,39.40000,4.20000,-12.00000,-7.80000,0.40000,-8.20000,-8.20000,-8.20000,4.20000,4.20000,,,,0.00000,,,,24.15510,2.32690,2.32690,-4.32130,-4.54290,,,,,,,,,,0,0
2018-12-31,,,,,,,,,,,,,,,,,,,0.00000,,,,,,,,,,,,,,,,,,0,0
