Date,revenue,cost-goods-sold,gross-profit,selling-general-administrative-expenses,operating-expenses,operating-income,total-non-operating-income-expense,pre-tax-income,total-provision-income-taxes,income-after-taxes,income-from-continuous-operations,net-income,ebitda,ebit,basic-shares-outstanding,shares-outstanding,eps-basic-net-earnings-per-share,eps-earnings-per-share-diluted,current-ratio,long-term-debt-capital,debt-equity-ratio,gross-margin,operating-margin,ebit-margin,pre-tax-profit-margin,net-profit-margin,asset-turnover,inventory-turnover,receiveable-turnover,days-sales-in-receivables,roe,return-on-tangible-equity,roa,roi,book-value-per-share,operating-cash-flow-per-share,free-cash-flow-per-share
2024-03-31,3447.00000,2050.00000,1397.00000,510.00000,608.00000,789.00000,172.00000,961.00000,257.00000,704.00000,704.00000,666.00000,891.00000,789.00000,474.00000,475.00000,1.41000,1.40000,3.23770,0.40290,0.67470,40.52800,22.88950,22.88950,27.87930,19.32120,0.15870,3.10610,1.38940,64.77810,6.60100,17.28460,3.24170,3.94150,22.78150,3.0911,2.9117
2023-12-31,4234.00000,3393.00000,841.00000,495.00000,592.00000,249.00000,-118.00000,131.00000,16.00000,115.00000,115.00000,109.00000,350.00000,249.00000,481.00000,482.00000,0.23000,0.23000,2.29320,0.41070,0.81790,19.86300,5.88100,5.88100,3.09400,2.57440,0.18530,3.26880,1.41090,63.79070,1.11380,3.10390,0.50340,0.65640,21.67250,-1.112,-1.2795
2023-09-30,3207.00000,1862.00000,1345.00000,480.00000,576.00000,769.00000,-208.00000,561.00000,146.00000,415.00000,415.00000,407.00000,869.00000,769.00000,492.00000,494.00000,0.83000,0.82000,2.01700,0.36320,0.69010,41.93950,23.97880,23.97880,17.49300,12.69100,0.14810,2.47940,1.32520,67.91390,3.97090,10.85820,1.91690,2.52850,21.57690,0.00200,-0.14170
2023-06-30,3032.00000,1778.00000,1254.00000,523.00000,626.00000,628.00000,-123.00000,505.00000,136.00000,369.00000,369.00000,375.00000,735.00000,628.00000,529.00000,531.00000,0.76000,0.75000,1.92850,0.36330,0.69030,41.35880,20.71240,20.71240,16.65570,12.36810,0.13870,3.27440,1.39270,64.62070,3.53280,9.70540,1.68760,2.24920,20.95370,0.8812,0.6638
2023-03-31,4084.00000,2727.00000,1357.00000,528.00000,634.00000,723.00000,-774.00000,-51.00000,-1.00000,-50.00000,-50.00000,-54.00000,833.00000,723.00000,521.00000,521.00000,-0.10000,-0.10000,1.75440,0.36760,0.70310,33.22720,17.70320,17.70320,-1.24880,-1.32220,0.18240,5.59960,1.49000,60.40400,-0.48760,-1.38850,-0.22330,-0.30830,20.26200,2.9893,2.8161
2022-12-31,4605.00000,3528.00000,1077.00000,550.00000,653.00000,424.00000,13.00000,437.00000,116.00000,321.00000,321.00000,313.00000,531.00000,424.00000,541.00000,543.00000,0.58000,0.58000,3.37040,0.38170,0.61730,23.38760,9.20740,9.20740,9.48970,6.79700,0.19910,2.71380,1.53300,58.71010,2.74920,6.41230,1.38800,1.69990,21.78080,-0.9698,-1.1175
2022-09-30,3192.00000,1656.00000,1536.00000,448.00000,547.00000,989.00000,-144.00000,845.00000,232.00000,613.00000,613.00000,605.00000,1092.00000,989.00000,550.00000,552.00000,1.10000,1.10000,3.59650,0.38350,0.62210,48.12030,30.98370,30.98370,26.47240,18.95360,0.14230,1.62350,1.40740,63.94740,5.29130,12.51020,2.73370,3.26200,21.28150,0.48910,0.35510
2022-06-30,3033.00000,1715.00000,1318.00000,552.00000,651.00000,667.00000,-220.00000,447.00000,139.00000,308.00000,308.00000,306.00000,770.00000,667.00000,566.00000,570.00000,0.56000,0.55000,3.60670,0.38780,0.63350,43.45530,21.99140,21.99140,14.73790,10.08900,0.13670,2.16810,1.42530,63.14540,2.70770,6.60380,1.38830,1.65760,20.65860,1.6281,1.4263
2022-03-31,3455.00000,2164.00000,1291.00000,485.00000,577.00000,714.00000,-324.00000,390.00000,100.00000,290.00000,290.00000,283.00000,811.00000,714.00000,563.00000,567.00000,0.50000,0.50000,3.73220,0.39110,0.64230,37.36610,20.66570,20.66570,11.28800,8.19100,0.15690,2.75320,1.47780,60.90300,2.58510,6.47030,1.31720,1.57410,20.09920,2.8221,2.6964
2021-12-31,4441.00000,3667.00000,774.00000,468.00000,561.00000,213.00000,-308.00000,-95.00000,-22.00000,-73.00000,-73.00000,-85.00000,310.00000,213.00000,569.00000,573.00000,-0.15000,-0.15000,2.96660,0.38950,0.70450,17.42850,4.79620,4.79620,-2.13920,-1.91400,0.19410,3.19430,1.50440,59.82440,-0.64660,-1.61250,-0.31910,-0.39470,20.00830,-1.1951,-1.3145
2021-09-30,3045.00000,1571.00000,1474.00000,415.00000,494.00000,980.00000,-28.00000,952.00000,244.00000,708.00000,708.00000,701.00000,1064.00000,980.00000,575.00000,578.00000,1.22000,1.21000,3.09340,0.38660,0.69580,48.40720,32.18390,32.18390,31.26440,23.02140,0.13150,1.38410,1.38910,64.78820,6.19420,14.92730,3.05690,3.79970,20.03440,0.05020,-0.04150
2021-06-30,2890.00000,1638.00000,1252.00000,540.00000,624.00000,628.00000,-271.00000,357.00000,85.00000,272.00000,272.00000,253.00000,717.00000,628.00000,591.00000,595.00000,0.47000,0.45000,2.91440,0.39300,0.71470,43.32180,21.73010,21.73010,12.35290,8.75430,0.12610,2.24690,1.42430,63.18690,2.44490,5.99650,1.18640,1.48410,19.30810,1.2886,1.0366
2021-03-31,3215.00000,1885.00000,1330.00000,437.00000,515.00000,815.00000,-37.00000,778.00000,196.00000,582.00000,582.00000,567.00000,899.00000,815.00000,589.00000,593.00000,0.96000,0.96000,2.91260,0.39380,0.71730,41.36860,25.34990,25.34990,24.19910,17.63610,0.14040,2.75180,1.49330,60.27060,5.25080,12.86190,2.54070,3.18290,19.01550,2.7504,2.5936
2020-12-31,4087.00000,3346.00000,741.00000,442.00000,512.00000,229.00000,75.00000,304.00000,74.00000,230.00000,230.00000,224.00000,305.00000,229.00000,595.00000,598.00000,0.38000,0.37000,3.81380,0.42130,0.72790,18.13070,5.60310,5.60310,7.43820,5.48080,0.17960,3.28040,1.47230,61.13040,2.10600,5.29590,1.01080,1.21890,18.46230,-0.045,-0.2563
2020-09-30,2717.00000,1168.00000,1549.00000,388.00000,456.00000,1093.00000,386.00000,1479.00000,362.00000,1117.00000,1117.00000,1106.00000,1166.00000,1093.00000,603.00000,605.00000,1.83000,1.83000,4.20630,0.42380,0.73540,57.01140,40.22820,40.22820,54.43500,40.70670,0.12080,0.91900,1.36050,66.15020,10.33690,26.50690,4.96510,5.95640,18.11120,0.44130,0.24790
2020-06-30,2418.00000,1187.00000,1231.00000,494.00000,588.00000,643.00000,-443.00000,200.00000,55.00000,145.00000,145.00000,122.00000,742.00000,643.00000,613.00000,616.00000,0.21000,0.21000,3.92760,0.44010,0.78590,50.90980,26.59220,26.59220,8.27130,5.04550,0.11120,1.38670,1.28070,70.27300,1.43410,4.13810,0.66670,0.80300,16.72110,1.6416,1.3725
2020-03-31,3440.00000,2061.00000,1379.00000,464.00000,521.00000,858.00000,-713.00000,145.00000,55.00000,90.00000,90.00000,78.00000,920.00000,858.00000,608.00000,612.00000,0.13000,0.13000,3.78880,0.40000,0.66650,40.08720,24.94190,24.94190,4.21510,2.26740,0.17000,2.12260,1.40240,64.17730,0.88820,2.27270,0.44470,0.53300,16.78430,2.6106,2.4743
2019-12-31,3778.00000,3091.00000,687.00000,431.00000,488.00000,199.00000,220.00000,419.00000,105.00000,314.00000,314.00000,300.00000,261.00000,199.00000,617.00000,620.00000,0.49000,0.48000,3.52310,0.39480,0.65230,18.18420,5.26730,5.26730,11.09050,7.94070,0.18470,2.00190,1.38240,65.10590,3.03290,7.05460,1.53550,1.83560,16.95760,-0.7366,-0.8515
2019-09-30,2667.00000,1468.00000,1199.00000,352.00000,402.00000,797.00000,-97.00000,700.00000,187.00000,513.00000,513.00000,499.00000,856.00000,797.00000,622.00000,624.00000,0.80000,0.80000,3.72960,0.39530,0.65360,44.95690,29.88380,29.88380,26.24670,18.71020,0.12990,1.00340,1.26520,71.13610,4.96610,10.74350,2.49830,3.00320,16.64390,0.32370,0.26120
2019-06-30,2513.00000,1358.00000,1155.00000,455.00000,515.00000,640.00000,16.00000,656.00000,191.00000,465.00000,465.00000,454.00000,709.00000,640.00000,621.00000,621.00000,0.74000,0.74000,3.78390,0.40400,0.67790,45.96100,25.46760,25.46760,26.10430,18.06610,0.12880,1.20280,1.27760,70.44570,4.66960,10.52990,2.38350,2.78290,16.04590,1.4493,1.3076
2019-03-31,2752.00000,1660.00000,1092.00000,336.00000,394.00000,698.00000,8.00000,706.00000,167.00000,539.00000,539.00000,529.00000,766.00000,698.00000,621.00000,621.00000,0.85000,0.85000,4.59830,0.43940,0.78390,39.68020,25.36340,25.36340,25.65410,19.22240,0.15590,1.54560,1.41200,63.73910,6.25940,17.58560,3.05260,3.50890,13.87750,2.5571,2.4621
2018-12-31,3583.00000,2818.00000,765.00000,329.00000,380.00000,385.00000,-354.00000,31.00000,7.00000,24.00000,24.00000,8.00000,445.00000,385.00000,621.00000,621.00000,0.01000,0.01000,4.73570,,,21.35080,10.74520,10.74520,0.86520,0.22330,0.26610,1.98170,1.46960,61.23920,0.23060,0.50000,0.17820,0.23060,,-0.3397,-0.4138
2018-09-30,2541.00000,1491.00000,1050.00000,299.00000,342.00000,708.00000,123.00000,831.00000,216.00000,615.00000,615.00000,604.00000,761.00000,708.00000,621.00000,621.00000,0.97000,0.97000,,,,41.32230,27.86310,27.86310,32.70370,23.77020,,,,,,,,,,0.39770,0.33010
2018-06-30,,,,,,,,,,,,,,,,,,0.00000,,,,,,,,,,,,,,,,,,-1.2641,-1.0258
2018-03-31,2463.00000,1444.00000,1019.00000,324.00000,367.00000,652.00000,2.00000,654.00000,188.00000,466.00000,466.00000,457.00000,706.00000,652.00000,621.00000,621.00000,0.74000,0.74000,,,,41.37230,26.47180,26.47180,26.55300,18.55460,,,,,,,,,,1.2641,1.0258
2017-12-31,3108.00000,2346.00000,762.00000,309.00000,351.00000,411.00000,-99.00000,312.00000,-570.00000,882.00000,882.00000,869.00000,411.00000,411.00000,,,,0.00000,,,,24.51740,13.22390,13.22390,10.03860,27.96010,,,,,,,,,,0,0
2017-06-30,,,,,,,,,,,,,,,,,,0.00000,,,,,,,,,,,,,,,,,,0,0
