Date,revenue,cost-goods-sold,gross-profit,selling-general-administrative-expenses,other-operating-income-expenses,operating-expenses,operating-income,total-non-operating-income-expense,pre-tax-income,total-provision-income-taxes,income-after-taxes,income-from-continuous-operations,net-income,ebitda,ebit,basic-shares-outstanding,shares-outstanding,eps-basic-net-earnings-per-share,eps-earnings-per-share-diluted,debt-equity-ratio,operating-margin,ebit-margin,pre-tax-profit-margin,net-profit-margin,asset-turnover,roe,return-on-tangible-equity,roa,roi,book-value-per-share,operating-cash-flow-per-share,free-cash-flow-per-share
2023-09-30,11.61700,2.80200,8.81500,2.65100,-4.24200,8.80000,0.01500,4.10900,4.12400,-0.19100,4.31500,4.31500,3.44600,2.20100,0.01500,48.43200,48.43200,0.07000,0.07000,0.79500,0.12910,0.12910,35.49970,29.66340,0.01090,0.81590,0.82330,0.40380,0.81590,10.94090,-0.0405,1.295
2023-06-30,11.58400,3.40800,8.17600,2.90400,-0.30800,5.41900,2.75700,5.14600,7.90300,0.00400,7.89900,7.89900,7.00100,5.02300,2.75700,50.86000,59.11200,0.14000,0.12000,0.88010,23.80010,23.80010,68.22340,60.43680,0.01030,1.47590,1.48910,0.70190,1.47590,10.93370,-0.1344,0.432
2023-03-31,12.67200,3.12800,9.54400,2.60600,-0.29300,4.70700,4.83700,-3.11400,1.72300,0.00900,1.71400,1.71400,0.85700,6.94500,4.83700,54.00700,54.00700,0.02000,0.02000,0.76420,38.17080,38.17080,13.59690,6.76290,0.01100,0.29700,0.29950,0.14850,0.29700,10.87130,0.29330,0.40260
2022-12-31,21.82300,3.58300,18.24000,3.39300,-0.46500,5.76600,12.47400,-5.66700,6.80700,0.09800,6.70900,6.70900,5.77800,14.48700,12.47400,50.95300,50.95300,0.11000,0.11000,0.73550,57.15990,57.15990,31.19190,26.47670,0.01880,1.12950,1.13860,0.57830,1.12950,10.93570,0.1709,-0.2157
2022-09-30,13.14000,3.78800,9.35200,2.50500,-0.43300,4.62700,4.72500,-3.57300,1.15200,0.03300,1.11900,1.11900,0.35000,6.72400,4.72500,53.49500,53.49500,0.01000,0.01000,0.69100,35.95890,35.95890,8.76710,2.66360,0.01170,0.18930,0.19090,0.09920,0.18930,10.88010,-0.0038,-0.1601
2022-06-30,12.35700,3.39100,8.96600,3.00400,-0.84700,5.51100,3.45500,-0.36600,3.08900,0.09600,2.99300,2.99300,2.06000,5.04800,3.45500,50.36200,50.36200,0.04000,0.04000,0.74550,27.95990,27.95990,24.99800,16.67070,0.01100,0.52560,0.52990,0.26600,0.52560,10.79590,-0.0577,-0.2385
2022-03-31,13.89000,3.39400,10.49600,3.10300,-1.25900,6.17600,4.32000,-3.18100,1.13900,,1.13900,1.13900,0.21300,6.46500,4.32000,45.78100,45.78100,0.00000,0.00000,0.90810,31.10150,31.10150,8.20010,1.53350,0.01250,0.22350,0.22550,0.10210,0.22350,10.50510,0.22520,0.12940
2021-12-31,20.04600,1.89000,18.15600,2.94800,-1.93400,6.83000,11.32600,1.99000,13.31600,,13.31600,13.31600,6.31100,13.41100,11.32600,34.64100,34.64100,0.21000,0.21000,1.08310,56.50000,56.50010,66.42720,31.48260,0.01790,2.82070,2.84860,1.18730,2.82070,10.38120,0.1888,-0.0562
2021-09-30,10.10500,2.41000,7.69500,1.74600,-2.59900,6.26100,1.43400,-4.10300,-2.66900,,-2.66900,-2.66900,-5.62300,3.71100,1.43400,32.55100,32.55100,-0.17000,-0.17000,1.09510,14.19100,14.19100,-26.41270,-55.64570,0.00920,-0.84190,-0.58510,-0.24330,-0.58510,13.84620,-0.2265,-0.277
2021-06-30,10.01300,2.37500,7.63800,1.89700,-2.90100,6.68300,0.95500,-3.82000,-2.86500,,-2.86500,-2.86500,-5.80400,3.17300,0.95500,31.07200,31.07200,-0.19000,-0.19000,1.08250,9.53760,9.53760,-28.61280,-57.96470,0.00910,-0.88580,-0.61940,-0.25940,-0.61940,14.09740,-0.1105,-1.02
2021-03-31,11.57500,2.18100,9.39400,1.61700,-2.74400,6.29600,3.09800,-0.62100,2.47700,,2.47700,2.47700,-0.71800,5.40200,3.09800,30.41800,30.41800,-0.02000,-0.02000,1.09370,26.76460,26.76460,21.39960,-6.20300,0.01080,0.81090,0.55660,0.23040,0.55660,14.42980,0.37500,1.19730
2020-12-31,17.91800,2.45400,15.46400,1.64800,-2.12400,5.76200,9.70200,-3.10200,6.37800,,6.37800,6.37800,2.95300,12.08100,9.70200,29.37600,29.37600,0.10000,0.10000,1.13670,54.14670,54.14670,35.59550,16.48060,0.01640,2.08490,1.43110,0.58460,1.43110,14.57850,0.3236,0.5389
2020-09-30,10.60400,3.29300,7.31100,1.39500,-0.28800,3.66200,3.64900,-3.08800,0.56100,,0.56100,0.56100,-2.55300,5.99900,3.64900,29.20600,29.20600,-0.09000,-0.09000,1.17290,34.41150,34.41150,5.29050,-24.07580,0.00980,0.19100,0.12940,0.05200,0.12940,14.90350,0.0088,0.2006
2020-06-30,10.51700,2.56300,7.95400,1.40200,-0.84900,4.26500,3.68900,-3.51700,0.17200,,0.17200,0.17200,-2.94200,6.01200,3.68900,29.43300,29.43300,-0.10000,-0.10000,1.16040,35.07650,35.07650,1.63540,-27.97380,0.00970,0.05730,0.03910,0.01580,0.03910,14.87060,-0.0964,0.1051
2020-03-31,11.65000,2.42700,9.22300,1.45100,-0.48300,3.93400,5.28900,-4.87000,0.41900,,0.41900,0.41900,-2.73700,7.36300,5.28900,29.54500,29.54500,-0.09000,-0.09000,1.14020,45.39910,45.39910,3.59660,-23.49360,0.01060,0.13670,0.09340,0.03800,0.09340,15.01380,0.43550,0.40230
2019-12-31,21.87900,1.81300,20.06600,1.86500,-1.53600,5.43200,14.63400,-4.85500,9.77900,,9.77900,9.77900,6.05700,16.73300,14.63400,30.16900,30.16900,0.20000,0.21000,1.12050,66.88610,66.88610,44.69580,27.68410,0.01980,3.11880,2.14260,0.88690,2.14260,15.23740,0.3599,0.2414
2019-09-30,9.84800,2.66900,7.17900,1.44400,-0.42200,3.95300,3.22600,-4.68900,-1.46300,,-1.46300,-1.46300,-4.49900,5.38800,3.22600,29.49700,29.49700,-0.15000,-0.15000,1.13210,32.75790,32.75790,-14.85580,-45.68440,0.00900,-0.47360,-0.32390,-0.13340,-0.32390,15.01900,-0.0142,0.3525
2019-06-30,10.94800,2.18800,8.76000,1.41900,-1.29400,4.80600,3.95400,2.57100,6.52500,,6.52500,6.52500,2.90600,6.13400,3.95400,30.63700,48.37000,0.09000,0.08000,1.10970,36.11620,36.11620,59.59990,26.54370,0.00980,2.06050,1.41290,0.58690,1.41290,15.47470,-0.1985,0.3378
2019-03-31,10.88900,2.15400,8.73500,1.37400,-0.72300,4.21200,4.52300,-4.51400,0.00900,,0.00900,0.00900,-3.14000,6.72200,4.52300,30.79100,30.79100,-0.10000,-0.10000,1.10090,41.53730,41.53730,0.08270,-28.83640,0.00960,0.00270,0.00190,0.00080,0.00190,14.88190,0.44920,0.53170
2018-12-31,20.89400,2.52600,18.36800,1.99900,-0.56600,4.83900,13.52900,-5.13000,8.39900,,8.39900,8.39900,4.16300,15.70700,13.52900,32.16200,32.16200,0.12000,0.12000,1.08410,64.75070,64.75070,40.19810,19.92440,0.01830,2.47560,1.73880,0.73710,1.73880,15.78790,0.1988,0.1676
2018-09-30,12.54900,1.50200,11.04700,1.68800,-1.01600,4.89200,6.15500,-1.99800,4.15700,,4.15700,4.15700,0.48400,8.39700,6.15500,32.22200,32.22200,0.02000,0.02000,1.07160,49.04770,49.04770,33.12610,3.85690,0.01100,1.21460,0.85070,0.36300,0.85070,15.41640,-0.0103,0.6226
2018-06-30,11.41900,2.10900,9.31000,1.70100,-0.29500,4.12200,5.18800,-4.20700,0.98100,,0.98100,0.98100,-2.32300,7.42900,5.18800,32.54200,32.54200,-0.07000,-0.07000,1.07940,45.43310,45.43310,8.59090,-20.34330,0.00980,0.28000,0.19840,0.08400,0.19840,15.04630,-0.0233,-0.09
2018-03-31,11.20700,1.69700,9.51000,1.96400,-0.46400,4.68900,4.82100,-4.31800,0.50300,,0.50300,0.50300,-2.74400,7.05200,4.82100,33.01400,33.01400,-0.08000,-0.08000,1.02010,43.01780,43.01780,4.48830,-24.48470,0.00960,0.14080,0.09980,0.04330,0.09980,15.32860,0.45670,-0.51500
2017-12-31,15.56300,1.49800,14.06500,1.41800,0.06300,3.91000,10.15500,-3.62700,6.52800,,6.52800,6.52800,2.46100,12.35600,10.15500,31.21000,31.21000,0.10000,0.10000,0.99790,65.25090,65.25090,41.94560,15.81310,0.01330,1.75980,1.26710,0.55980,1.26710,15.45450,0.1333,-3.8064
2017-09-30,12.04600,1.40000,10.64600,1.70700,-0.53800,4.53200,6.11400,-3.50400,2.61000,,2.61000,2.61000,0.22100,8.27400,6.11400,32.86200,32.86200,0.01000,0.01000,0.89520,50.75540,50.75540,21.66690,1.83460,0.01080,0.69660,0.50300,0.23310,0.50300,15.90150,-0.0508,-0.2365
2017-06-30,11.46000,1.19600,10.26400,2.05200,-0.42200,4.71300,5.55100,-3.53000,2.02100,,2.02100,2.02100,0.77200,7.64200,5.55100,32.45700,32.45700,0.02000,0.02000,1.25730,48.43810,48.43810,17.63530,6.73650,0.01130,0.52350,0.52350,0.19950,0.52350,11.75980,0.0451,-0.0116
2017-03-31,7.15000,1.80300,5.34700,2.08100,-0.55600,4.63900,0.70800,-2.70900,-2.00100,,-2.00100,-2.00100,-2.54700,2.25900,0.70800,26.69900,26.69900,-0.10000,-0.10000,1.12180,9.90210,9.90210,-27.98600,-35.62240,0.00740,-0.51400,-0.51400,-0.20600,-0.51400,11.99670,-0.09780,-3.21280
2016-12-31,13.33200,0.85000,12.48200,2.25300,-0.76000,4.17000,8.31200,-1.88600,6.42600,-0.08600,6.51200,6.51200,3.83700,8.77200,8.31200,13.20400,13.20400,0.30000,0.30000,1.43220,62.34620,62.34620,48.19980,28.78040,0.02030,3.02050,3.02050,0.99340,3.02050,12.42550,0.1177,-0.981
2016-09-30,6.94600,0.54800,6.39800,1.58700,-0.49000,4.20800,2.19000,-1.99300,0.19700,0.09700,0.10000,0.10000,-0.84100,2.50900,2.19000,13.68300,13.68300,-0.06000,-0.06000,1.70660,31.52890,31.52890,2.83620,-12.10770,0.01130,0.05640,0.05640,0.01630,0.05640,12.61500,-0.1345,-0.6694
2016-06-30,6.03100,0.54100,5.49000,1.65700,-0.18600,2.25600,3.23400,-1.91700,1.31700,,1.31700,1.31700,-0.03800,3.69900,3.23400,12.45200,12.45200,0.00000,0.00000,1.66530,53.62300,53.62300,21.83720,-0.63010,0.00990,0.73770,0.73770,0.21590,0.73770,13.51540,-0.0898,-0.9321
2016-03-31,4.69200,0.44000,4.25200,1.52600,-0.45600,2.35600,1.89600,-3.82600,-1.93000,,-1.93000,-1.93000,-1.78000,2.36700,1.89600,11.83400,11.83400,-0.15000,-0.15000,1.77500,40.40920,40.40920,-41.13390,-37.93690,0.00780,-1.18290,-1.18290,-0.32280,-1.18290,13.51560,0.48840,-7.44510
2015-12-31,4.60000,0.30700,4.29300,1.21600,-0.44400,2.02000,2.27300,-1.38400,0.88900,0.00600,0.88300,0.88300,0.52300,2.50600,2.27300,9.61900,9.62900,0.06300,0.06300,1.35040,49.41300,49.41300,19.32610,11.36960,0.01330,0.63740,0.63740,0.25600,0.63740,11.56470,0.0235,-2.6817
2015-09-30,4.16900,0.33800,3.83100,1.11200,-0.21600,1.67700,2.15400,-1.29200,0.86200,0.00400,0.85800,0.85800,0.49200,2.23500,2.15400,11.15400,11.15800,0.04000,0.04000,1.36080,51.66710,51.66710,20.67640,11.80140,0.01180,0.61430,0.61430,0.24370,0.61430,11.65750,-0.4328,1.5079
2015-06-30,2.88400,0.25900,2.62500,0.98900,-0.16200,1.41100,1.21400,-1.06900,0.14500,,0.14500,0.14500,-0.02400,1.51600,1.21400,7.89300,7.89300,-0.00300,-0.00300,1.73360,42.09430,42.09430,5.02770,-0.83220,0.00920,0.13700,0.13700,0.04630,0.13700,12.27650,0.551,-9.0654
2015-03-31,2.10300,0.20000,1.90300,0.87500,-0.26800,1.32700,0.57600,-0.77300,-0.19700,,-0.19700,-0.19700,-0.18200,0.80900,0.57600,7.53000,7.53000,-0.02000,-0.02000,1.29610,27.38940,27.38940,-9.36760,-8.65430,0.01050,-0.23690,-0.23690,-0.09880,-0.23690,10.66720,0.65740,-1.10030
2014-12-31,1.48390,0.07440,1.40950,0.81570,-0.37180,1.38960,0.01990,-0.31870,-0.29870,,-0.29870,-0.29870,-0.26240,0.17950,0.01990,4.26500,4.26500,-0.03000,-0.03000,1.35900,1.34420,1.34420,-20.13120,-17.68100,0.00740,-0.35760,-0.35760,-0.14890,-0.35760,10.80260,0.1541,-23.6043
2014-09-30,1.26210,0.06510,1.19700,0.64600,-0.08720,0.87590,0.32100,-0.28620,0.03480,,0.03480,0.03480,0.00520,0.45350,0.32100,6.30500,6.31000,0.00000,0.00000,0.60740,25.43640,25.43640,2.75780,0.40810,0.00910,0.04110,0.04110,0.02500,0.04110,10.95620,-0.4494,4.0702
2014-06-30,0.78640,0.05970,0.72670,0.74010,-0.10250,0.97980,-0.25310,-0.28850,-0.54170,,-0.54170,-0.54170,-0.38080,-0.13210,-0.25310,3.13200,3.13200,-0.12000,-0.12000,0.73030,-32.18880,-32.18880,-68.87960,-48.42120,0.01020,-1.28620,-1.28620,-0.70390,-1.28620,10.49140,0.7134,-9.66
2014-03-31,0.68570,0.04980,0.63590,0.07330,-0.05350,0.16670,0.46920,-0.33460,0.13460,,0.13460,0.13460,,0.52320,0.46920,,,,0.00000,-12.26930,68.42610,68.42610,19.62950,,0.01680,-3.92620,-3.92620,0.32940,-3.92620,-0.85400,0.00000,
2013-12-31,0.66000,0.05050,0.60950,0.72910,,0.76460,-0.15510,-0.36200,-0.46580,0.00000,-0.46580,-0.46580,-0.46580,-0.10540,-0.15510,,,,0.00000,-9.11830,-23.50000,-23.50000,-70.57580,-70.57580,0.01660,9.86250,9.86250,-1.17420,9.86250,,0.1583,0.5823
2013-09-30,0.57670,,0.57670,0.00790,,,0.51590,-0.34650,0.16940,,0.16940,0.16940,0.16940,0.56710,0.51590,3.16900,3.16900,0.05350,0.05350,,89.45860,89.45860,29.37630,29.37630,,,,,,,-0.1583,-0.5823
2013-06-30,0.56430,,0.56430,0.00790,-0.02390,,0.49690,-0.32650,0.17050,,0.17050,0.17050,0.17050,0.54500,0.49690,0.00000,0.00000,0.00000,0.00000,,88.05930,88.05930,30.20550,30.20550,,,,,,,0,0
2013-03-31,0.56300,0.01450,0.54850,,-0.00790,0.04260,0.50590,-0.32830,0.17760,,0.17760,0.17760,0.17760,0.55690,0.50590,,,,0.00000,,89.85830,89.85830,31.55280,31.55280,,,,,,,0.00000,
2012-12-31,,,,,,,,,,,,,,,,,,,0.00000,,,,,,,,,,,,0,0
