Date,revenue,cost-goods-sold,gross-profit,selling-general-administrative-expenses,operating-expenses,operating-income,total-non-operating-income-expense,pre-tax-income,total-provision-income-taxes,income-after-taxes,income-from-continuous-operations,net-income,ebitda,ebit,basic-shares-outstanding,shares-outstanding,eps-basic-net-earnings-per-share,eps-earnings-per-share-diluted,current-ratio,long-term-debt-capital,debt-equity-ratio,gross-margin,operating-margin,ebit-margin,pre-tax-profit-margin,net-profit-margin,asset-turnover,inventory-turnover,receiveable-turnover,days-sales-in-receivables,roe,return-on-tangible-equity,roa,roi,book-value-per-share,operating-cash-flow-per-share,free-cash-flow-per-share
2024-03-31,223.84900,135.69100,88.15800,79.69500,79.69500,8.46300,10.19300,18.65600,0.05400,18.60200,18.60200,18.60200,24.87900,8.46300,48.32000,50.04900,0.38000,0.37000,4.96620,0.29970,0.43000,39.38280,3.78070,3.78070,8.33420,8.31010,0.15120,1.88810,3.26750,27.54370,1.90230,1.90230,1.25640,1.33220,20.18880,0.10800,-0.82050
2023-12-31,215.42110,140.84600,74.57500,59.68000,59.68000,14.89510,0.39600,15.29000,0.00000,15.29000,15.29000,15.29000,28.48810,14.89500,48.16300,48.16300,0.32000,0.32000,4.78940,0.30540,0.44170,34.61830,6.91440,6.91440,7.09770,7.09770,0.14710,2.22720,3.79570,23.71110,1.60360,1.60360,1.04410,1.11390,19.75540,0.7681,-0.8421
2023-09-30,200.62100,134.32800,66.29300,73.37100,73.37100,-7.07800,-0.01800,-7.09600,0.07000,-7.16600,-7.16600,-7.16600,10.93800,-7.07800,48.19400,48.19400,-0.15000,-0.15000,5.51960,0.30870,0.44880,33.04390,-3.52800,-3.52800,-3.53700,-3.57190,0.13890,2.27430,3.68690,24.41100,-0.76350,-0.76350,-0.49610,-0.52780,19.46160,0.8134,-0.4109
2023-06-30,183.33100,124.08700,59.24400,75.99600,75.99600,-16.75200,0.77900,-15.97200,0.07000,-16.04200,-16.95200,-16.95200,-2.75400,-16.75200,48.13200,48.13200,-0.35000,-0.35000,6.29040,0.29480,0.41810,32.31530,-9.13760,-9.13760,-8.71210,-9.24670,0.13000,1.90120,3.53310,25.47310,-1.80770,-1.80770,-1.20200,-1.27470,19.46220,0.2812,-0.6406
2023-03-31,167.52200,116.76200,50.76000,72.27100,72.27100,-21.51100,-2.22500,-23.73600,0.07000,-23.80600,-24.78600,-24.78600,-4.54100,-21.51100,48.04700,48.04700,-0.52000,-0.52000,9.20620,0.29210,0.41270,30.30050,-12.84070,-12.84070,-14.16890,-14.79570,0.11970,1.76060,3.38340,26.60050,-2.61210,-2.61210,-1.77040,-1.84900,19.72410,-0.28600,-1.49390
2022-12-31,165.83300,120.17700,45.65600,47.72100,47.72100,-2.06510,0.06900,-1.99700,0.15900,-2.15600,-2.91700,-2.91700,8.26690,-2.06500,46.19100,46.19100,-0.05000,-0.05000,2.92330,,,27.53070,-1.24530,-1.24520,-1.20420,-1.75900,0.14740,2.06170,2.88040,31.24520,-0.28280,-0.28280,-0.25920,-0.28280,21.47450,0.1859,-1.2962
2022-09-30,151.33300,106.78800,44.54500,60.44900,60.44900,-15.90400,-1.56100,-17.46500,0.04100,-17.50600,-18.44900,-18.44900,-7.17200,-15.90400,47.85600,47.85600,-0.39000,-0.39000,2.92790,,0.07080,29.43510,-10.50930,-10.50930,-11.54080,-12.19100,0.12980,1.65990,3.13740,28.68610,-1.79130,-1.79130,-1.58290,-1.79130,21.53600,0.2457,-1.1742
2022-06-30,146.00700,94.92700,51.08000,69.21500,69.21500,-18.13500,-1.69300,-19.82800,0.04100,-19.86900,-20.58600,-20.58600,-9.98800,-18.13500,45.63600,45.63600,-0.45000,-0.45000,6.41910,0.05920,0.07310,34.98460,-12.42060,-12.42060,-13.58020,-14.09930,0.12440,1.56440,2.35150,38.27280,-1.99350,-1.99350,-1.75420,-1.87540,21.59490,-0.5666,-1.3588
2022-03-31,132.17100,87.41900,44.75200,60.63100,60.63100,-15.87900,-0.31300,-16.19100,0.04100,-16.23200,-17.54200,-17.54200,-7.74000,-15.87900,43.43700,43.43700,-0.40000,-0.40000,1.48240,0.05790,0.06820,33.85990,-12.01400,-12.01400,-12.25000,-13.27220,0.15490,1.92930,2.15060,41.84900,-2.47750,-2.47750,-2.05540,-2.33400,16.28800,-0.80080,-2.08750
2021-12-31,115.86900,74.65400,41.21500,48.85400,48.85400,-7.63900,-0.63200,-8.27100,0.11400,-8.38500,-9.26600,-9.26600,0.53900,-7.63890,42.93100,42.93100,-0.21000,-0.21000,2.55020,,,35.57030,-6.59280,-6.59270,-7.13820,-7.99700,0.14770,2.09860,3.33150,27.01500,-1.28740,-1.28740,-1.18130,-1.28740,16.57080,0.092,-2.3192
2021-09-30,107.59000,66.06500,41.52500,42.36500,42.36500,-0.84000,-0.67500,-1.51500,0.01600,-1.53100,-2.07000,-2.07000,7.10400,-0.84000,43.37300,43.37300,-0.05000,-0.05000,8.27300,,,38.59560,-0.78080,-0.78080,-1.40810,-1.92400,0.14190,2.25440,3.33950,26.94980,-0.28610,-0.28610,-0.27300,-0.28610,16.67480,-0.1447,-2.5206
2021-06-30,108.61600,65.52500,43.09100,49.55700,49.55700,-6.46600,-0.65600,-7.12200,0.01600,-7.13800,-7.47500,-7.47500,1.38600,-6.46600,43.30300,43.30300,-0.17000,-0.17000,6.02460,,,39.67280,-5.95310,-5.95310,-6.55700,-6.88200,0.13860,2.66390,3.19820,28.14120,-1.03850,-1.03850,-0.95410,-1.03850,16.60120,0.1996,-1.3309
2021-03-31,93.41400,57.09900,36.31500,46.03300,46.03300,-9.71800,-0.90600,-10.62400,0.01600,-10.64000,-10.88800,-10.88800,-2.01200,-9.71800,41.62700,41.62700,-0.26000,-0.26000,8.64290,,,38.87530,-10.40320,-10.40320,-11.37300,-11.65560,0.12070,2.61620,3.24150,27.76480,-1.50930,-1.50930,-1.40680,-1.50930,16.68820,-0.13180,-1.31690
2020-12-31,84.52200,53.99000,30.53200,33.63500,33.63510,-3.10310,-0.19600,-3.29800,-0.00100,-3.29700,-3.29700,-3.29800,3.14700,-3.10300,39.75800,39.75800,-0.07000,-0.07000,3.29390,,,36.12430,-3.67130,-3.67130,-3.90190,-3.90190,0.19460,2.82390,4.58410,19.63300,-0.83640,-0.83640,-0.75900,-0.83640,9.68050,0.2198,-0.7686
2020-09-30,84.19000,47.53500,36.65500,32.89500,32.89500,3.76000,-0.19100,3.56900,0.02200,3.54700,3.54700,3.54700,8.88400,3.76000,40.56000,41.70000,0.09000,0.09000,5.73550,,,43.53720,4.46610,4.46610,4.23920,4.21310,0.19770,2.71460,3.88970,23.13820,0.89910,0.89910,0.83270,0.89910,9.70910,0.4366,-0.195
2020-06-30,79.98000,46.04700,33.93300,33.70200,33.70200,0.23100,-0.05600,0.17500,0.02200,0.15300,0.15300,0.15300,5.73800,0.23100,40.33900,41.51000,0.00000,0.00000,8.89230,,,42.42690,0.28880,0.28880,0.21880,0.19130,0.19420,2.46330,3.53090,25.48910,0.03980,0.03980,0.03710,0.03980,9.50410,-0.0565,-0.9068
2020-03-31,70.09800,38.30800,31.79000,34.67600,34.67600,-2.88600,-0.68200,-3.56900,0.02200,-3.59100,-3.59100,-3.59000,2.19200,-2.88600,37.44400,37.44400,-0.10000,-0.10000,5.21360,,,45.35080,-4.11710,-4.11710,-5.09140,-5.12140,0.16230,2.39340,3.45390,26.05760,-0.94060,-0.94060,-0.83130,-0.94060,9.48390,-0.06680,-0.98120
2019-12-31,65.75170,35.50190,30.24980,25.37430,25.37430,4.87550,-0.15600,4.71940,0.08630,4.63320,4.63320,4.63320,9.17580,4.87550,35.95000,35.95000,0.13000,0.14000,1.29390,0.29330,0.41490,46.00610,7.41500,7.41500,7.17770,7.04650,0.27850,2.83060,3.53870,25.43340,3.52960,3.52960,1.96220,2.49460,3.63130,0.3604,-0.5119
2019-09-30,65.26590,34.56030,30.70560,27.17110,27.17110,3.53450,-0.44810,3.08640,0.01930,3.06720,3.06720,3.06720,7.65150,3.53450,36.08000,37.28900,0.09000,0.08000,1.36460,0.22240,0.28600,47.04700,5.41550,5.41550,4.72900,4.69950,0.31640,2.59720,3.34680,26.89100,2.47800,2.47800,1.48680,1.92700,3.43000,0.3672,-0.0882
2019-06-30,60.05220,32.72560,27.32660,32.67230,32.67230,-5.34570,-0.29640,-5.64210,0.01930,-5.66140,-5.66140,-5.66140,-1.37880,-5.34570,35.93000,35.93000,-0.16000,-0.16000,1.50540,0.19500,0.24220,45.50470,-8.90180,-8.90180,-9.39530,-9.42740,0.33140,2.47440,3.10240,29.00940,-4.81440,-4.81440,-3.12470,-3.87570,3.25960,-0.1487,-0.4928
2019-03-31,54.79220,28.87720,25.91500,29.23230,29.23230,-3.31730,-0.08550,-3.40280,0.01930,-3.42200,-3.42200,-3.42200,0.43160,-3.31730,35.66830,35.66830,-0.10000,-0.10000,1.08450,,0.08300,47.29680,-6.05430,-6.05430,-6.21030,-6.24540,0.34300,2.59940,3.52170,25.55560,-2.83930,-2.83930,-2.14230,-2.83930,3.36160,-0.12500,-0.41800
2018-12-31,51.64280,28.27470,23.36810,21.47820,21.47820,1.88990,-0.11240,1.77750,0.01990,1.75760,1.75760,1.75760,5.56830,1.88990,35.32900,35.32900,0.05000,0.05000,1.69940,,,45.24950,3.65960,3.65960,3.44200,3.40340,0.36900,3.03470,4.18950,21.48220,1.44690,1.44690,1.25580,1.44690,3.41780,0.2848,0.1823
2018-09-30,50.79960,27.18370,23.61600,23.57230,23.57230,0.04360,-0.12180,-0.07810,0.01900,-0.09720,-0.09720,-0.09720,3.69530,0.04360,35.39700,35.39700,0.00000,0.00000,1.44850,,0.01710,46.48850,0.08590,0.08590,-0.15380,-0.19130,0.37410,3.12130,3.52250,25.55030,-0.08320,-0.08320,-0.07160,-0.08320,3.28930,0.1519,0.0472
2018-06-30,47.62500,24.74710,22.87790,26.28750,26.28750,-3.40960,-0.07190,-3.48150,0.01900,-3.50050,-3.50050,-3.50050,0.08020,-3.40960,35.24200,35.24100,-0.10000,-0.10000,1.23250,,0.03540,48.03760,-7.15930,-7.15930,-7.31020,-7.35020,0.35710,2.40490,4.28270,21.01460,-3.09730,-3.09730,-2.62450,-3.09730,3.20130,0.0955,-0.0164
2018-03-31,43.16960,23.04160,20.12800,23.53790,23.53790,-3.40990,-0.09200,-3.50190,0.01900,-3.52090,-3.52090,-3.52090,-0.04680,-3.40990,35.13700,35.13700,-0.10000,-0.10000,1.31990,,0.05230,46.62540,-7.89890,-7.89890,-8.11200,-8.15610,0.31920,2.33330,3.56800,25.22450,-3.06900,-3.06900,-2.60370,-3.06900,3.26500,-0.00640,-0.14800
2017-12-31,39.82850,20.88850,18.94010,17.32280,17.32270,1.61730,-0.08950,1.52780,0.01290,1.51490,1.51490,1.51490,4.92640,1.61730,34.48700,34.48700,0.06000,0.06000,1.61500,,,47.55400,4.06070,4.06070,3.83600,3.80350,0.29740,2.06440,3.13080,28.74660,1.29590,1.29590,1.13140,1.29590,3.32740,0.1498,0.0853
2017-09-30,40.12500,20.62230,19.50270,19.30370,19.30370,0.19900,-0.42380,-0.22480,0.02080,-0.24550,-0.24550,-0.24550,3.73170,0.19900,34.66600,34.66600,-0.01000,-0.01000,1.20760,,0.04930,48.60490,0.49600,0.49600,-0.56020,-0.61200,0.30370,2.37290,3.23850,27.79090,-0.22020,-0.22020,-0.18580,-0.22020,3.20070,0.1511,0.0476
2017-06-30,38.72840,20.55850,18.16980,19.99700,19.99700,-1.82710,-0.80430,-2.63140,0.02080,-2.65220,-2.65220,-2.65220,1.36010,-1.82710,34.28700,34.28700,-0.08000,-0.08000,1.02270,,0.06950,46.91610,-4.71780,-4.71780,-6.79450,-6.84810,0.30080,2.67480,3.36340,26.75860,-2.45670,-2.45670,-2.06010,-2.45670,3.12790,-0.065,-0.1768
2017-03-31,33.67760,17.87430,15.80330,18.54380,18.54380,-2.74050,-0.11830,-2.85880,0.02080,-2.87950,-2.87950,-2.87950,0.34940,-2.74050,33.56300,33.56300,-0.09000,-0.09000,0.93640,,0.05400,46.92520,-8.13740,-8.13740,-8.48870,-8.55030,0.26560,2.34960,3.86260,23.30030,-2.70670,-2.70670,-2.27080,-2.70670,3.12520,0.06190,-0.03540
2016-12-31,30.71460,15.49420,15.22030,13.66930,13.66940,1.55100,-0.29680,1.25420,0.02080,1.23340,1.23340,1.23340,4.52060,1.55100,33.67400,33.67400,0.04000,0.04000,1.03080,,0.06490,49.55410,5.04970,5.04970,4.08330,4.01570,0.24290,2.86790,3.45620,26.04010,1.14430,1.14430,0.97540,1.14430,3.17360,0.1659,0.0401
2016-09-30,34.53620,19.18530,15.35090,14.54270,14.54270,0.80820,-0.17250,0.63570,0.01500,0.62070,0.62070,0.62070,3.56620,0.80820,33.71800,34.17100,0.02000,0.02000,0.98420,,0.08570,44.44870,2.34010,2.34010,1.84080,1.79730,0.27720,3.03530,3.98370,22.59210,0.59100,0.59100,0.49820,0.59100,3.10370,0.1116,-0.0188
2016-06-30,33.00220,18.09040,14.91180,17.88680,17.88680,-2.97490,-0.25310,-3.22800,0.01500,-3.24300,-3.24300,-3.24300,-0.77240,-2.97490,33.55400,33.55400,-0.10000,-0.10000,0.90340,,0.07850,45.18430,-9.01440,-9.01440,-9.78120,-9.82660,0.26950,2.30020,4.01180,22.43360,-3.18340,-3.18340,-2.64820,-3.18340,3.03420,0.0425,-0.2016
2016-03-31,31.45370,16.56580,14.88790,16.48710,16.48710,-1.59920,-0.15760,-1.75680,0.01500,-1.77180,-1.77180,-1.77180,0.50800,-1.59920,33.53700,33.53700,-0.05000,-0.05000,1.51610,,,47.33270,-5.08430,-5.08430,-5.58540,-5.63300,0.27520,2.02430,4.40930,20.41130,-1.71670,-1.71670,-1.55040,-1.71670,3.07730,0.06010,-0.32870
2015-12-31,30.20180,16.51240,13.68940,10.82070,10.82070,2.86870,-0.07590,2.79280,0.01250,2.78030,2.78030,2.78030,4.93510,2.86870,33.49800,33.49800,0.09000,0.09000,2.77600,,,45.32650,9.49840,9.49840,9.24710,9.20560,0.26700,2.40940,4.29570,20.95120,2.67460,2.67460,2.45830,2.67460,3.09960,0.0529,-0.2306
2015-09-30,30.57050,16.52400,14.04660,16.06020,16.06020,-2.01370,0.35330,-1.66040,0.01500,-1.67540,-1.67540,-1.67540,-0.05700,-2.01370,33.50900,33.50900,-0.05000,-0.05000,3.60480,,,45.94800,-6.58710,-6.58710,-5.43120,-5.48030,0.27310,2.42930,4.34900,20.69450,-1.63020,-1.63020,-1.49640,-1.63020,3.06650,0.0868,-0.1369
2015-06-30,28.35940,14.69920,13.66020,15.73830,15.73830,-2.07810,-0.13560,-2.21370,0.01500,-2.22870,-2.22870,-2.22870,-0.17300,-2.07810,33.48500,33.48500,-0.07000,-0.07000,3.70890,,,48.16800,-7.32770,-7.32770,-7.80570,-7.85860,0.25120,1.88180,4.50330,19.98550,-2.17350,-2.17350,-1.97440,-2.17350,3.06040,0.0284,-0.2717
2015-03-31,27.05470,13.80170,13.25300,15.67760,15.67760,-2.42460,-0.14750,-2.57210,0.01500,-2.58710,-2.58710,-2.58710,-0.63440,-2.42460,33.47000,33.47000,-0.08000,-0.08000,4.97590,,,48.98610,-8.96180,-8.96180,-9.50690,-9.56240,0.23940,1.85830,4.14090,21.73460,-2.51890,-2.51890,-2.28960,-2.51890,3.06860,0.03310,-0.11520
2014-12-31,24.50820,12.52970,11.97850,11.09060,11.09060,0.88790,-17.31690,-16.42900,0.01780,-16.44680,-16.44680,-100.64290,3.29510,0.88790,13.63200,13.63200,-7.14000,-7.14000,5.53800,,,48.87550,3.62300,3.62300,-67.03470,-410.64980,0.21790,1.71310,4.57210,19.68470,-15.90710,-15.90710,-14.62430,-15.90710,3.08930,-0.2545,-0.2208
2014-09-30,22.51970,11.64570,10.87400,12.21240,12.21240,-1.33840,-8.13680,-9.47520,0.00800,-9.48320,-9.48320,-12.38030,0.34540,-1.33840,10.42100,10.42100,-1.19000,-1.19000,1.02780,2.03090,-1.97000,48.28660,-5.94330,-5.94330,-42.07540,-54.97530,0.29920,1.69620,5.32380,16.90520,5.89140,21.81130,-12.60120,-22.48530,-4.17220,-0.0176,-0.5679
2014-06-30,20.38600,10.31320,10.07280,13.40130,13.40130,-3.32840,-2.93040,-6.25880,0.00800,-6.26680,-6.26680,-10.77110,-1.72930,-3.32840,14.03600,14.03600,-0.77000,-0.77000,1.08960,1.69310,-2.44290,49.41050,-16.32700,-16.32700,-30.70140,-52.83560,0.27370,1.79270,3.79490,23.71580,4.21070,18.30350,-8.41310,-12.68540,-3.28550,-0.3012,-0.7004
2014-03-31,19.35020,10.05710,9.29310,11.59450,11.59450,-2.30140,-2.83280,-5.13420,0.00800,-5.14220,-5.14220,-7.48560,-0.65040,-2.30140,14.03600,14.03600,-0.53000,-0.53000,,,,48.02600,-11.89340,-11.89340,-26.53320,-38.68510,,,,,,,,,,-0.01550,-0.33780
2013-12-31,,,,,,,,,,,,,,,,,,0.00000,,,,,,,,,,,,,,,,,,0.835,2.9507
2013-09-30,16.69890,9.42150,7.27740,11.45970,11.45970,-4.18230,-2.30540,-6.49560,0.00790,-6.50350,-6.50350,-8.64740,-2.75030,-4.18230,10.41300,10.41300,-0.83000,-0.83000,,,,43.58000,-25.04550,-25.04550,-38.89860,-51.78410,,,,,,,,,,-0.835,-2.9507
2013-06-30,,,,,,,,0.00000,0.00000,,0.00000,,,,,,,0.00000,,,,,,,,,,,,,,,,,,0,0
2012-12-31,,,,,,,,,,,,,,,,,,0.00000,,,,,,,,,,,,,,,,,,0,0
