Date,revenue,cost-goods-sold,gross-profit,research-development-expenses,selling-general-administrative-expenses,operating-expenses,operating-income,total-non-operating-income-expense,pre-tax-income,total-provision-income-taxes,income-after-taxes,income-from-continuous-operations,net-income,ebitda,ebit,basic-shares-outstanding,shares-outstanding,eps-basic-net-earnings-per-share,eps-earnings-per-share-diluted,current-ratio,gross-margin,operating-margin,ebit-margin,pre-tax-profit-margin,net-profit-margin,asset-turnover,receiveable-turnover,days-sales-in-receivables,roe,return-on-tangible-equity,roa,roi,book-value-per-share,operating-cash-flow-per-share,free-cash-flow-per-share
2023-09-30,153.55000,26.26300,127.28700,34.88500,131.13700,166.02200,-38.73500,10.99300,-27.74200,3.29100,-31.03300,-31.03300,-31.03300,-33.90600,-38.73500,294.14600,294.14600,-0.11000,-0.11000,4.31600,82.89610,-25.22630,-25.22630,-18.06710,-20.21040,0.10830,1.91230,47.06260,-2.93180,-2.94910,-2.18840,-2.93180,3.58980,0.0805,0.0744
2023-06-30,145.07900,24.86100,120.21800,34.18000,129.32700,163.50700,-43.28900,11.21600,-32.07300,3.58500,-35.65800,-35.65800,-35.65800,-38.73700,-43.28900,291.99500,291.99500,-0.12000,-0.12000,4.47010,82.86380,-29.83820,-29.83820,-22.10730,-24.57830,0.10360,1.96290,45.84960,-3.37140,-3.39120,-2.54640,-3.37140,3.61170,0.0678,0.0619
2023-03-31,137.69200,25.23600,112.45600,32.85700,127.70600,160.56300,-48.10700,9.47900,-38.62800,4.03600,-42.66400,-42.66400,-42.66400,-42.89800,-48.10700,290.13300,290.13300,-0.15000,-0.15000,4.52120,81.67210,-34.93810,-34.93810,-28.05390,-30.98510,0.09900,1.89120,47.58900,-4.06150,-4.08560,-3.06750,-4.06150,3.61550,0.03970,0.03140
2022-12-31,133.17000,25.15600,108.01400,34.65800,133.96400,168.62200,-60.60800,9.97300,-50.63500,4.84200,-55.47700,-55.47700,-55.47700,-54.65800,-60.60800,284.58700,284.58700,-0.20000,-0.20000,4.70020,81.10990,-45.51170,-45.51170,-38.02280,-41.65880,0.09650,1.88970,47.62560,-5.27440,-5.30560,-4.01940,-5.27440,3.63830,0.0249,0.0137
2022-09-30,128.76000,24.17900,104.58100,35.87100,126.99800,162.86900,-58.28800,2.24900,-56.03900,1.80400,-57.84300,-57.84300,-57.84300,-51.40100,-58.28800,286.69700,286.69700,-0.20000,-0.20000,5.02900,81.22170,-45.26870,-45.26870,-43.52210,-44.92310,0.09450,2.26550,39.72620,-5.45690,-5.49190,-4.24350,-5.45690,3.69230,-0.0146,-0.0248
2022-06-30,121.43200,24.04200,97.39000,34.29700,130.44500,164.74200,-67.35200,-0.24200,-67.59400,2.15900,-69.75300,-69.75300,-69.75300,-59.79400,-67.35200,284.76100,284.76100,-0.24000,-0.24000,5.17280,80.20130,-55.46480,-55.46480,-55.66410,-57.44200,0.08810,2.19130,41.07110,-6.46090,-6.50330,-5.06080,-6.46090,3.78070,-0.0241,-0.0354
2022-03-31,114.63700,22.39500,92.24200,30.71700,108.64900,139.36600,-47.12400,0.60200,-46.52200,2.53700,-49.05900,-49.05900,-49.05900,-39.11000,-47.12400,278.18600,278.18600,-0.18000,-0.18000,5.60950,80.46440,-41.10720,-41.10720,-40.58200,-42.79510,0.08240,2.36450,38.06260,-4.41490,-4.44470,-3.52770,-4.41490,3.92560,0.00490,-0.00490
2021-12-31,105.48000,20.39800,85.08200,29.03000,112.42700,141.45700,-56.37500,-0.12500,-56.50000,18.23600,-74.73600,-74.73600,69.48490,-48.56300,-56.37500,130.65200,130.65200,9.89000,10.79000,6.36400,80.66170,-53.44610,-53.44620,-53.56470,65.87500,0.07110,2.03800,44.16040,-6.03660,-6.07630,-5.04020,-6.03660,4.52920,0.0187,0.0219
2021-09-30,96.61400,22.23600,74.37800,57.08700,157.54400,214.63100,-140.25300,22.92300,-117.33000,-9.91500,-107.41500,-107.41500,-2372.25300,-133.05200,-140.25300,95.93000,95.93000,-24.72000,-24.72000,7.06120,76.98470,-145.16840,-145.16840,-121.44200,-2455.39300,0.06500,2.18100,41.26550,-8.47200,-8.53370,-7.22120,-8.47200,4.81870,-0.0424,-0.0539
2021-06-30,88.34100,18.70300,69.63800,18.89500,57.18200,76.07700,-6.43900,0.13200,-6.30700,1.12200,-7.42900,-7.42900,-605.38400,0.22000,-6.43900,77.75300,77.75300,-7.79000,-7.79000,1.87380,78.82860,-7.28880,-7.28880,-7.13940,-685.28080,0.23260,2.18780,41.13730,0.24050,-4.17660,-1.95580,-3.94890,0.66850,0.0781,0.0336
2021-03-31,80.58700,16.69300,63.89400,15.39500,50.21400,65.60900,-1.71500,0.37300,-1.34200,1.07300,-2.41500,-2.41500,69.49500,4.50800,-1.71500,77.69600,233.44000,0.89000,-0.01000,,79.28570,-2.12810,-2.12810,-1.66530,86.23600,,,,,,,,,0.03330,0.02110
2020-12-31,,,,,,,,,,,,,,,,,,,0.00000,,,,,,,,,,,,,,,-0.2478,-0.1508
2020-09-30,66.18700,13.16300,53.02400,13.24900,39.72200,52.97100,0.05300,1.23900,1.29200,-0.09500,1.38700,1.38700,-267.97100,5.21600,0.05300,76.88000,76.88000,-3.49000,-3.49000,,80.11240,0.08010,0.08010,1.95200,-404.86960,,,,,,,,,0.2478,0.1508
2020-06-30,,,,0.00000,,,,,0.00000,0.00000,,0.00000,,,,,,,0.00000,,,,,,,,,,,,,,,0,0
2019-12-31,,,,,,,,,,,,,,,,,,,0.00000,,,,,,,,,,,,,,,0,0
