Date,revenue,cost-goods-sold,gross-profit,research-development-expenses,selling-general-administrative-expenses,other-operating-income-expenses,operating-expenses,operating-income,total-non-operating-income-expense,pre-tax-income,total-provision-income-taxes,income-after-taxes,income-from-continuous-operations,net-income,ebitda,ebit,basic-shares-outstanding,shares-outstanding,eps-basic-net-earnings-per-share,eps-earnings-per-share-diluted,current-ratio,long-term-debt-capital,debt-equity-ratio,gross-margin,operating-margin,ebit-margin,pre-tax-profit-margin,net-profit-margin,asset-turnover,inventory-turnover,receiveable-turnover,days-sales-in-receivables,roe,return-on-tangible-equity,roa,roi,book-value-per-share,operating-cash-flow-per-share,free-cash-flow-per-share
2024-03-31,794.10800,448.10500,346.00300,42.74200,45.82700,-14.29300,102.86200,243.14090,12.37800,255.51900,18.90300,236.61600,236.61600,236.61600,333.72490,243.14090,106.91000,107.40700,2.21000,2.20000,2.41160,0.05720,0.08980,43.57130,30.61810,30.61810,32.17690,29.79650,0.07380,0.46150,0.92930,96.84520,3.42800,3.47360,2.19890,3.23190,64.48480,2.49260,-1.35680
2023-12-31,1158.55300,656.51990,502.03310,43.86200,57.09400,-3.29300,104.24910,397.78400,-21.10300,376.68090,27.44200,349.23900,349.23900,349.23900,487.47500,397.78410,106.79500,107.37200,3.27000,3.25000,3.54840,0.06490,0.08380,43.33280,34.33460,34.33460,32.51310,30.14440,0.11180,0.80070,0.87730,102.58220,5.22230,5.29690,3.36940,4.88340,62.58920,5.2263,1.984
2023-09-30,801.09000,424.91500,376.17500,41.19000,50.17200,-11.84800,103.21010,272.96500,17.50000,290.46500,22.06700,268.39800,268.39800,268.39800,350.70790,272.96500,106.83400,107.49800,2.51000,2.50000,3.18900,0.06860,0.07920,46.95790,34.07420,34.07420,36.25870,33.50410,0.08360,0.48130,1.01770,88.43090,4.25870,4.32380,2.80090,3.96660,58.98670,1.5412,-1.1068
2023-06-30,810.67300,500.25300,310.42000,36.74500,46.32800,-58.83200,141.90500,168.51500,19.95600,188.47100,17.89200,170.57900,170.57900,170.57900,240.22000,168.51500,106.82700,107.27800,1.60000,1.59000,3.35660,0.06750,0.07240,38.29170,20.78710,20.78710,23.24870,21.04170,0.09010,0.66160,1.21280,74.20710,2.82430,2.87140,1.89590,2.63360,56.53450,-0.8355,-4.3989
2023-03-31,548.28600,436.23500,112.05100,30.51000,44.02800,-19.51100,94.04900,18.00200,17.67100,35.67300,-6.88800,42.56100,42.56100,42.56100,86.85700,18.00200,106.67500,107.15400,0.40000,0.40000,3.08290,0.05180,0.05460,20.43660,3.28330,3.28330,6.50630,7.76260,0.06400,0.58060,1.68960,53.26830,0.72520,0.73060,0.49690,0.68770,54.93780,-0.32290,-3.78480
2022-12-31,1002.39100,941.77800,60.61320,31.28400,42.73400,-32.50100,106.51900,-45.90560,39.33400,-6.57200,0.97600,-7.54800,-7.54800,-7.54800,24.63540,-45.90560,106.55100,106.55100,-0.06000,-0.06000,3.65250,0.03060,0.03160,6.04680,-4.57960,-4.57960,-0.65560,-0.75300,0.12150,1.51560,3.09060,29.12070,-0.12930,-0.13040,-0.09150,-0.12540,54.74260,7.4635,4.3932
2022-09-30,628.93300,607.95100,20.98200,29.18300,46.36800,-13.78400,89.33490,-68.35300,6.67300,-61.68000,-12.51200,-49.16800,-49.16800,-49.16800,-0.93000,-68.35300,106.59600,106.59600,-0.46000,-0.46000,4.09030,0.04180,0.04460,3.33610,-10.86810,-10.86810,-9.80710,-7.81770,0.08390,0.74990,1.74430,51.59740,-0.84360,-0.85110,-0.65620,-0.80830,54.67180,1.2079,-0.9008
2022-06-30,620.95500,644.15500,-23.20000,25.22900,38.89400,232.15000,-168.02700,144.82700,-5.22300,139.60400,83.79900,55.80500,55.80500,55.80500,211.38000,144.82700,106.58600,107.05600,0.52000,0.52000,4.21060,0.02800,0.02970,-3.73620,23.32330,23.32330,22.48220,8.98700,0.08370,0.79480,1.26760,71.00070,0.94650,0.95510,0.75220,0.92000,55.31110,0.83,-1.0171
2022-03-31,367.04000,355.57700,11.46300,27.10800,36.72800,-5.43100,69.26700,-57.80400,-4.95000,-62.75400,-19.49900,-43.25500,-43.25500,-43.25500,7.40300,-57.80400,106.41200,106.41200,-0.41000,-0.41000,4.07490,0.04040,0.04290,3.12310,-15.74870,-15.74870,-17.09730,-11.78480,0.04960,0.42290,1.13940,78.98560,-0.73620,-0.74350,-0.58460,-0.70650,55.12300,-1.30470,-2.75910
2021-12-31,907.31910,660.83000,246.48910,29.88100,38.41100,-5.03800,73.33030,173.15880,-5.99300,167.16600,35.79600,131.37000,131.37000,131.37000,238.45270,173.15860,106.26300,106.92400,1.22000,1.23000,4.39030,0.03810,0.04030,27.16670,19.08470,19.08470,18.42420,14.47890,0.12240,0.99180,1.99540,45.10410,2.20440,2.22680,1.77200,2.12040,56.04660,0.322,-1.5001
2021-09-30,583.50400,458.92400,124.58000,25.42600,43.47600,-4.81100,73.71300,50.86710,-4.82700,46.04000,0.83700,45.20300,45.20300,45.20300,116.56010,50.86710,106.32000,106.89900,0.43000,0.42000,4.25920,0.03980,0.04780,21.35030,8.71750,8.71750,7.89030,7.74680,0.08030,0.70880,2.13470,42.16060,0.77530,0.78370,0.62190,0.74450,54.83210,2.8567,1.3178
2021-06-30,629.18000,455.06200,174.11800,23.93500,36.34600,-3.46000,63.74100,110.37700,-7.58200,102.79500,20.34600,82.44900,82.44900,82.44900,176.08490,110.37700,106.31300,106.83600,0.78000,0.77000,4.77430,0.04560,0.04830,27.67380,17.54300,17.54300,16.33790,13.10420,0.08680,0.75460,1.05280,85.48610,1.42560,1.44180,1.13750,1.36060,54.39890,1.6577,0.8091
2021-03-31,803.37400,618.60700,184.76700,19.87300,52.08700,139.54100,-67.58110,252.34810,3.81300,256.16100,46.49000,209.67100,209.67100,209.67100,315.55310,252.34810,106.08800,106.89000,1.98000,1.96000,4.68650,0.04280,0.04510,22.99890,31.41100,31.41100,31.88570,26.09880,0.11300,1.12420,0.98320,91.53770,3.68180,3.72620,2.94940,3.52430,53.56720,-2.61460,-3.45810
2020-12-31,609.23210,449.37210,159.85990,22.67000,62.70000,-16.71600,102.08590,57.77410,-6.19200,51.58200,-66.40000,117.98200,115.70300,115.70300,117.42210,57.77390,105.86700,106.68600,1.09000,1.08000,3.55740,0.04130,0.05060,26.23960,9.48310,9.48310,8.46670,18.99160,0.08570,0.79170,2.08320,43.20360,2.09570,2.12290,1.62760,2.00920,52.09410,1.7455,0.9062
2020-09-30,927.56500,634.55000,293.01500,22.97200,49.86100,-13.01900,85.85200,207.16300,-13.95400,193.20900,38.10700,155.10200,155.03700,155.03700,266.56400,207.16300,105.96700,106.75100,1.46000,1.45000,3.83060,0.03930,0.04830,31.58970,22.33410,22.33410,20.82970,16.71440,0.13280,1.11760,3.01910,29.81020,2.87310,2.91250,2.21950,2.76040,50.91870,1.9563,0.9655
2020-06-30,642.41100,504.95100,137.46000,22.48300,51.77000,-12.31100,86.56400,50.89610,-4.07400,46.82200,10.21400,36.60800,36.91100,36.91100,108.49310,50.89610,105.92700,106.47300,0.35000,0.35000,3.65600,0.06910,0.08890,21.39750,7.92270,7.92270,7.28850,5.74570,0.09080,0.97440,1.82650,49.27540,0.70620,0.71660,0.52190,0.65740,49.32760,1.3917,0.3745
2020-03-31,532.12400,441.78600,90.33800,25.61300,58.58700,-4.48200,88.68200,1.65600,-0.07900,1.57700,-89.21500,90.79200,90.70400,90.70400,57.93500,1.65600,105.59500,106.38600,0.86000,0.85000,3.75170,0.07030,0.09140,16.97690,0.31120,0.31120,0.29640,17.04570,0.07660,0.92080,1.29350,69.57980,1.75490,1.78190,1.30530,1.63160,48.80390,-4.74560,-5.80350
2019-12-31,1399.37700,1065.82200,333.55490,25.42700,55.64300,-370.35100,451.42100,-117.86620,27.67200,-90.19400,-30.86500,-59.32900,-59.40800,-59.40800,-62.36120,-117.86620,105.31000,105.31000,-0.56000,-0.56000,2.73090,0.08180,0.09250,23.83600,-8.42280,-8.42280,-6.44530,-4.24530,0.18620,2.40310,2.12510,42.35180,-1.16560,-1.18400,-0.79050,-1.07020,48.33400,7.373,5.8294
2019-09-30,546.80600,408.44300,138.36300,24.91200,53.54200,-18.60500,97.05900,41.30410,4.28800,45.59210,15.03500,30.55710,30.62210,30.62200,92.45810,41.30410,105.39700,106.22700,0.29000,0.29000,4.00040,0.08020,0.09270,25.30390,7.55370,7.55370,8.33790,5.60020,0.07750,0.70820,1.02720,87.61550,0.59090,0.60030,0.43410,0.54350,49.16690,-2.9678,-4.6629
2019-06-30,584.95600,507.77400,77.18200,24.39500,50.93400,-10.43700,85.76600,-8.58400,1.87700,-6.70700,11.74400,-18.45100,-18.54800,-18.54800,41.36000,-8.58400,105.36900,105.36900,-0.18000,-0.18000,4.04620,0.08110,0.09370,13.19450,-1.46750,-1.46750,-1.14660,-3.17080,0.08200,0.86560,1.47160,61.15830,-0.36120,-0.36720,-0.25990,-0.33190,48.72500,0.1376,-1.5536
2019-03-31,531.97800,531.86600,0.11200,21.87700,45.35200,-9.52200,76.75100,-76.63900,7.81900,-68.82000,-1.39400,-67.42600,-67.59900,-67.59900,-27.76700,-76.63900,105.04600,105.04600,-0.64000,-0.64000,4.37870,0.09820,0.11130,0.02110,-14.40640,-14.40640,-12.93660,-12.70710,0.07330,1.15760,0.79540,113.14910,-1.31790,-1.34040,-0.93150,-1.18860,48.68550,-2.88860,-4.30870
2018-12-31,691.24100,592.93090,98.31010,21.38800,51.33800,-14.57600,87.30210,11.00800,37.17700,48.18500,-4.41600,52.60100,52.11600,52.11600,52.55200,11.00790,104.74500,106.11300,0.50000,0.50000,4.56500,0.08130,0.08960,14.22230,1.59250,1.59250,6.97080,7.53950,0.09710,1.52850,1.17870,76.35590,0.99980,1.01710,0.73180,0.91860,49.69640,-1.7487,-2.9692
2018-09-30,676.22000,547.09300,129.12700,22.39000,33.53900,-14.72300,70.65210,58.47490,4.90400,63.37900,2.39600,60.98300,57.75000,57.75000,92.90290,58.47490,104.80400,106.16300,0.55000,0.54000,4.47610,0.08230,0.09010,19.09540,8.64730,8.64730,9.37250,8.54010,0.09530,1.84810,1.20150,74.90900,1.11680,1.13640,0.81400,1.02490,49.33460,-2.1314,-4.3268
2018-06-30,309.31800,317.37600,-8.05800,20.37000,50.85400,-24.35200,95.57600,-103.63400,8.89400,-94.74000,-6.16400,-88.57600,-48.49100,-48.49100,-73.28900,-103.63400,104.77600,104.77600,-0.46000,-0.46000,4.88840,0.08070,0.08930,-2.60510,-33.50400,-33.50400,-30.62870,-15.67680,0.04400,1.35510,1.02050,88.18790,-0.94880,-0.96610,-0.69020,-0.87220,48.76840,1.2263,-0.6582
2018-03-31,567.26500,394.46700,172.79800,20.32400,41.12600,-37.08400,98.53400,74.26400,22.05900,96.32300,11.62500,84.69800,82.95100,82.95100,98.68300,74.26400,104.55000,106.30500,0.79000,0.78000,6.80880,0.07720,0.08490,30.46160,13.09160,13.09160,16.98030,14.62300,0.08290,2.26610,1.33580,67.37650,1.60780,1.63760,1.21270,1.48360,49.24800,-0.42600,-2.09780
2017-12-31,339.18090,277.11090,62.07000,23.58300,54.99700,-20.48800,97.14090,-35.07090,2.57800,-32.49300,398.76500,-431.25800,-432.45400,-432.45400,-9.30990,-35.07090,104.32800,104.32800,-4.15000,-4.13000,5.89410,0.06940,0.07720,18.30000,-10.33990,-10.33990,-9.57980,-127.49950,0.04940,1.60770,0.87780,102.53070,-8.48170,-8.64220,-6.29990,-7.89270,48.80630,4.2691,2.3214
2017-09-30,1087.02600,795.22600,291.80000,20.85000,50.54600,-12.62400,84.81100,206.98900,2.29300,209.28200,7.58000,201.70200,205.74700,205.74700,235.60100,206.98900,104.43200,105.66000,1.97000,1.95000,6.85040,0.05650,0.06230,26.84390,19.04180,19.04180,19.25270,18.92750,0.15410,3.65530,1.35920,66.21620,3.73240,3.79880,2.91650,3.52150,52.78460,5.4715,4.5682
2017-06-30,623.32600,512.43300,110.89300,21.34100,48.95700,-8.38100,96.96490,13.92800,-3.96200,9.96600,-40.02800,49.99400,51.96300,51.96300,41.90000,13.92800,104.33800,104.61100,0.50000,0.50000,6.82130,0.05490,0.06070,17.79050,2.23450,2.23450,1.59880,8.33640,0.09330,1.48760,1.02370,87.91910,0.98200,1.00060,0.77790,0.92810,50.68500,-1.6131,-2.6101
2017-03-31,891.79100,807.60700,84.18400,22.79900,48.19900,-1.15000,92.17900,-7.99500,23.35500,15.36000,5.67900,9.68100,9.12900,9.12900,24.97300,-7.99500,104.10300,104.41000,0.09000,0.09000,6.31860,0.04840,0.05310,9.43990,-0.89650,-0.89650,1.72240,1.02370,0.13500,1.86690,4.02210,22.37630,0.17460,0.17800,0.13820,0.16620,50.12760,4.72310,3.64090
2016-12-31,330.79500,322.94700,7.84800,29.47100,70.37000,-0.21400,829.00100,-821.15270,-11.03900,-832.19200,56.05300,-888.24500,-750.79000,-750.79000,-762.43370,-821.15300,102.86600,102.86600,-7.32000,-7.29000,4.17220,0.02980,0.03610,2.37250,-248.23610,-248.23620,-251.57330,-226.96530,0.04850,0.88910,0.69870,128.80590,-14.38750,-14.67560,-11.00160,-13.95840,50.15960,2.6047,2.0703
2016-09-30,681.27600,510.36800,170.90800,32.17300,60.34500,-0.75200,97.58400,73.32400,4.45400,77.77800,-68.20500,145.98300,150.45700,150.45700,130.46600,73.32400,103.33900,103.68400,1.46000,1.45000,2.46240,0.02640,0.13240,25.08650,10.76270,10.76270,11.41650,22.08460,0.08420,1.38280,1.19770,75.14550,2.53050,2.59660,1.86030,2.46370,57.21920,-0.8153,-1.2392
2016-06-30,1016.42400,834.37300,182.05100,32.93100,63.77600,-0.05500,182.29400,-0.24290,3.40800,3.16500,7.28800,-4.12300,-11.41500,-11.41500,56.46110,-0.24290,102.28700,102.28700,-0.11000,-0.11000,3.23160,0.02710,0.04020,17.91090,-0.02390,-0.02390,0.31140,-1.12310,0.13470,2.17000,1.87520,47.99420,-0.19670,-0.20180,-0.15130,-0.19130,56.71370,-0.5978,-1.3672
2016-03-31,876.06800,598.45700,277.61100,30.18700,67.50300,0.00000,97.69000,179.92100,34.07700,213.99800,28.03100,185.96700,195.63600,195.63600,238.29600,179.92100,101.85300,102.91900,1.92000,1.90000,3.07680,0.03450,0.05220,31.68830,20.53730,20.53730,24.42710,22.33110,0.11560,1.34860,2.00780,44.82620,3.40890,3.52690,2.58170,3.29120,56.14360,0.81830,0.31540
2015-12-31,1475.97900,1031.04600,444.93300,36.72800,62.88700,0.00000,99.61500,345.31790,-1.76800,343.55000,23.19500,320.35510,211.12000,211.12000,409.21990,345.31800,100.88600,101.81500,2.10000,2.11000,3.48210,0.04330,0.05220,30.14500,23.39590,23.39590,23.27610,14.30370,0.20170,2.71030,2.63660,34.13460,3.80500,3.94360,2.88560,3.64010,54.52150,0.853,0.5797
2015-09-30,1271.24500,786.88000,484.36500,29.63000,53.71600,-3.19800,86.54400,397.82100,0.06600,397.88700,48.45400,349.43300,349.31800,349.31800,462.58700,397.82100,100.90600,102.29900,3.46000,3.41000,3.62760,0.04380,0.05300,38.10160,31.29380,31.29380,31.29900,27.47840,0.18000,2.07520,2.23010,40.35740,6.48240,6.72890,4.94740,6.19850,53.39660,0.2343,-0.2009
2015-06-30,896.21700,731.73400,164.48300,29.47900,70.90100,-6.97000,107.35000,57.13300,1.48300,58.61600,-33.34000,91.95600,93.88500,93.88500,123.03000,57.13300,100.85200,101.60700,0.93000,0.92000,3.45280,0.04860,0.05940,18.35300,6.37490,6.37490,6.54040,10.47570,0.13170,1.51820,2.58140,34.86520,1.86230,1.93940,1.37990,1.77170,49.96950,-0.0511,-0.4259
2015-03-31,469.20900,430.22800,38.98100,34.75600,67.68800,-6.65000,109.09400,-70.11300,3.39000,-66.72300,-5.98000,-60.74300,-60.91700,-60.91700,-6.85300,-70.11300,100.37500,100.37500,-0.61000,-0.61000,3.19800,0.03860,0.04860,8.30780,-14.94280,-14.94280,-14.22030,-12.98290,0.07030,0.86630,1.39730,64.41130,-1.22150,-1.27340,-0.91270,-1.17430,49.47970,-4.23030,-4.78170
2014-12-31,1006.38800,700.28520,306.10270,34.94400,70.96800,-3.24900,109.16060,196.94210,2.73100,199.67300,11.44900,188.22400,189.59600,189.59600,259.60110,196.94200,100.04800,101.64300,1.89000,1.87000,3.07600,0.03140,0.04280,30.41600,19.56920,19.56920,19.84060,18.83930,0.14970,1.38650,4.73810,18.99510,3.79840,3.96040,2.82100,3.67890,49.77100,9.6719,8.9548
2014-09-30,890.28800,700.88600,189.40200,37.59300,66.52800,-1.40600,105.52700,83.87500,3.35500,87.23000,-6.94800,94.17800,89.83300,89.83300,143.70200,83.87500,100.19700,101.41500,0.90000,0.89000,3.54100,0.03300,0.04550,21.27420,9.42110,9.42110,9.79800,10.09030,0.13820,1.57430,1.08350,83.06600,1.87420,1.95770,1.39490,1.81230,47.83220,-0.4732,-1.178
2014-06-30,544.35300,451.62800,92.72500,32.65900,57.66700,-0.49100,90.81700,1.90800,2.45800,4.36600,-2.16600,6.53200,4.52800,4.52800,64.50000,1.90800,100.14800,101.81400,0.05000,0.04000,2.61740,0.02790,0.04170,17.03400,0.35050,0.35050,0.80210,0.83180,0.08230,1.17230,0.67810,132.73190,0.09700,0.10140,0.06850,0.09430,46.59710,1.1624,0.5495
2014-03-31,950.15800,713.44700,236.71100,38.77300,58.66400,0.00000,97.43700,139.27400,1.55800,140.83200,28.85300,111.97900,112.00700,112.00700,199.99400,139.27400,99.59100,101.82200,1.12000,1.10000,3.04230,0.02900,0.04290,24.91280,14.65800,14.65800,14.82200,11.78830,0.14900,1.84330,1.24060,72.54800,2.41740,2.52760,1.75660,2.34740,46.28990,-3.12480,-3.62390
2013-12-31,769.06390,577.88990,191.17400,38.42100,65.66100,0.00000,128.97420,62.19980,2.84000,65.04000,1.93700,63.10300,62.94000,62.94000,123.58580,62.19990,93.69700,95.46800,0.70000,0.70000,2.38830,0.03490,0.04960,24.85800,8.08770,8.08770,8.45700,8.18400,0.11170,1.48580,1.16930,76.96830,1.39770,1.46350,0.91440,1.34890,45.25430,2.3535,2.868
2013-09-30,1265.58700,901.55300,364.03410,34.98400,63.87000,0.00000,156.13000,207.90410,0.78400,208.68800,13.65000,195.03800,195.03800,195.03800,267.82810,207.90410,98.72000,100.37800,1.98000,1.94000,2.19810,0.03680,0.05190,28.76400,16.42750,16.42750,16.48940,15.41090,0.18440,2.89240,2.16520,41.56670,4.41320,4.49980,2.84200,4.25080,44.44310,3.4452,2.9111
2013-06-30,519.76000,379.66200,140.09800,30.96400,66.26500,-1.39200,101.00200,39.09600,1.96600,41.06200,7.46400,33.59800,33.59800,33.59800,95.54100,39.09600,89.20100,91.14200,0.38000,0.37000,1.94160,0.04470,0.06150,26.95440,7.52190,7.52190,7.90020,6.46410,0.07570,1.13580,0.79590,113.07450,0.80830,0.82310,0.48920,0.77210,42.57640,2.4255,1.5063
2013-03-31,755.20500,585.87900,169.32600,29.93100,74.46500,-1.37600,108.11900,61.20700,4.98200,66.18900,7.04700,59.14200,59.14200,59.14200,117.82200,61.20700,87.20600,89.37700,0.68000,0.66000,2.02810,0.12000,0.15300,22.42120,8.10470,8.10470,8.76440,7.83130,0.12000,1.50800,0.99470,90.48350,1.60980,1.64050,0.93960,1.41650,41.92890,0.74350,-0.05830
2012-12-31,1075.01100,781.46390,293.54710,31.63900,63.41700,-1.63700,121.53190,172.01520,-1.44100,170.57400,16.39600,154.17800,154.17800,154.17800,232.60020,172.01510,86.86000,86.86000,1.80000,1.82000,2.57160,0.12180,0.15600,27.30640,16.00130,16.00120,15.86720,14.34200,0.16930,1.79680,1.12620,79.91530,4.27620,4.35520,2.42850,3.75520,41.37390,3.8227,3.3803
2012-09-30,839.14700,600.43100,238.71590,32.37200,73.50700,-1.59500,131.67110,107.04490,3.71600,110.76100,22.84400,87.91700,87.91700,87.91700,170.94690,107.04490,86.99200,87.76500,1.01000,1.00000,2.37760,0.11930,0.15320,28.44750,12.75640,12.75640,13.19920,10.47700,0.14030,1.11690,0.96830,92.94280,2.54230,2.59140,1.46980,2.23910,39.73930,0.2482,-0.3999
2012-06-30,957.33200,713.59100,243.74100,32.36500,52.18400,-0.53300,104.08200,139.65890,-4.31200,135.34700,24.36400,110.98300,110.98300,110.98300,204.72390,139.65890,86.85500,87.65300,1.28000,1.27000,2.56110,0.12290,0.15440,25.46050,14.58840,14.58840,14.13790,11.59300,0.17450,1.22880,1.65100,54.51150,3.30170,3.36720,2.02250,2.89580,38.65460,4.8907,3.1129
2012-03-31,497.05500,420.31000,76.74500,36.08400,91.82000,-4.05800,533.02700,-456.28200,-0.20400,-456.48600,-7.07000,-449.41600,-449.41600,-449.41600,-383.11800,-456.28200,86.50700,86.50700,-5.20000,-5.20000,2.47680,0.20080,0.26930,15.43990,-91.79710,-91.79710,-91.83810,-90.41580,0.08610,0.72140,0.57300,157.07970,-14.00490,-14.29640,-7.78410,-11.19320,37.00620,-0.18650,-1.62560
2011-12-31,660.35200,522.22800,138.12400,37.90600,125.92600,-5.88100,623.44400,-485.32010,3.87800,-481.44200,-68.32900,-413.11300,-413.11300,-413.11300,-23.25110,-485.32010,86.06700,86.06700,-4.81000,-4.74000,2.68380,0.14520,0.18210,20.91670,-73.49420,-73.49420,-72.90690,-62.55950,0.11430,1.09740,0.78240,115.02510,-11.33720,-11.54460,-7.15020,-9.69070,42.14120,0.1183,-1.3335
2011-09-30,1005.78800,626.62400,379.16400,38.16400,112.74300,-5.51400,156.42100,222.74300,0.02200,222.76500,26.25100,196.51400,196.51400,196.51400,284.98300,222.74300,86.33800,87.15100,2.28000,2.25000,3.25360,0.12640,0.15110,37.69820,22.14610,22.14610,22.14830,19.53830,0.17570,1.44750,1.24540,72.26740,4.88140,5.50930,3.43360,4.26410,46.60660,2.326,-0.2418
2011-06-30,532.77400,337.97600,194.79800,33.10200,86.87200,-10.29400,130.26800,64.53000,7.42700,71.95700,10.81900,61.13800,61.13800,61.13800,120.54800,64.53000,86.16400,87.12600,0.71000,0.70000,3.10240,0.08280,0.09800,36.56300,12.11210,12.11210,13.50610,11.47540,0.10790,1.04640,0.87970,102.31140,1.66070,1.89710,1.23780,1.52310,42.66420,-2.3298,-4.8645
2011-03-31,567.29300,307.62800,259.66500,31.35100,87.00000,-11.93100,130.28200,129.38300,3.62400,133.00700,17.03900,115.96800,115.96800,115.96800,177.65200,129.38300,85.32400,87.05300,1.36000,1.33000,2.96720,0.02820,0.03690,45.77260,22.80710,22.80710,23.44590,20.44240,0.12790,1.13430,1.51980,59.21970,3.25220,3.73240,2.61540,3.16040,41.43160,-0.50330,-2.44450
2010-12-31,609.80100,313.07700,296.72400,27.60100,91.28200,-12.19000,131.07300,165.65100,7.71400,173.36510,17.42100,155.94410,155.94410,155.94400,208.82100,165.65100,84.89100,86.49100,1.83000,1.80000,3.37350,0.05750,0.06870,48.65920,27.16480,27.16480,28.42980,25.57290,0.13920,1.59840,1.98620,45.31270,4.51360,5.16090,3.56000,4.25410,40.24680,4.0501,1.5958
2010-09-30,797.89900,476.00700,321.89200,21.47200,84.96100,-3.82100,110.25400,211.63800,1.27700,212.91500,36.04600,176.86900,176.86900,176.86900,246.81400,211.63800,85.07200,86.61000,2.08000,2.04000,3.52760,0.06350,0.07580,40.34250,26.52440,26.52440,26.68450,22.16680,0.18990,2.58690,1.71730,52.40780,5.35750,6.16690,4.20940,5.01740,38.51720,2.8613,1.2788
2010-06-30,587.85400,303.66000,284.19400,22.83600,78.59700,-2.28800,103.72100,180.47300,-0.03500,180.43800,21.39500,159.04300,159.04300,159.04300,219.13100,180.47300,84.85200,86.40100,1.87000,1.84000,4.96860,0.03650,0.04600,48.34430,30.70030,30.70030,30.69440,27.05490,0.16190,1.56280,1.62540,55.37250,5.27990,5.83490,4.37980,5.08710,35.21200,0.8821,-0.659
2010-03-31,567.96100,285.92500,282.03600,22.88800,66.86400,-1.14300,90.89500,191.14100,4.21800,195.35900,23.01400,172.34500,172.34500,172.34500,230.23000,191.14100,84.50500,86.09200,2.04000,2.00000,4.35550,0.04560,0.05710,49.65760,33.65390,33.65390,34.39660,30.34450,0.16350,1.66120,1.92450,46.76520,6.05390,6.73130,4.96170,5.77760,33.38250,0.36330,-0.86770
2009-12-31,641.26490,375.05600,266.20890,23.71600,96.66700,-1.09900,121.48210,144.72680,5.59000,150.31700,8.69700,141.62000,141.62000,141.62000,183.63480,144.72700,83.50000,85.04400,1.68000,1.64000,3.42160,0.05230,0.06600,41.51310,22.56900,22.56900,23.44070,22.08450,0.19150,2.45420,2.82640,31.84260,5.33850,5.98490,4.22810,5.05930,31.13310,4.896,4.058
2009-09-30,480.85100,235.85800,244.99300,24.13600,53.99000,-4.07600,82.20200,162.79100,2.17600,164.96700,11.62300,153.34400,153.34400,153.34400,197.39800,162.79100,84.17900,85.89200,1.82000,1.79000,3.47140,0.06230,0.07830,50.94990,33.85480,33.85480,34.30730,31.89010,0.15540,1.32480,1.37790,65.31510,6.23560,7.04980,4.95450,5.84730,28.90730,2.0767,1.3268
2009-06-30,525.87600,227.78000,298.09600,18.60500,72.92600,-2.52400,94.05500,204.04100,-2.74300,201.29800,20.71900,180.57900,180.57900,180.57900,234.06900,204.04100,83.72300,85.66800,2.16000,2.11000,3.39900,0.06430,0.10220,56.68560,38.80020,38.80020,38.27860,34.33870,0.18070,1.40170,1.49710,60.11670,7.90320,9.07460,6.20510,7.39520,26.99760,0.195,-0.4629
2009-03-31,418.20800,182.92400,235.28400,11.70400,49.31500,-6.20900,67.22800,168.05600,1.67600,169.73200,5.13700,164.59500,164.59500,164.59500,194.14100,168.05600,81.68500,82.61200,2.01000,1.99000,3.92510,0.10270,0.13380,56.26000,40.18480,40.18480,40.58550,39.35720,0.18270,1.39140,2.26320,39.76750,9.64990,9.84510,7.19250,8.65880,20.84050,0.77160,-0.27430
