Date,revenue,cost-goods-sold,gross-profit,selling-general-administrative-expenses,operating-expenses,operating-income,total-non-operating-income-expense,pre-tax-income,total-provision-income-taxes,income-after-taxes,other-income,income-from-continuous-operations,income-from-discontinued-operations,net-income,ebitda,ebit,basic-shares-outstanding,shares-outstanding,eps-basic-net-earnings-per-share,eps-earnings-per-share-diluted,current-ratio,long-term-debt-capital,debt-equity-ratio,gross-margin,operating-margin,ebit-margin,pre-tax-profit-margin,net-profit-margin,asset-turnover,inventory-turnover,receiveable-turnover,days-sales-in-receivables,roe,return-on-tangible-equity,roa,roi,book-value-per-share,operating-cash-flow-per-share,free-cash-flow-per-share
2024-03-31,124.32000,98.07100,26.24900,22.74900,23.96600,2.28300,2.41100,4.69400,0.28900,4.40500,,4.40500,,4.43600,5.87400,2.28300,10.76200,10.98500,0.41000,0.40000,2.17370,0.34910,0.53750,21.11410,1.83640,1.83640,3.77570,3.56820,0.38090,1.14350,2.14820,41.89500,3.03210,4.63270,1.34960,1.97350,13.46530,-1.99040,-1.88030
2023-12-31,134.87700,105.83400,29.04300,27.24700,28.44200,0.60100,-1.32700,-0.72600,-0.25600,-0.47000,,-0.47000,,-0.43000,4.29600,0.60110,10.79900,10.99500,-0.03000,-0.04000,1.76260,0.27860,0.38700,21.53300,0.44560,0.44560,-0.53830,-0.31880,0.43060,1.44000,2.52180,35.68850,-0.32910,-0.51510,-0.15010,-0.23740,13.30680,2.0042,1.809
2023-09-30,145.34500,117.12100,28.22400,24.16000,25.53900,2.68500,-2.35900,0.32600,-0.12100,0.44700,,0.44700,,0.51500,6.52400,2.68500,10.81300,10.97300,0.05000,0.05000,1.97680,0.33500,0.50440,19.41860,1.84730,1.84730,0.22430,0.35430,0.43440,1.42800,2.24860,40.02490,0.31450,0.48980,0.13360,0.20920,13.15390,1.7016,1.585
2023-06-30,148.03400,115.78200,32.25200,24.52800,25.90300,6.34900,-2.29300,4.05600,0.56300,3.49300,,3.49300,,3.53100,10.20800,6.34900,10.80700,10.87800,0.32000,0.32000,2.22360,0.38540,0.62770,21.78690,4.28890,4.28890,2.73990,2.38530,0.42110,1.45730,1.99380,45.14110,2.44960,3.88400,0.99350,1.50560,13.18220,-0.9487,-0.9733
2023-03-31,115.48800,92.19700,23.29100,21.42300,22.78800,0.50300,-3.21500,-2.71200,-0.54100,-2.17100,,-2.17100,,-2.15200,4.37300,0.50300,10.79200,10.79200,-0.20000,-0.20000,2.09250,0.36860,0.58460,20.16750,0.43550,0.43550,-2.34830,-1.86340,0.34330,1.08990,2.10350,42.78680,-1.58450,-2.59680,-0.64540,-1.00050,12.67480,0.64230,0.57900
2022-12-31,137.17300,110.39900,26.77400,23.34700,33.05300,-6.27900,-1.13900,-7.41800,36.54400,-43.96200,,-43.96200,,-43.93100,-2.03700,-6.27900,10.72000,10.72000,-4.08000,-4.08000,1.99520,0.40010,0.66770,19.51840,-4.57740,-4.57740,-5.40780,-32.02600,0.37550,1.45800,1.66360,54.09920,-31.94960,-52.94460,-12.03420,-19.16810,12.76780,0.7687,0.4823
2022-09-30,130.01500,106.91800,23.09700,22.61800,24.21700,-1.12000,-1.16100,-2.28100,-0.17600,-2.10500,,-2.10500,,-2.07700,2.74800,-1.12000,10.73100,10.73100,-0.20000,-0.20000,2.05890,0.36000,0.56300,17.76490,-0.86140,-0.86140,-1.75440,-1.59750,0.31470,1.25570,1.61170,55.84340,-1.19810,-1.86160,-0.50940,-0.76670,16.37170,-0.5178,-0.6586
2022-06-30,131.51500,108.22200,23.29300,19.39400,20.81300,2.48000,0.31700,2.79700,0.82100,1.97600,,1.97600,,2.01000,5.77500,2.48000,10.71500,10.81400,0.18000,0.18000,2.10010,0.21380,0.27220,17.71130,1.88570,1.88570,2.12680,1.52830,0.35990,1.47460,1.82020,49.44440,1.09150,1.55680,0.54070,0.85820,16.87070,-0.5229,-0.6205
2022-03-31,98.79400,82.34700,16.44700,17.29800,18.73400,-2.28700,0.19300,-2.09400,-0.50800,-1.58600,,-1.58600,,-1.56600,1.08700,-2.28700,10.68500,10.68500,-0.15000,-0.15000,2.08320,0.16360,0.19600,16.64780,-2.31490,-2.31490,-2.11960,-1.58510,0.28440,1.21460,1.67070,53.87120,-0.87290,-1.19870,-0.45650,-0.73010,16.97310,-0.71460,-0.87690
2021-12-31,112.96500,93.93000,19.03500,18.14600,19.58500,-0.55000,-0.17800,-0.72800,-0.37500,-0.35300,0.05300,-0.30000,,-0.33400,2.89100,-0.55000,10.62300,10.75200,-0.03000,-0.03000,2.08230,0.14510,0.17020,16.85040,-0.48690,-0.48690,-0.64440,-0.29570,0.32970,1.49400,2.02040,44.54470,-0.16340,-0.22650,-0.08760,-0.13970,17.20810,0.5573,0.4618
2021-09-30,130.05300,107.77700,22.27600,20.05600,21.51800,0.75800,2.15800,2.91600,0.67600,2.24000,0.03000,2.27000,0.07200,2.34200,4.26100,0.75800,10.64200,10.76400,0.22000,0.22000,1.98710,0.15060,0.17790,17.12840,0.58280,0.58280,2.24220,1.80080,0.36150,0.98970,2.01320,44.70550,1.24470,1.74920,0.63090,1.05720,17.13080,-1.27,-1.392
2021-06-30,154.52200,128.36100,26.16100,19.76700,21.23700,4.92400,-0.93100,3.99300,1.13900,2.85400,,2.85400,,2.87600,8.41200,4.92400,10.61900,10.73400,0.27000,0.27000,1.87980,0.17030,0.20590,16.93030,3.18660,3.18660,2.58410,1.86120,0.40670,1.12360,1.97210,45.63780,1.57770,2.25740,0.75120,1.30910,17.00430,-0.0883,-0.1723
2021-03-31,116.08000,97.25000,18.83000,18.02600,19.49100,-0.66100,-0.93000,-1.59100,-0.32100,-1.27000,,-1.27000,,-1.25800,2.79400,-0.66100,10.58300,10.58300,-0.12000,-0.12000,1.86250,0.17170,0.20800,16.22160,-0.56940,-0.56940,-1.37060,-1.08370,0.31000,0.82850,1.76790,50.90800,-0.71800,-1.04930,-0.33910,-0.59470,16.67640,0.70210,0.57670
2020-12-31,115.57600,93.89100,21.68500,17.37100,18.82900,2.85600,-0.71900,2.13700,-0.14300,2.28000,,2.28000,-0.18500,2.09500,6.32600,2.85600,10.54000,10.67100,0.20000,0.20000,2.04950,0.20250,0.25460,18.76250,2.47110,2.47110,1.84900,1.81270,0.31200,1.19430,1.98250,45.39710,1.28940,1.90650,0.61560,1.02830,16.74050,0.3395,0.1974
2020-09-30,118.36500,96.30400,22.06100,17.06600,18.49400,3.56700,-0.73100,2.83600,-13.74200,16.57800,,16.57800,-9.74800,6.83000,6.93500,3.56700,10.56200,10.65900,0.65000,0.64000,2.04700,0.22030,0.28330,18.63810,3.01360,3.01360,2.39600,5.77030,0.31240,0.82120,1.92780,46.68610,9.56330,14.35550,4.37500,7.45620,16.41270,0.6672,0.4871
2020-06-30,141.56300,113.42500,28.13800,18.87000,20.28300,7.85500,1.21700,9.07200,2.10200,6.97000,,6.97000,-6.44700,0.52300,11.23100,7.85500,10.55700,10.62300,0.05000,0.05000,1.86360,0.25270,0.33900,19.87670,5.54880,5.54880,6.40850,0.36940,0.35630,0.99740,1.71510,52.47370,4.25270,6.65300,1.75410,3.17800,15.51750,1.2363,0.9675
2020-03-31,121.90700,98.78500,23.12200,20.33700,21.76700,1.35500,-1.41800,-0.06300,-0.05800,-0.00500,,-0.00500,-1.86100,-1.86600,4.72000,1.35500,10.47800,10.47800,-0.18000,-0.18000,1.92750,0.27440,0.39500,18.96690,1.11150,1.11150,-0.05170,-1.53070,0.30550,0.87010,1.55970,57.70300,-0.00310,-0.00490,-0.00130,-0.00220,15.39900,-0.65760,-0.92530
2019-12-31,120.17800,93.48100,26.69700,16.71700,18.14900,8.54800,-4.57600,3.97200,-26.99400,30.96600,,30.96600,-4.71600,26.25000,12.00500,8.54800,10.41000,10.64400,2.52000,2.46000,1.85590,0.24550,0.34230,22.21460,7.11280,7.11280,3.30510,21.84260,0.29660,0.78910,1.63250,55.13020,18.23010,28.62350,7.64270,13.75430,16.29840,1.508,1.2614
2019-09-30,144.84800,116.89700,27.95100,21.03500,22.65700,5.29400,-0.70400,4.59000,0.83600,3.75400,,3.75400,-0.69000,3.06400,7.29500,5.29400,10.42000,10.67400,0.29000,0.29000,1.95070,0.33550,0.52640,19.29680,3.65490,3.65490,3.16880,2.11530,0.36550,0.90800,1.70330,52.83820,2.70700,4.99270,0.94730,1.79880,13.30730,2.1304,2.2528
2019-06-30,200.93300,163.80500,37.12800,22.85500,24.53400,12.59400,-1.34500,11.24900,1.68500,9.56400,,9.56400,,9.56400,17.04100,12.59400,10.42000,10.64200,0.92000,0.90000,2.04040,0.39240,0.66890,18.47780,6.26780,6.26780,5.59840,4.75980,0.48210,1.21840,2.03610,44.20160,7.02090,13.55350,2.29460,4.26590,13.07300,0.4106,0.2967
2019-03-31,150.46900,121.30700,29.16200,21.91700,23.62900,5.53300,-1.20500,4.32800,0.63800,3.69000,,3.69000,,3.69000,10.01700,5.53300,10.38400,10.44700,0.36000,0.35000,1.88420,0.41310,0.70870,19.38070,3.67720,3.67720,2.87630,2.45230,0.35300,0.85000,1.51200,59.52470,2.89960,6.19770,0.86580,1.70180,12.23160,-1.29660,-1.53720
2018-12-31,118.62600,91.71600,26.91000,17.25700,62.30100,-35.39100,-0.43300,-35.82400,4.74600,-40.57000,,-40.57000,,-41.15200,-34.36600,-35.39100,10.36200,10.36200,-3.97000,-3.96000,1.82520,0.37840,0.61400,22.68470,-29.83410,-29.83410,-30.19910,-34.69050,0.30950,0.73670,1.37740,65.34040,-33.22170,-76.51110,-10.58580,-20.64930,11.78070,0.3677,0.3261
2018-09-30,167.09400,135.79100,31.30300,21.66200,23.42400,7.87900,-1.45300,6.42600,0.01800,6.40800,,6.40800,,6.40800,12.44400,7.87900,10.36500,10.48900,0.62000,0.61000,1.83160,0.32840,0.49310,18.73380,4.71530,4.71530,3.84570,3.83500,0.45090,1.26670,1.95170,46.11390,4.13180,7.64330,1.72930,2.77490,14.96120,1.3843,1.2699
2018-06-30,172.89000,139.82700,33.06300,23.36800,25.14300,7.92000,-1.75800,6.16200,0.72800,5.43400,,5.43400,,5.43400,12.63300,7.92000,10.36500,10.48400,0.52000,0.52000,1.95180,0.39740,0.66370,19.12370,4.58100,4.58100,3.56410,3.14300,0.44600,1.37970,1.79510,50.13540,3.64170,7.15240,1.40180,2.19450,14.39610,0.5034,0.5982
2018-03-31,122.45400,100.26200,22.19200,20.45800,22.24300,-0.05100,-1.28200,-1.33300,0.52500,-1.85800,,-1.85800,,-1.85800,4.67800,-0.05100,10.35100,10.35100,-0.18000,-0.18000,2.02230,0.41100,0.70240,18.12270,-0.04170,-0.04170,-1.08860,-1.51730,0.32790,0.99220,1.59390,56.46630,-1.27430,-2.66690,-0.49760,-0.75050,14.06660,0.25030,0.18130
2017-12-31,141.32300,111.41500,29.90800,20.49800,22.27200,7.63600,-2.10700,5.52900,3.99200,1.53700,,1.53700,,1.53700,12.55400,7.63600,10.33400,10.48300,0.15000,0.14000,2.41950,0.45560,0.84120,21.16290,5.40320,5.40320,3.91230,1.08760,0.35180,1.08450,1.84540,48.77040,0.99480,1.98910,0.38260,0.54160,14.94010,1.13,1.0595
2017-09-30,131.49200,105.12700,26.36500,20.21800,21.98200,4.38300,-1.36900,3.01400,-0.20800,3.22200,,3.22200,,3.22200,9.32500,4.38300,10.34100,10.47900,0.31000,0.31000,2.10130,0.47170,0.96150,20.05070,3.33330,3.33330,2.29220,2.45030,0.32140,1.01050,1.65770,54.29350,2.24030,4.95810,0.78750,1.18360,13.90770,-0.2284,-0.1802
2017-06-30,144.86000,117.12400,27.73600,20.57800,22.27300,5.46300,-1.96400,3.49900,0.47500,3.02400,,3.02400,,3.02400,10.40300,5.46300,10.33500,10.48300,0.29000,0.29000,2.05960,0.48200,1.00350,19.14680,3.77120,3.77120,2.41540,2.08750,0.36860,1.38460,1.88030,47.86480,2.19920,5.26280,0.76940,1.13930,13.29550,1.8126,1.7091
2017-03-31,118.70200,97.45000,21.25200,19.22700,20.98600,0.26600,-2.25700,-1.99100,0.43100,-2.42200,,-2.42200,,-2.42200,5.30700,0.26600,10.31900,10.31900,-0.23000,-0.23000,2.17050,0.52400,1.17820,17.90370,0.22410,0.22410,-1.67730,-2.04040,0.29510,1.18050,1.54830,58.12900,-1.83790,-4.76890,-0.60210,-0.87490,12.75470,1.04160,0.72030
2016-12-31,106.56600,87.78600,18.78000,20.03500,21.79200,-3.01200,-1.22200,-4.23400,36.61600,-40.85000,,-40.85000,,-40.85000,2.04200,-3.01200,10.27300,10.27300,-3.97000,-3.97000,2.42440,0.52820,1.19750,17.62290,-2.82650,-2.82640,-3.97310,-38.33310,0.27110,1.05460,1.59930,56.27390,-30.65640,-80.41340,-10.39380,-14.46380,12.92070,0.6381,0.5288
2016-09-30,114.64400,94.84100,19.80300,19.80700,21.57000,-1.76700,-7.59400,-9.36100,-3.37900,-5.98200,,-5.98200,,-5.98200,3.29100,-1.76700,10.29600,10.29600,-0.58000,-0.58000,2.22480,0.43170,0.76730,17.27350,-1.54130,-1.54130,-8.16530,-5.21790,0.27870,1.03790,1.76630,50.95530,-3.38420,-6.53320,-1.45450,-1.92310,17.15980,0.5148,0.3916
2016-06-30,135.99400,108.18100,27.81300,23.31700,26.10600,1.70700,-131.13200,-129.42500,-37.42900,-91.99600,,-91.99600,,-91.99600,8.09400,1.70700,10.26300,10.26300,-8.96000,-8.96000,2.29330,0.47570,0.91470,20.45160,1.25520,1.25520,-95.16960,-67.64710,0.28930,1.13700,1.67080,53.86740,-49.98130,-102.59510,-19.57300,-26.20290,17.87690,1.1378,1.0146
2016-03-31,126.31000,102.35000,23.96000,22.81700,26.08300,-2.12300,-2.02600,-4.14900,-1.31700,-2.83200,,-2.83200,,-2.83200,4.87000,-2.12300,10.23200,10.23200,-0.28000,-0.28000,2.57010,0.38370,0.62730,18.96920,-1.68080,-1.68080,-3.28480,-2.24210,0.22630,1.11000,1.68850,53.30310,-1.01560,-4.29330,-0.50740,-0.62600,27.21560,-0.49910,-0.79510
2015-12-31,139.13800,109.26500,29.87300,24.51400,27.80900,2.06400,3.07300,5.13700,1.80700,3.33000,,3.33000,,3.33000,9.19500,2.06400,10.25400,10.25400,0.33000,0.34000,2.34020,0.37180,0.59670,21.47010,1.48340,1.48340,3.69200,2.39330,0.24550,1.13350,1.77280,50.76850,1.17740,5.03380,0.58770,0.73960,27.67170,4.1435,4.3046
2015-09-30,176.05900,140.02100,36.03800,21.60500,24.94200,11.09600,-81.29800,-70.20200,-12.78000,-57.42200,,-57.42200,,-57.42200,18.25100,11.09600,10.25600,10.25600,-5.60000,-5.60000,2.68100,0.42310,0.73810,20.46930,6.30240,6.30240,-39.87410,-32.61520,0.28790,1.41700,1.58820,56.66770,-20.42630,-92.03130,-9.38920,-11.78290,27.51200,1.5211,1.2058
2015-06-30,171.41900,134.33000,37.08900,24.27800,27.73400,9.35500,-1.53200,7.82300,2.46100,5.36200,,5.36200,,5.36200,16.96700,9.35500,10.28400,10.37000,0.52000,0.52000,2.75160,0.38660,0.63380,21.63650,5.45740,5.45740,4.56370,3.12800,0.24420,1.26860,1.66040,54.20460,1.55550,13.17610,0.76400,0.95420,33.49320,0.5307,0.1819
2015-03-31,137.90700,107.25400,30.65300,22.25100,24.40800,6.24500,0.42000,6.66500,2.38000,4.28500,,4.28500,,4.28500,11.02100,6.24500,10.25900,10.35900,0.42000,0.41000,2.58490,0.39340,0.65050,22.22730,4.52840,4.52840,4.83300,3.10720,0.19820,1.01480,1.47540,60.99850,1.27720,16.03670,0.61590,0.77480,32.63900,-0.71720,-1.14790
2014-12-31,161.14900,129.54400,31.60500,21.54600,22.73700,8.86800,0.78400,9.65200,3.62300,6.02900,,6.02900,,6.02900,12.19800,8.86800,10.22500,10.33200,0.59000,0.58000,2.24650,0.07120,0.07870,19.61230,5.50300,5.50300,5.98950,3.74130,0.32770,1.36230,1.78700,50.36350,1.79490,3.52980,1.22610,1.66710,32.79520,1.6468,1.1178
2014-09-30,167.79700,132.63800,35.15900,20.64400,21.83500,13.32400,0.53300,13.85700,4.74100,9.11600,,9.11600,,9.11600,16.58300,13.32400,10.23900,10.33500,0.89000,0.88000,2.80750,0.00080,0.00110,20.95330,7.94060,7.94060,8.25820,5.43280,0.37090,1.46090,1.84030,48.90450,2.72540,4.05000,2.01520,2.72320,32.66740,1.7388,1.3622
2014-06-30,166.83200,136.13200,30.70000,19.59900,20.77100,9.92900,0.30100,10.23000,3.36800,6.86200,,6.86200,,6.86200,13.01500,9.92900,10.22300,10.30900,0.67000,0.67000,3.00140,0.00090,0.00120,18.40180,5.95150,5.95150,6.13190,4.11310,0.37920,1.60880,1.76550,50.97730,2.09390,3.11370,1.55970,2.09200,32.00680,-0.0535,-0.4587
2014-03-31,111.41400,87.28700,24.12700,18.02500,19.16600,4.96100,0.36000,5.32100,1.67200,3.64900,,3.64900,,3.64900,7.86300,4.96100,10.19700,10.29200,0.36000,0.35000,3.45160,0.00100,0.00140,21.65530,4.45280,4.45280,4.77590,3.27520,0.27100,1.12420,1.66860,53.93750,1.14770,1.74210,0.88750,1.14650,31.13710,3.12730,2.80520
2013-12-31,156.45800,125.84700,30.61100,18.62800,19.63800,10.97300,0.60400,11.57700,4.28800,7.28900,,7.28900,,7.27500,13.87700,10.97300,10.17500,10.26000,0.71000,0.71000,3.27720,0.00010,0.00020,19.56500,7.01340,7.01340,7.39940,4.64980,0.37820,1.63530,1.58940,56.62430,2.30380,3.52520,1.76210,2.30360,31.05280,1.1146,0.7211
2013-09-30,162.24800,130.94300,31.30500,17.54700,18.24800,13.05700,0.96500,14.02200,4.22900,9.79300,,9.79300,,9.79300,15.41400,13.05700,10.18200,10.28100,0.96000,0.95000,3.37860,0.00010,0.00020,19.29450,8.04760,8.04760,8.64230,6.03580,0.38640,1.40050,1.83480,49.05270,3.17400,4.27350,2.33210,3.17380,30.29360,0.2936,0.0491
2013-06-30,149.93600,120.76100,29.17500,17.95100,18.65100,10.52400,0.57100,11.09500,3.83800,7.25700,,7.25700,0.03800,7.29500,12.90000,10.52400,10.17300,10.25300,0.72000,0.71000,3.19790,0.00010,0.00010,19.45830,7.01900,7.01900,7.39980,4.86540,0.36490,1.22460,1.90400,47.26960,2.44350,3.34500,1.76620,2.44330,29.17460,1.6415,1.4365
2013-03-31,129.32100,104.47300,24.84800,17.13000,17.83100,7.01700,0.42700,7.44400,2.49300,4.95100,,4.95100,-0.02400,4.92700,9.38200,7.01700,10.15800,10.24700,0.49000,0.48000,3.27440,0.00010,0.00020,19.21420,5.42600,5.42600,5.75620,3.80990,0.32360,0.97580,1.79320,50.19000,1.70310,2.35750,1.23890,1.70290,28.59360,-1.67010,-1.77000
2012-12-31,140.72400,113.15300,27.57100,16.51200,17.37400,10.19700,0.61900,10.81600,4.17400,6.64200,,6.64200,0.02300,6.66500,13.59500,10.19700,10.12400,10.23400,0.66000,0.64000,3.00530,0.00010,0.00020,19.59230,7.24610,7.24610,7.68600,4.73620,0.34650,1.05640,2.35830,38.16390,2.30970,3.22160,1.63550,2.30940,28.33530,0.2161,0.1385
2012-09-30,170.34600,139.63400,30.71200,16.58100,17.28400,13.42800,-0.31700,13.11100,4.64700,8.46400,,8.46400,-0.23900,8.22500,16.89800,13.42800,10.14100,10.20600,0.81000,0.81000,2.49410,0.00010,0.00140,18.02920,7.88280,7.88280,7.69670,4.82840,0.40400,1.53570,1.98090,45.43380,3.00810,4.24970,2.00720,3.00770,30.69130,2.1723,2.0271
2012-06-30,163.18000,150.84600,12.33400,16.62800,17.32500,-4.99100,0.40100,-4.59000,-1.26900,-3.32100,,-3.32100,1.25000,-2.07100,-2.02000,-4.99100,10.12100,10.12100,-0.20000,-0.20000,2.48650,0.00010,0.00270,7.55850,-3.05860,-3.05860,-2.81280,-1.26920,0.40500,1.78010,1.75360,51.32230,-1.22530,-1.76480,-0.82420,-1.22510,29.63160,0.4816,0.2483
2012-03-31,114.29100,92.63900,21.65200,16.93000,17.62900,4.02300,0.47000,4.49300,1.51400,2.97900,,2.97900,0.39000,3.36900,6.70100,4.02300,10.09000,10.19700,0.33000,0.33000,3.21440,0.00020,0.00390,18.94460,3.52000,3.52000,3.93120,2.94770,0.30800,0.96340,1.84560,48.76530,1.08570,1.58350,0.80280,1.08550,30.11240,-0.23570,-0.47690
2011-12-31,128.39900,102.61600,25.78300,16.11200,16.79890,8.98400,0.16900,9.15300,3.29300,5.86000,,5.86000,0.24300,6.10300,11.83710,8.98400,10.20900,10.31200,0.59000,0.59000,2.83240,0.00020,0.00900,20.08040,6.99700,6.99700,7.12860,4.75320,0.33800,1.14700,1.93090,46.60970,2.17190,3.15550,1.54250,2.17140,26.78600,2.0293,1.665
2011-09-30,158.32300,128.72800,29.59500,16.78900,17.48800,12.10700,1.55200,13.65900,4.30800,9.35100,,9.35100,0.38900,9.74000,14.34400,12.10700,10.18500,10.29400,0.96000,0.95000,2.65400,0.00150,0.01050,18.69280,7.64700,7.64700,8.62730,6.15200,0.42140,1.37120,1.94840,46.19120,3.51820,5.25360,2.48880,3.51280,29.53860,1.9534,1.8186
2011-06-30,171.51100,145.94500,25.56600,16.21000,16.91100,8.65500,0.20100,8.85600,2.67900,6.17700,,6.17700,0.19600,6.37300,11.60600,8.65500,10.30300,10.41800,0.62000,0.61000,2.70360,0.00290,0.01190,14.90630,5.04630,5.04630,5.16350,3.71580,0.45890,1.52450,2.04050,44.10610,2.34870,3.53270,1.65270,2.34190,27.86300,-0.5898,-0.9493
2011-03-31,117.10400,99.63800,17.46600,15.69600,16.40000,1.06600,-0.08200,0.98400,0.30500,0.67900,,0.67900,,0.67900,3.95100,1.06600,10.28500,10.40100,0.07000,0.07000,2.66210,0.00430,0.01350,14.91500,0.91030,0.91030,0.84030,0.57980,0.31880,0.97900,1.89350,47.53160,0.26390,0.40300,0.18480,0.26280,27.05050,-0.32780,-0.60310
2010-12-31,139.99100,119.56000,20.43100,11.56900,11.81900,8.61200,1.22200,9.83400,4.08100,5.75300,,5.75300,,6.23900,11.13700,8.61210,10.21900,10.34800,0.61000,0.60000,2.46740,0.00930,0.01880,14.59450,6.15190,6.15190,7.02470,4.45670,0.37000,1.32300,2.00860,44.80810,2.24950,3.45540,1.52030,2.22860,27.02600,2.5943,3.3984
2010-09-30,125.56100,105.51900,20.04200,9.76300,9.85800,10.18400,-0.08200,10.10200,3.58900,6.51300,,6.51300,,6.51300,12.37400,10.18400,10.24600,10.35400,0.64000,0.63000,3.23480,0.01070,0.06580,15.96200,8.11080,8.11080,8.04550,5.18710,0.35460,1.11440,2.01260,44.71800,2.61510,2.66730,1.83910,2.58700,26.49220,1.5334,1.4026
2010-06-30,119.50400,99.18900,20.31500,10.67900,10.77400,9.54100,-0.17700,9.36400,3.37700,5.98700,,5.98700,,5.98700,11.72100,9.54100,10.19000,10.31300,0.59000,0.58000,3.34330,0.01240,0.07360,16.99940,7.98380,7.98380,7.83570,5.00990,0.35130,1.05340,1.92950,46.64410,2.47280,2.52460,1.76000,2.44210,23.63000,0.9052,0.7723
2010-03-31,82.00200,69.92900,12.07300,9.19000,9.19300,2.88000,-0.21600,2.66400,0.91100,1.75300,,1.75300,,1.75300,4.98900,2.88000,10.17200,10.31500,0.17000,0.17000,3.99480,0.05300,0.08180,14.72280,3.51210,3.51210,3.24870,2.13780,0.25230,0.66010,1.99820,45.03950,0.74610,0.76250,0.53930,0.70660,23.07090,0.71530,0.58640
2009-12-31,105.17100,89.58500,15.58600,8.78100,8.79400,6.79200,-0.20000,6.59200,2.68000,3.91200,,3.91200,,3.91200,8.99200,6.79200,10.16900,10.30400,0.39000,0.38000,3.63710,0.05370,0.08000,14.81970,6.45800,6.45800,6.26790,3.71970,0.31720,0.90510,1.71910,52.35300,1.68190,1.68460,1.17980,1.59160,25.18050,0.7473,0.6184
2009-09-30,97.88800,80.13000,17.75800,9.06800,9.06800,8.69000,1.15100,9.84100,3.69700,6.14400,,6.14400,,6.14400,10.79100,8.69000,10.16000,10.29200,0.60000,0.60000,4.17020,0.06800,0.09640,18.14110,8.87750,8.87750,10.05330,6.27660,0.30640,0.82620,1.89090,47.59640,2.69070,2.69520,1.92340,2.50780,22.46590,0.7001,0.4607
2009-06-30,99.34800,86.51600,12.83200,8.61200,8.61200,4.22000,0.06500,4.28500,1.63300,2.65200,,2.65200,,2.65200,6.33000,4.22000,10.14800,10.27500,0.26000,0.26000,4.22390,0.07730,0.10990,12.91620,4.24770,4.24770,4.31310,2.66940,0.31660,0.91750,1.98570,45.32340,1.19090,1.19300,0.84510,1.09890,21.92600,2.2239,2.0558
2009-03-31,101.61300,87.93100,13.68200,9.02700,9.02700,4.65500,0.11000,4.76500,1.74600,3.01900,,3.01900,,3.01900,6.74900,4.65500,10.20300,10.33900,0.30000,0.29000,4.55890,0.08460,0.11880,13.46480,4.58110,4.58110,4.68940,2.97110,0.33370,0.89670,1.73080,52.00020,1.38080,1.38330,0.99160,1.26410,21.56190,-1.17320,-1.22940
