Date,revenue,gross-profit,research-development-expenses,selling-general-administrative-expenses,operating-income,total-non-operating-income-expense,pre-tax-income,income-after-taxes,income-from-continuous-operations,net-income,ebitda,ebit,basic-shares-outstanding,shares-outstanding,eps-basic-net-earnings-per-share,eps-earnings-per-share-diluted,current-ratio,gross-margin,operating-margin,ebit-margin,pre-tax-profit-margin,net-profit-margin,asset-turnover,receiveable-turnover,days-sales-in-receivables,roe,return-on-tangible-equity,roa,roi,book-value-per-share,operating-cash-flow-per-share,free-cash-flow-per-share
2024-03-31,,,19.77300,10.06100,-29.83400,2.96400,-26.87000,-26.87000,-26.87000,-26.87000,-29.35500,-29.83400,61.98400,61.98400,-0.43000,-0.43000,20.38080,,,,,,,,,-12.58010,-12.58010,-11.55260,-12.58010,3.43720,-0.40790,-0.40840
2023-12-31,0.87100,0.87100,18.99900,9.86400,-27.99200,3.23600,-24.75600,-24.75600,-24.75600,-24.75600,-27.48400,-27.99200,61.31000,61.31000,-0.41000,-0.41000,17.71110,100.00000,-3213.77800,-3213.77700,-2842.25000,-2842.25000,0.00340,1.62200,55.48790,-10.52580,-10.52580,-9.60670,-10.52580,3.79860,-0.3869,-0.3882
2023-09-30,0.75900,0.75900,18.23800,9.96100,-27.44000,3.42300,-24.01700,-24.01700,-24.01700,-24.01700,-26.90900,-27.44000,61.82300,61.82300,-0.39000,-0.39000,18.64940,100.00000,-3615.28300,-3615.28300,-3164.29500,-3164.29500,0.00270,1.30860,68.77470,-9.40140,-9.40140,-8.61200,-9.40140,4.13220,-0.3702,-0.3713
2023-06-30,0.88000,0.88000,17.84900,10.32300,-27.29200,3.50900,-23.78300,-23.78300,-23.78300,-23.78300,-26.72500,-27.29200,61.79400,61.79400,-0.38000,-0.38000,19.11290,100.00000,-3101.36400,-3101.36400,-2702.61400,-2702.61400,0.00290,1.34150,67.09090,-8.63490,-8.63490,-7.91890,-8.63490,4.45510,-0.3228,-0.3258
2023-03-31,0.29500,0.29500,16.71500,11.52000,-27.94000,3.16100,-24.77900,-24.77900,-24.77900,-24.77900,-27.37400,-27.94000,59.72200,59.72200,-0.41000,-0.41000,21.01960,100.00000,-9471.18700,-9471.18700,-8399.66200,-8399.66100,0.00090,2.97980,30.20340,-8.36410,-8.36410,-7.71640,-8.36410,4.79700,-0.40380,-0.40670
2022-12-31,0.68500,0.68500,18.56600,10.13000,-27.97300,1.83800,-26.13500,-26.13500,-26.13500,-26.13500,-27.38200,-27.97300,44.99100,44.99100,-0.46000,-0.46000,12.40770,100.00000,-4083.65000,-4083.64900,-3815.32900,-3815.32900,0.00300,2.99130,30.08760,-13.13700,-13.13700,-11.52920,-13.13700,3.81850,-0.4832,-0.4869
2022-09-30,1.18300,1.18300,15.36600,9.70700,-24.35500,0.61700,-23.73800,-23.73800,-23.73800,-23.73800,-23.74400,-24.35500,46.21300,46.21300,-0.51000,-0.51000,15.49270,100.00000,-2058.74900,-2058.74900,-2006.59300,-2006.59400,0.00480,1.47320,61.09050,-10.72110,-10.72110,-9.57930,-10.72110,4.25390,-0.464,-0.4657
2022-06-30,1.88200,1.88200,25.01900,11.09800,-34.23500,0.16500,-34.07000,-34.07000,-34.07000,-34.07000,-33.55900,-34.23500,40.89000,40.89000,-0.83000,-0.83000,7.87700,100.00000,-1819.07500,-1819.07500,-1810.30800,-1810.30800,0.00960,1.71090,52.60360,-21.19370,-21.19370,-17.45090,-21.19370,3.92010,-0.666,-0.6982
2022-03-31,2.59200,2.59200,17.83100,10.75900,-25.99800,0.07000,-25.92800,-25.92800,-25.92800,-25.92800,-25.46200,-25.99800,40.64400,40.64400,-0.64000,-0.64000,10.93960,100.00000,-1003.00900,-1003.00900,-1000.30900,-1000.30900,0.01180,3.23190,27.84720,-13.70690,-13.70690,-11.77220,-13.70690,4.64950,-0.54390,-0.54990
2021-12-31,5.05800,5.05800,18.91200,9.70500,-23.55900,0.07500,-23.48400,-23.48400,-23.48400,-23.48400,-22.93800,-23.55900,35.36100,35.36100,-0.58000,-0.58000,11.77130,100.00000,-465.77680,-465.77680,-464.29410,-464.29420,0.02150,1.39070,64.71530,-11.10150,-11.10150,-9.99320,-11.10150,5.20700,-0.6726,-0.6884
2021-09-30,4.93500,4.93500,17.07700,8.62800,-20.77000,0.05400,-20.71600,-20.71600,-20.71600,-20.71600,-20.15100,-20.77000,36.60600,36.60600,-0.57000,-0.57000,11.95260,100.00000,-420.87130,-420.87130,-419.77710,-419.77710,0.01930,4.22520,21.30090,-8.98320,-8.98320,-8.10650,-8.98320,5.69040,-0.5035,-0.5108
2021-06-30,4.38100,4.38100,17.37800,6.68500,-19.68200,0.03400,-19.64800,-19.64800,-19.64800,-19.64800,-19.01000,-19.68200,32.63600,32.63600,-0.60000,-0.60000,5.70910,100.00000,-449.25810,-449.25810,-448.48200,-448.48210,0.03180,6.66820,13.49690,-17.71850,-17.71850,-14.25020,-17.71850,3.39530,-0.5283,-0.5453
2021-03-31,4.78900,4.78900,16.33400,5.49800,-17.04300,0.04400,-16.99900,-16.99900,-16.99900,-16.99900,-16.44000,-17.04300,31.51000,31.51000,-0.54000,-0.54000,6.49490,100.00000,-355.87810,-355.87810,-354.95930,-354.95930,0.03060,9.00190,9.99790,-13.30600,-13.30600,-10.86370,-13.30600,3.91960,-0.51490,-0.52330
2020-12-31,4.22500,4.22500,16.14500,5.86700,-17.78700,0.06700,-17.72000,-17.72000,-17.72000,-17.72000,-17.05400,-17.78700,25.35400,25.35400,-0.62000,-0.62000,4.47180,100.00000,-420.99400,-420.99400,-419.40840,-419.40830,0.03260,1.66930,53.91480,-18.61720,-18.61720,-13.67530,-18.61720,3.40640,-0.8753,-0.8964
2020-09-30,1.84800,1.84800,15.64000,5.31200,-19.10400,0.14200,-18.96200,-18.96200,-18.96200,-18.96200,-18.55000,-19.10400,27.26100,27.26100,-0.70000,-0.70000,4.99380,100.00000,-1033.76600,-1033.76600,-1026.08200,-1026.08200,0.01300,3.12160,28.83120,-18.06160,-18.06160,-13.33330,-18.06160,3.84870,-0.0115,-0.0109
2020-06-30,2.00000,2.00000,12.77500,5.14900,-15.92400,0.23900,-15.68500,-15.68500,-15.68500,-15.68500,-15.37100,-15.92400,23.85400,23.85400,-0.66000,-0.66000,9.66680,100.00000,-796.20000,-796.20000,-784.25000,-784.25000,0.01380,2.64900,33.97500,-12.84280,-12.84280,-10.82760,-12.84280,4.48620,-0.5602,-0.5677
2020-03-31,0.75000,0.75000,14.48200,5.06400,-18.79600,0.34400,-18.45200,-18.45200,-18.45200,-18.45200,-18.25700,-18.79600,22.71900,22.71900,-0.81000,-0.81000,5.94580,100.00000,-2506.13400,-2506.13400,-2460.26700,-2460.26700,0.00790,2.30770,39.00000,-26.12450,-26.12450,-19.45260,-26.12450,3.09880,-0.66920,-0.69420
2019-12-31,,,12.08700,4.40300,-16.49000,0.36700,-16.12300,-16.12300,-16.12300,-19.16400,-15.97100,-16.49000,11.04600,11.04600,26.34000,26.34000,8.24410,,,,,,,,,-18.49960,-18.49960,-14.59900,-18.49960,3.84710,-1.6071,-1.6424
2019-09-30,,,13.49600,3.51000,-17.00600,0.46400,-16.54200,-16.54200,-16.54200,-17.33800,-16.49000,-17.00600,17.78500,17.78500,-0.97000,-0.97000,12.25650,,,,,,,,,-16.19730,-16.19730,-14.26580,-16.19730,4.52740,10.3276,10.5829
2019-06-30,,,10.86000,2.63400,-13.49400,0.32500,-13.16900,-13.16900,-13.16900,-16.46000,-12.98000,-13.49400,1.78700,1.78700,-9.21000,-9.21000,8.09810,,,,,,,,,11.79160,-24.63570,-20.21300,-24.63570,28.58560,-6.2675,-6.3759
2019-03-31,,,34.62900,2.59800,-37.22700,0.38400,-36.84300,-36.84300,-36.84300,-36.84300,-36.72300,-37.22700,1.64200,1.64200,-24.29000,-24.29000,13.64520,,,,,,,,,36.95870,-56.29270,-48.74190,-56.29270,,-6.02740,-6.21620
2018-12-31,,,6.86000,2.39100,-9.25100,0.39200,-8.85900,-8.85900,-8.85900,-8.85900,-8.74200,-9.25100,1.25700,1.25700,-7.94000,-7.94000,17.52070,,,,,,,,,13.91390,-11.65660,-10.32870,-11.65660,47.85890,-5.8631,-8.883
2018-09-30,,,6.96300,2.12500,-9.08800,0.14500,-8.94300,-8.94300,-8.94300,-10.80100,-8.62900,-9.08800,1.33700,1.33700,-8.08000,-8.08000,,,,,,,,,,,,,,,-1.9351,-2.1907
2018-06-30,,,5.78800,2.06100,-7.84900,0.00300,-7.84600,-7.84600,-7.84600,-8.89600,-7.64600,-7.84900,1.18600,1.18600,-7.50000,-7.50000,,,,,,,,,,,,,,,-3.6426,-6.7435
2018-03-31,,,5.57300,1.73700,-7.31000,0.37000,-6.94000,-6.94000,-6.94000,-7.76800,-7.13600,-7.31000,1.01900,1.01900,-7.62000,-7.62000,,,,,,,,,,,,,,,-6.50830,-7.27670
2017-12-31,,,,,,,,,,,,,,,,0.00000,,,,,,,,,,,,,,,0,0
