Date,revenue,cost-goods-sold,gross-profit,selling-general-administrative-expenses,other-operating-income-expenses,operating-expenses,operating-income,total-non-operating-income-expense,pre-tax-income,income-after-taxes,income-from-continuous-operations,net-income,ebitda,ebit,basic-shares-outstanding,shares-outstanding,eps-basic-net-earnings-per-share,eps-earnings-per-share-diluted,current-ratio,long-term-debt-capital,debt-equity-ratio,gross-margin,operating-margin,ebit-margin,pre-tax-profit-margin,net-profit-margin,asset-turnover,inventory-turnover,receiveable-turnover,days-sales-in-receivables,roe,return-on-tangible-equity,roa,roi,book-value-per-share,operating-cash-flow-per-share,free-cash-flow-per-share
2024-03-31,41.56390,14.33530,27.22860,3.26760,,9.76000,17.46870,0.26110,17.72970,17.72970,17.72970,17.72970,24.21930,17.46870,35.12000,35.24800,0.49000,0.49000,2.25040,0.20360,0.28240,65.51020,42.02840,42.02840,42.65650,42.65650,0.05520,7.65510,8.33190,10.80190,3.11690,3.11690,2.35470,2.48220,,0.67170,-1.07970
2023-12-31,34.13930,16.23090,17.90830,2.70650,,8.27240,9.63590,-0.74690,8.88900,8.88900,8.88900,8.07590,15.21390,9.63590,37.16600,37.23700,0.26000,0.25000,3.12440,0.16280,0.22480,52.45680,28.22530,28.22530,26.03760,23.65580,0.04900,8.19870,7.48300,12.02720,1.61720,1.61720,1.27490,1.35380,,0.5035,0.5145
2023-09-30,34.65390,14.74150,19.91230,2.72510,,8.27490,11.63740,4.10320,15.74060,15.74060,15.74060,15.74060,17.33000,11.63740,37.33300,37.43600,0.41000,0.41000,3.20360,0.16790,0.23200,57.46070,33.58200,33.58200,45.42240,45.42240,0.04970,7.99350,9.09660,9.89380,2.85940,2.85940,2.25530,2.37930,,0.3495,1.2514
2023-06-30,36.67250,18.36730,18.30520,2.38840,,8.40200,9.90320,0.58780,10.49100,10.49100,10.49100,10.49100,16.77860,9.90320,38.09600,38.11400,0.27000,0.27000,2.36380,0.17560,0.25960,49.91530,27.00440,27.00440,28.60720,28.60720,0.05180,8.38410,8.36750,10.75590,1.93840,1.93840,1.48200,1.59800,,0.7093,1.6996
2023-03-31,38.06220,19.62870,18.43350,2.04300,,8.62140,9.81210,7.00410,16.81620,16.81620,16.81620,16.81620,16.71980,9.81210,38.03000,38.03000,0.44000,0.44000,1.72600,0.29130,0.46100,48.42990,25.77900,25.77900,44.18090,44.18090,0.04730,7.39810,12.78000,7.04230,3.15900,3.15900,2.09020,2.23870,,0.51740,0.76320
2022-12-31,42.72940,21.74510,20.98430,2.14780,,8.98070,12.00360,-4.30280,7.70080,7.70080,7.70080,7.48470,18.93010,12.00360,37.96200,37.96200,0.20000,0.20000,1.85170,0.32290,0.53500,49.10980,28.09220,28.09220,18.02240,17.51650,0.05200,7.09690,8.87850,10.13680,1.48690,1.48690,0.93740,1.00670,13.55760,0.435,0.4638
2022-09-30,34.88540,22.66540,12.22000,2.15870,,9.08870,3.13130,3.60230,6.73370,6.73370,6.73370,6.73370,10.24200,3.13130,37.92500,37.92500,0.18000,0.18000,1.52880,0.33610,0.56610,35.02890,8.97600,8.97600,19.30220,19.30220,0.04270,4.07730,9.40260,9.57180,1.33940,1.33940,0.82390,0.88920,,0.5277,-0.0981
2022-06-30,39.27500,18.17340,21.10160,2.11410,,9.14550,11.95610,0.26250,12.21860,12.21860,12.21860,12.21860,19.17420,11.95610,37.92500,37.92500,0.32000,0.32000,1.73580,0.34590,0.58950,53.72790,30.44210,30.44210,31.11040,31.11040,0.04840,4.46730,11.89160,7.56830,2.46490,2.46490,1.50430,1.61240,,0.3431,0.3976
2022-03-31,35.87110,17.49290,18.37820,2.22650,,9.24730,9.13090,-1.53070,7.60030,7.60030,7.60030,7.60030,16.54620,9.13090,37.85800,37.85800,0.20000,0.20000,1.49520,0.35810,0.62030,51.23390,25.45490,25.45490,21.18770,21.18770,0.04430,4.32450,8.05020,11.17980,1.57260,1.57260,0.93780,1.00950,,0.44760,1.01110
2021-12-31,36.05340,20.74180,15.31160,2.70070,,11.33910,3.97250,-42.70490,-38.73240,-38.73240,-38.73240,-38.73240,12.87620,3.97250,37.85800,37.85840,-1.02000,-1.02000,0.88070,0.35560,0.63390,42.46910,11.01840,11.01840,-107.43050,-107.43050,0.04510,7.48120,16.06620,5.60180,-8.15810,-8.15810,-4.84960,-5.25730,12.42790,0.2509,0.2434
2021-09-30,37.48560,21.82390,15.66170,2.69840,,12.05600,3.60570,-2.37860,1.22710,1.22710,1.22710,1.22710,13.42130,3.60570,37.85800,37.85800,0.03000,0.03000,0.81190,0.33500,0.60500,41.78050,9.61890,9.61890,3.27350,3.27350,0.03980,5.14350,9.71060,9.26830,0.21540,0.21540,0.13020,0.14320,,0.2683,0.4541
2021-06-30,39.24990,23.81960,15.43030,2.37950,,11.96240,3.46790,-1.84170,1.62620,1.62620,1.62620,1.62620,13.27520,3.46790,37.85800,37.85800,0.04000,0.04000,0.80220,0.34900,0.61990,39.31300,8.83530,8.83530,4.14320,4.14320,0.04130,7.55900,7.55140,11.91830,0.28630,0.28630,0.17120,0.18640,,0.228,0.2195
2021-03-31,37.41570,22.61900,14.79670,2.39020,,11.93740,2.85930,-2.10340,0.75590,0.75590,0.75590,0.75590,12.70600,2.85930,37.85800,37.85800,0.02000,0.02000,0.71070,0.36140,0.64100,39.54680,7.64200,7.64200,2.02020,2.02020,0.03890,5.36090,5.93210,15.17180,0.13360,0.13360,0.07850,0.08530,,0.33680,-0.29340
2020-12-31,37.29450,20.91480,16.37970,2.15080,,11.60740,4.77220,-5.51230,-0.74000,-0.74000,-0.74000,-0.74000,14.41990,4.77220,38.35790,38.35790,-0.02000,-0.02000,0.76200,0.35540,0.62310,43.91990,12.79610,12.79610,-1.98430,-1.98430,0.03950,5.67240,10.01650,8.98520,-0.13110,-0.13110,-0.07840,-0.08450,14.91340,0.0123,0.1606
2020-09-30,37.08000,19.94770,17.13230,2.00810,,11.43850,5.69370,-4.90520,0.78850,0.78850,0.78850,0.78850,15.32070,5.69370,37.85800,37.85800,0.02000,0.02000,0.36080,0.32970,0.61400,46.20360,15.35530,15.35530,2.12650,2.12650,0.03910,6.28780,9.99310,9.00620,0.13960,0.13960,0.08310,0.09360,,0.615,0.0278
2020-06-30,36.25180,13.91150,22.34030,1.83800,,11.08420,11.25620,-2.33290,8.92330,8.92330,8.92330,8.92330,20.69500,11.25620,38.32400,38.32400,0.23000,0.23000,0.58800,0.34800,0.63340,61.62530,31.05000,31.05000,24.61480,24.61480,0.03820,4.76110,11.46120,7.85260,1.58270,1.58270,0.94140,1.03190,,0.332,-0.3455
2020-03-31,34.37680,16.53920,17.83760,1.90370,,11.22560,6.61200,-3.59920,3.01270,3.01270,3.01270,3.01270,16.52520,6.61200,39.40200,39.40200,0.08000,0.08000,,,,51.88860,19.23380,19.23380,8.76380,8.76380,,,,,,,,,,0.39930,0.39840
2019-12-31,35.16470,18.29300,16.87170,1.98690,,11.30880,5.56290,-10.90960,-5.34670,-5.34670,-5.34670,0.53130,15.46740,5.56290,39.80040,39.80040,0.01400,0.01400,1.16080,0.36770,0.65450,47.97900,15.81940,15.81940,-15.20470,1.51080,0.03690,7.47350,7.76040,11.59740,-0.95620,-0.95620,-0.56030,-0.60450,14.12650,0.2692,0.2681
2019-09-30,36.56830,19.27060,17.29770,2.51110,,11.93450,5.36320,0.28700,5.65020,5.65020,5.65020,-0.22780,15.41010,5.36320,39.79210,39.79210,-0.01000,-0.01000,1.17720,0.37490,0.67260,47.30260,14.66630,14.66630,15.45110,-0.62290,0.03800,9.71880,6.48690,13.87400,1.01100,1.01100,0.58750,0.63200,,0.2091,0.4701
2019-06-30,34.08350,17.37160,16.71190,2.30170,,11.77590,4.93600,-5.11520,-0.17930,-0.17930,-0.17930,-0.17930,14.99890,4.93600,39.84100,39.84100,-0.00400,-0.00400,1.14510,0.38530,0.69950,49.03210,14.48200,14.48200,-0.52590,-0.52590,0.03470,5.56760,8.15350,11.03820,-0.03200,-0.03200,-0.01830,-0.01970,,0.1145,0.0416
2019-03-31,38.44280,19.00470,19.43810,2.63760,,12.11180,7.32640,-5.35750,1.96890,1.96890,1.96890,1.96890,17.46380,7.32640,39.86100,39.86100,0.05000,0.05000,1.05670,0.38430,0.71520,50.56370,19.05780,19.05780,5.12150,5.12150,0.03870,7.23710,9.06030,9.93350,0.35010,0.35010,0.19800,0.21560,,0.18150,0.38980
2018-12-31,38.52980,21.98110,16.54870,2.71930,,12.85370,3.69500,-9.01320,-5.31820,-5.31820,-5.31820,-5.31820,13.98430,3.69500,39.86100,39.86100,-0.14000,-0.14000,1.34180,0.39830,0.78990,42.95040,9.59000,9.59000,-13.80280,-13.80280,0.03720,9.36670,13.33900,6.74710,-0.94760,-0.94760,-0.51300,-0.57020,13.98760,0.1974,0.2743
2018-09-30,42.72410,23.94090,18.78320,2.38390,,12.52370,6.25950,-7.04680,-0.78730,-0.78730,-0.78730,-0.78730,16.57090,6.25950,39.86100,39.86100,-0.02000,-0.02000,1.07030,0.41690,0.80060,43.96400,14.65100,14.65100,-1.84270,-1.84270,0.04040,5.64440,9.57040,9.40400,-0.13860,-0.13860,-0.07440,-0.08080,,0.2392,0.6824
2018-06-30,43.38090,21.47560,21.90530,2.65480,0.69650,12.41190,9.49340,-9.89120,-0.39780,-0.39780,-0.39780,-0.39780,20.11290,9.49340,39.86100,39.86100,-0.01000,-0.01000,0.90250,0.42680,0.83160,50.49530,21.88370,21.88370,-0.91700,-0.91700,0.04030,6.44030,8.41920,10.68980,-0.07000,-0.07000,-0.03690,-0.04010,14.24210,0.3586,-0.3288
2018-03-31,39.69550,23.49280,16.20270,2.31610,-0.14670,12.99310,3.20950,-8.98280,-5.77320,-5.77320,-5.77320,-5.77320,13.91600,3.20950,39.86100,39.86100,-0.14000,-0.14000,0.83850,0.41690,0.79960,40.81750,8.08540,8.08540,-14.54380,-14.54380,0.03750,6.23760,8.27500,10.87620,-1.01630,-1.01630,-0.54470,-0.59260,,0.15330,-1.65000
2017-12-31,38.42810,22.57340,15.85470,2.40340,1.48190,10.58330,5.27140,-4.52310,0.74830,0.74830,0.74830,0.74830,15.06480,5.27140,39.80900,39.80900,0.02000,0.02000,0.79800,0.37420,0.67120,41.25800,13.71750,13.71750,1.94730,1.94730,0.03860,8.17200,9.92990,9.06360,0.13050,0.13050,0.07510,0.08170,14.38700,0.4437,0.4594
2017-09-30,38.54640,20.29790,18.24840,2.68510,-0.23790,12.73510,5.51340,-7.77470,-2.26140,-2.26140,-2.26140,-2.26140,15.43970,5.51340,39.80300,39.80300,-0.06000,-0.06000,0.59980,0.35750,0.69590,47.34150,14.30320,14.30320,-5.86660,-5.86660,0.03850,6.79110,9.25730,9.72210,-0.39520,-0.39520,-0.22580,-0.25390,,0.2563,0.3765
2017-06-30,39.27340,20.14230,19.13110,2.49050,-1.27100,13.50480,5.62620,-7.33510,-1.70890,-1.70890,-1.70890,-1.70890,15.49600,5.62620,39.80290,39.80290,-0.04000,-0.04000,0.60020,0.36930,0.71090,48.71260,14.32580,14.32580,-4.35120,-4.35120,0.03860,5.68800,6.15420,14.62410,-0.29760,-0.29760,-0.16780,-0.18770,14.42930,0.2853,-0.6748
2017-03-31,38.06410,19.17610,18.88800,2.52540,-1.03190,13.26180,5.62620,-3.62250,2.00370,2.00370,2.00370,2.00370,15.45420,5.62620,39.80290,39.80290,0.05000,0.05000,0.69070,0.36060,0.67370,49.62150,14.78080,14.78080,5.26400,5.26400,0.03820,6.22030,8.47270,10.62240,0.34780,0.34780,0.20110,0.22240,,0.32980,-0.08020
2016-12-31,37.47330,18.65560,18.81770,2.66590,-0.96790,13.51520,5.30240,-9.68510,-4.38270,-4.38270,-4.38270,-4.38270,15.30570,5.30240,39.82400,39.82400,-0.12000,-0.12000,0.93990,0.37430,0.69320,50.21620,14.14990,14.14990,-11.69560,-11.69560,0.03740,6.64110,9.29020,9.68760,-0.76360,-0.76360,-0.43740,-0.47780,14.39940,0.2734,0.1352
2016-09-30,34.44000,19.60030,14.83970,2.63020,-1.03070,13.54200,1.29760,-3.79900,-2.50140,-2.50140,-2.50140,-2.50140,11.32110,1.29760,39.74500,39.74500,-0.06000,-0.06000,1.17750,0.38850,0.71060,43.08860,3.76780,3.76780,-7.26310,-7.26310,0.03380,6.34300,8.17110,11.01440,-0.43360,-0.43360,-0.24550,-0.26510,,0.2076,0.0501
2016-06-30,35.74490,20.37050,15.37440,2.61400,-1.02430,13.33300,2.04140,-3.59140,-1.55000,-1.55000,-1.55000,-1.55000,11.86320,2.04140,39.74610,39.74610,-0.04000,-0.04000,1.01670,0.38150,0.72930,43.01150,5.71100,5.71100,-4.33640,-4.33640,0.03460,6.44140,8.82530,10.19790,-0.26780,-0.26780,-0.15000,-0.16560,,0.1126,-0.392
2016-03-31,36.47410,19.20000,17.27410,2.54650,-1.03140,13.21720,4.05680,-3.42100,0.63580,0.63580,0.63580,0.63580,13.82490,4.05680,40.03500,40.03500,0.02000,0.02000,1.10460,0.37840,0.72280,47.36000,11.12260,11.12260,1.74330,1.74330,0.03520,7.11590,7.22830,12.45100,0.10950,0.10950,0.06130,0.06810,,0.31420,-0.25860
2015-12-31,37.40960,19.18930,18.22030,2.55920,-1.03800,13.30210,4.91820,-7.96970,-3.05150,-3.05150,-3.05150,-3.05150,14.74090,4.91820,41.31500,41.31500,-0.08000,-0.08000,1.18950,0.37330,0.72410,48.70490,13.14690,13.14680,-8.15700,-8.15700,0.03600,6.58010,7.70260,11.68440,-0.52340,-0.52340,-0.29400,-0.32800,14.38990,0.3879,0.3256
2015-09-30,35.79320,19.11970,16.67360,2.69060,-1.03080,12.88780,3.78570,-2.73930,1.04640,1.04640,1.04640,1.04640,13.04860,3.78570,41.16090,41.16090,0.03000,0.03000,1.00530,0.36590,0.70500,46.58300,10.57670,10.57670,2.92340,2.92340,0.03480,6.29080,6.21590,14.47900,0.17830,0.17830,0.10160,0.11310,,0.1091,-2.0251
2015-06-30,32.43710,15.74160,16.69560,2.42350,-1.02420,12.06330,4.63220,-5.89230,-1.26010,-1.26010,-1.26010,-1.26010,13.32870,4.63220,41.54510,41.54510,-0.03000,-0.03000,1.32820,0.32290,0.55530,51.47050,14.28050,14.28050,-3.88490,-3.88490,0.03420,5.17580,8.59950,10.46580,-0.21390,-0.21390,-0.13280,-0.14490,,0.3472,-0.9999
2015-03-31,35.67590,15.95450,19.72140,2.43410,-1.03190,11.83660,7.88480,-2.05290,5.83190,5.83190,5.83190,5.83190,16.35240,7.88480,42.03770,42.03770,0.14000,0.14000,1.93340,0.31830,0.54500,55.27930,22.10120,22.10120,16.34690,16.34690,0.03770,5.75740,9.23880,9.74150,0.98390,0.98390,0.61630,0.67070,,0.31890,0.15780
2014-12-31,34.99110,15.26360,19.72750,2.47100,,11.61830,8.10920,-9.29680,-1.18760,-1.18760,-1.18760,-1.18760,17.13490,8.10920,39.30600,39.30600,-0.07000,-0.07000,2.07670,0.32240,0.54690,56.37870,23.17500,23.17500,-3.39410,-3.39410,0.03710,5.15890,10.33310,8.70990,-0.20050,-0.20050,-0.12580,-0.13580,13.81190,0.4115,0.6123
2014-09-30,31.23180,16.35740,14.87450,2.08770,,10.62360,4.25080,-2.67990,1.57090,1.57090,1.57090,1.57090,12.92440,4.25080,41.83030,41.83030,0.04000,0.04000,1.98590,0.34200,0.59490,47.62600,13.61060,13.61060,5.02990,5.02990,0.03180,5.62610,8.28930,10.85740,0.26230,0.26230,0.16000,0.17260,,0.1849,-0.6442
2014-06-30,31.86550,14.21280,17.65270,2.15200,,10.51050,7.14210,-2.47170,4.67040,4.67040,4.67040,4.67040,15.64640,7.14210,38.15650,38.15650,0.12000,0.12000,2.14830,0.36380,0.65180,55.39750,22.41340,22.41340,14.65670,14.65670,0.03330,4.57790,7.64270,11.77600,0.82950,0.82950,0.48810,0.52770,,0.2794,-0.8847
2014-03-31,33.88450,14.15480,19.72970,1.94180,,10.03250,9.69720,-2.06510,7.63210,7.63210,7.63210,7.63210,17.95660,9.69720,33.75200,33.75200,0.23000,0.23000,1.94320,0.38260,0.70170,58.22630,28.61840,28.61840,22.52380,22.52380,0.03770,6.00220,8.07130,11.15070,1.49000,1.49000,0.85010,0.92000,,0.52950,-0.27210
2013-12-31,32.03250,14.03230,18.00020,2.22820,,10.31890,7.68140,-2.14930,5.53210,5.53210,5.53210,5.53210,15.87650,7.68140,28.27180,28.27180,0.13000,0.13000,1.55200,0.39740,0.74670,56.19360,23.97990,23.97990,17.27020,17.27020,0.03760,5.70170,6.44760,13.95860,1.17060,1.17060,0.65010,0.70540,14.71020,0.61,-0.6671
2013-09-30,29.73770,13.83360,15.90410,1.92340,,9.77160,6.13250,-1.98600,4.14650,4.14650,4.14650,4.14650,14.08260,6.13250,32.05300,32.05300,0.13000,0.13000,1.17900,0.37620,0.75920,53.48120,20.62190,20.62190,13.94360,13.94360,0.03510,4.13950,5.67850,15.84910,0.88790,0.88790,0.48930,0.55380,14.53690,0.3784,-1.1739
2013-06-30,30.26390,14.19160,16.07230,1.71200,,9.20060,6.87170,-1.79180,5.07990,5.07990,5.07990,5.07990,14.47110,6.87170,28.26100,28.26100,0.18000,0.18000,1.89890,0.37670,0.70690,53.10730,22.70600,22.70600,16.78540,16.78540,0.03720,3.74260,4.66250,19.30310,1.09770,1.09770,0.62380,0.68420,,0.2072,-1.3585
2013-03-31,29.44750,11.92900,17.51850,1.75980,,9.09400,8.42450,-1.96580,6.45870,6.45870,6.45870,6.45870,15.86760,8.42450,20.55300,20.55300,0.31000,0.31000,1.07710,0.46280,0.96400,59.49070,28.60860,28.60860,21.93280,21.93280,0.04160,3.50150,8.62110,10.43950,1.85310,1.85310,0.91220,0.99560,,0.54210,0.53680
2012-12-31,30.58570,11.61210,18.97360,1.79470,,9.12900,9.84460,-2.08550,7.75910,7.75910,7.75910,7.75910,17.26540,9.84460,20.55260,20.55260,0.38000,0.38000,1.00810,0.47510,1.00970,62.03410,32.18700,32.18700,25.36830,25.36830,0.04290,3.68360,9.98840,9.01050,2.26850,2.26850,1.08820,1.19080,16.58180,0.5552,0.5494
2012-09-30,30.35670,11.50920,18.84750,2.06570,,9.39990,9.44760,-2.81370,6.63400,6.63400,6.63400,6.63400,16.89900,9.44760,20.55300,20.55300,0.32000,0.32000,0.90360,0.48760,1.05670,62.08690,31.12210,31.12210,21.85350,21.85350,0.04240,4.40160,11.74660,7.66180,1.98440,1.98440,0.92700,1.01680,16.26570,0.6045,-0.3314
2012-06-30,29.14790,10.70180,18.44610,1.59090,,8.66380,9.78230,-2.59640,7.18590,7.18590,7.18590,7.18590,16.94440,9.78230,20.55300,20.55300,0.35000,0.35000,1.15920,0.49980,1.10850,63.28460,33.56100,33.56100,24.65330,24.65330,0.04050,4.57550,16.09850,5.59060,2.19280,2.19280,0.99840,1.09680,,0.5607,0.4064
2012-03-31,29.12280,11.54010,17.58270,1.70320,,8.73850,8.84420,-1.46470,7.37950,7.37950,7.37950,7.37950,15.99880,8.84420,20.55300,20.55300,0.36000,0.36000,1.04310,0.49620,1.13330,60.37440,30.36870,30.36870,25.33930,25.33930,0.04080,6.31780,20.27300,4.43940,2.30250,2.30250,1.03300,1.16010,,0.63650,-0.43250
2011-12-31,28.88430,13.36710,15.51720,1.76020,,8.73330,6.78400,-2.33820,4.44580,4.44580,4.44580,4.44580,13.83760,6.78400,20.90920,20.90920,0.21000,0.21000,1.00750,0.50320,1.12130,53.72200,23.48670,23.48670,15.39170,15.39170,0.04150,5.53250,14.00750,6.42510,1.41990,1.41990,0.63900,0.70540,15.23370,0.6902,0.5046
2011-09-30,27.49260,13.46350,14.02920,1.77100,,8.57030,5.45880,0.74190,6.20070,6.20070,6.20070,6.20070,12.36970,5.45880,20.88700,20.88700,0.30000,0.30000,1.02300,0.51330,1.16550,51.02880,19.85560,19.85560,22.55420,22.55420,0.03930,4.31810,8.84850,10.17130,2.01000,2.01000,0.88550,0.97820,,0.5712,-0.2618
2011-06-30,31.36620,15.69780,15.66840,2.01460,,8.84330,6.82510,-10.44830,-3.62320,-3.62320,-3.62320,-3.62320,13.74450,6.82510,21.10400,21.10400,-0.17000,-0.17000,1.10040,0.51120,1.15870,49.95310,21.75940,21.75940,-11.55140,-11.55140,0.04550,4.73040,12.35400,7.28510,-1.19030,-1.19030,-0.52510,-0.58190,14.42360,0.3643,0.4139
2011-03-31,30.53760,15.30250,15.23510,1.86150,,8.82260,6.41260,-4.88610,1.52650,1.52650,1.52650,1.52650,13.48630,6.41260,21.09900,21.09900,0.07000,0.07000,0.81780,0.50710,1.14560,49.88960,20.99900,20.99900,4.99870,4.99870,0.04380,4.47300,9.07630,9.91600,0.49580,0.49580,0.21910,0.24440,14.58900,0.40100,-0.06390
2010-12-31,29.05560,14.18390,14.87170,2.14750,,9.05420,5.81750,-1.47420,4.34330,4.34330,4.34330,4.34330,12.79270,5.81750,21.53900,21.53900,0.20000,0.20000,0.74880,0.50320,1.12680,51.18370,20.02190,20.02190,14.94830,14.94830,0.04220,7.70820,10.33860,8.70530,1.41820,1.41820,0.63100,0.70450,14.51150,0.3076,0.0107
2010-09-30,26.72700,13.61630,13.11070,2.06230,0.22800,8.57090,4.53980,-3.54980,0.99000,0.99000,0.99000,0.99000,11.38250,4.53980,21.06900,21.09100,0.05000,0.05000,0.79840,0.51430,1.16940,49.05410,16.98570,16.98570,3.70420,3.70420,0.03830,5.37590,14.79880,6.08160,0.32810,0.32810,0.14180,0.15930,14.29850,-0.0054,-2.9693
2010-06-30,26.87040,13.40550,13.46490,2.05050,,8.44660,5.01830,-0.87260,4.14570,4.14570,4.14570,4.14570,11.63880,5.01830,21.74800,21.76300,0.19000,0.19000,1.07310,0.48750,1.05090,50.11070,18.67580,18.67580,15.42850,15.42850,0.03990,5.27500,9.40610,9.56830,1.37910,1.37910,0.61540,0.70680,14.24380,0.1775,1.2872
2010-03-31,28.75670,13.52880,15.22790,1.95520,,8.53990,6.68800,-5.07390,1.61410,1.61410,1.61410,1.61410,13.38240,6.68800,22.26900,22.27700,0.07000,0.07000,1.16080,0.49190,1.06700,52.95410,23.25730,23.25730,5.61310,5.61310,0.04210,4.16350,11.12640,8.08890,0.53350,0.53350,0.23650,0.27110,13.56270,0.81170,1.39570
2009-12-31,28.38050,13.87400,14.50650,2.17820,-16.36500,25.48130,-10.97480,-16.17580,-27.15060,-27.15060,-27.15060,-27.15060,-3.98120,-10.97480,22.21900,22.21900,-1.22000,-1.22000,1.00010,0.50730,1.14970,51.11430,-38.67030,-38.67030,-95.66650,-95.66650,0.04100,6.46230,13.02210,6.91130,-9.02610,-9.02610,-3.92070,-4.44760,13.48280,0.7341,0.9664
2009-09-30,28.38400,12.83400,15.54990,2.29120,0.61800,8.77760,6.77230,0.38640,7.15870,7.15870,7.15870,7.15870,13.96800,6.77230,22.21000,22.24600,0.32000,0.32000,0.79650,0.49500,1.07680,54.78420,23.85980,23.85980,25.22110,25.22110,0.03990,6.05350,15.44360,5.82770,2.18330,2.18330,1.00580,1.10250,,0.2424,-2.0936
2009-06-30,27.07670,12.06190,15.01480,2.17190,,8.59140,6.42350,0.06780,6.49130,6.49130,6.49130,6.49130,12.87680,6.42350,22.21000,22.22100,0.29000,0.29000,0.53130,0.45250,0.90460,55.45280,23.72320,23.72320,23.97360,23.97360,0.04210,7.41160,23.58180,3.81650,2.02300,2.02300,1.00910,1.10760,14.38260,0.5615,-0.858
2009-03-31,29.20480,11.02060,18.18420,2.15440,,8.45920,9.72500,-9.53630,0.18870,0.18870,0.18870,0.18870,16.05180,9.72500,22.19900,22.19900,0.01000,0.01000,0.73610,0.44670,0.88240,62.26450,33.29940,33.29940,0.64620,0.64620,0.04670,6.77180,11.29290,7.96960,0.06010,0.06010,0.03020,0.03320,14.08070,0.63790,-0.36840
