Date,revenue,cost-goods-sold,gross-profit,research-development-expenses,selling-general-administrative-expenses,other-operating-income-expenses,operating-expenses,operating-income,total-non-operating-income-expense,pre-tax-income,total-provision-income-taxes,income-after-taxes,income-from-continuous-operations,net-income,ebitda,ebit,basic-shares-outstanding,shares-outstanding,eps-basic-net-earnings-per-share,eps-earnings-per-share-diluted,current-ratio,long-term-debt-capital,debt-equity-ratio,gross-margin,operating-margin,ebit-margin,pre-tax-profit-margin,net-profit-margin,asset-turnover,inventory-turnover,receiveable-turnover,days-sales-in-receivables,roe,return-on-tangible-equity,roa,roi,book-value-per-share,operating-cash-flow-per-share,free-cash-flow-per-share
2023-09-30,,,,0.08100,2.86900,11.07600,,8.12600,3.26300,11.38900,,11.38900,11.38900,11.38900,8.16100,8.12600,224.94300,225.40000,0.05000,0.05000,6.12420,,,,,,,,,,,,5.51960,5.51960,5.27350,5.51960,0.91730,-0.0006,-0.0006
2023-06-30,,,,0.47200,3.14800,12.42500,,8.80500,3.15600,11.96100,,11.96100,11.96100,11.96100,8.84100,8.80500,224.94300,225.29200,0.05000,0.05000,7.15550,,,,,,,,,,,,6.14450,6.14450,5.89900,6.14450,0.86540,-0.0061,-0.0062
2023-03-31,,,,1.41300,3.85000,10.72500,,5.46200,3.03100,8.49300,,8.49300,8.49300,8.49300,5.49800,5.46200,224.94300,224.94500,0.04000,0.04000,7.67540,,,,,,,,,,,,4.65570,4.65570,4.46190,4.65570,0.81100,-0.00240,-0.00250
2022-12-31,,,,0.93800,2.85400,47.93500,,44.14300,-15.64300,28.50000,,28.50000,28.50000,28.50000,44.17900,44.14300,224.94300,224.94800,0.12000,0.12000,10.09740,,,,,,,,,,,,16.40850,16.40850,15.84270,16.40850,0.77220,0.0037,0.0037
2022-09-30,,,,0.28100,3.49000,1.38100,,-2.39000,3.67000,1.28000,,1.28000,1.28000,1.28000,-2.35400,-2.39000,224.94300,224.94300,0.01000,0.01000,15.99090,,,,,,,,,,,,0.88290,0.88290,0.85750,0.88290,0.64450,0.0069,0.0069
2022-06-30,,,,0.05500,2.00400,1.30700,,-0.75200,13.31800,12.56600,,12.56600,12.56600,12.56600,-0.71500,-0.75200,224.94300,224.94300,0.06000,0.06000,27.43900,,,,,,,,,,,,8.75980,8.75980,8.60010,8.75980,0.63770,0.0114,0.0114
2022-03-31,,,,0.13700,2.75200,1.30700,,-1.58200,0.04500,-1.53700,,-1.53700,-1.53700,-1.53700,-1.54500,-1.58200,224.94300,224.94300,-0.01000,-0.01000,27.15390,,,,,,,,,,,,-1.17030,-1.17030,-1.14600,-1.17030,0.58390,-0.01410,-0.01410
2021-12-31,,,,0.12100,3.10900,-72.75600,,-75.98600,-15.04700,-91.03300,,-91.03300,-91.03300,-91.03300,-75.94900,-75.98600,224.72900,224.72900,-0.41000,-0.41000,23.33260,,,,,,,,,,,,-68.56810,-68.56810,-66.83970,-68.56810,0.59020,-0.0103,-0.0103
2021-09-30,,,,0.14800,2.66500,4.73200,,1.91900,2.19900,4.11800,,4.11800,4.11800,4.11800,1.95600,1.91900,224.94300,225.06600,0.02000,0.02000,21.77550,,,,,,,,,,,,1.84790,1.84790,1.81820,1.84790,0.99070,-0.0126,-0.0126
2021-06-30,,,,0.37300,3.77900,6.95300,,2.80100,2.20300,5.00400,,5.00400,5.00400,5.00400,2.83800,2.80100,224.67500,225.29400,0.02000,0.02000,22.73020,,,,,,,,,,,,2.29320,2.29320,2.25580,2.29320,0.97010,-0.0139,-0.0139
2021-03-31,,,,,3.92400,14.61400,,10.69000,2.33800,13.02800,,13.02800,13.02800,13.02800,10.72700,10.69000,224.34500,225.01700,0.06000,0.06000,25.56310,,,,,,,,,,,,6.13360,6.13360,6.03760,6.13360,0.94590,-0.02080,-0.02740
2020-12-31,,,,,3.34200,19.93100,,16.58900,1.08200,17.67100,,17.67100,17.67100,17.67100,16.62900,16.58900,223.65600,224.91900,0.08000,0.08000,18.11530,,,,,,,,,,,,8.88510,8.88510,8.67970,8.88510,0.88690,-0.0071,-0.0071
2020-09-30,,,,,5.18300,6.82100,,1.63800,1.56700,3.20500,,3.20500,3.20500,3.20500,1.67800,1.63800,223.64830,225.93990,0.01000,0.01000,17.10730,,,,,,,,,,,,1.77300,1.77300,1.72650,1.77300,0.80680,-0.0131,-0.0132
2020-06-30,,,,,3.55800,15.56800,,12.01000,2.68400,14.69400,,14.69400,14.69400,14.69400,12.05100,12.01000,222.61300,223.64100,0.07000,0.07000,26.25700,,,,,,,,,,,,8.34620,8.34620,8.18880,8.34620,0.79010,-0.0045,-0.0046
2020-03-31,,,,,2.67400,21.75600,,19.08200,2.72400,21.80600,,21.80600,21.80600,21.80600,19.12400,19.08200,224.16050,224.27240,0.10000,0.10000,34.59620,,,,,,,,,,,,13.54960,13.54960,13.33580,13.54960,0.72280,-0.00380,-0.00390
2019-12-31,,,,,2.36800,1.22300,,-1.14500,-20.06000,-21.20500,,-21.20500,-21.20500,-21.20500,-1.10500,-1.14500,225.86720,225.86720,-0.10000,-0.10000,15.45100,,,,,,,,,,,,-15.01160,-15.01160,-14.67430,-15.01160,0.62750,-0.007,-0.0071
2019-09-30,,,,,3.19900,-124.55900,,-127.75800,-19.75800,-147.51600,,-147.51600,-147.51600,-147.51600,-127.73400,-127.75800,225.90300,225.90300,-0.65000,-0.65000,8.67110,,,,,,,,,,,,-90.42130,-90.42130,-88.87950,-90.42130,0.72120,-0.0157,-0.0157
2019-06-30,,,,,3.45600,7.26100,,3.80500,2.30200,6.10700,,6.10700,6.10700,6.10700,3.82500,3.80500,225.80500,225.80500,0.03000,0.03000,3.62020,,,,,,,,,,,,1.96970,1.96970,1.95300,1.96970,1.37310,-0.009,-0.0091
2019-03-31,,,,,2.80500,-5.22600,,-8.03100,2.71700,-5.31400,,-5.31400,-5.31400,-5.31400,-8.01700,-8.03100,225.80500,225.80500,-0.02000,-0.02000,6.16150,,,,,,,,,,,,-1.74990,-1.74990,-1.74040,-1.74990,1.34480,-0.00700,-0.00700
2018-12-31,0.00000,0.00000,0.00000,0.00000,3.20000,-0.18900,3.38900,-3.38900,2.51400,-0.87500,-0.00800,-0.86700,-0.86700,-0.86700,-3.37600,-3.38900,220.10900,220.10900,-0.02000,-0.02000,3.77250,,,,,,,,0.00000,,0.00000,,-0.28070,-0.28070,-0.27730,-0.28070,1.36770,-0.0046,-0.0108
2018-09-30,30.66500,20.18900,10.47600,0.41900,2.90400,-0.50200,15.47600,-5.00000,3.89600,-1.10400,0.12100,-1.22500,-1.22500,-0.34700,6.66200,-5.00000,225.80500,225.80500,0.00000,0.00000,3.37760,,,34.16270,-16.30520,-16.30520,-3.60020,-1.13160,0.09750,,22.71480,3.96220,-0.39570,-0.39570,-0.38960,-0.39570,1.37080,0.0123,-0.006
2018-06-30,66.82300,30.46900,36.35400,1.78900,3.24600,-3.34200,25.30600,11.04800,-149.68200,-138.63400,3.27700,-141.91100,-141.91100,-142.26700,27.98900,11.04800,225.06760,225.06760,-0.63000,-0.63000,2.25830,,,54.40340,16.53320,16.53320,-207.46450,-212.90130,0.11950,,65.64150,1.37110,-45.56080,-45.56080,-25.38060,-45.56080,1.37940,0.0504,-0.039
2018-03-31,64.43000,28.35000,36.08000,0.12500,2.31000,-3.22100,19.02000,17.06000,-5.15100,11.90900,9.11900,2.79000,2.79000,2.10900,30.43500,17.06000,203.45000,203.45000,0.01000,0.01000,0.94180,0.19070,0.36120,55.99880,26.47830,26.47830,18.48360,3.27330,0.08900,0.58540,6.74310,13.34700,0.64030,0.64030,0.38530,0.51820,2.14160,0.09380,-0.03730
2017-12-31,65.95300,29.31200,36.64100,1.58700,3.14300,-6.32400,26.24000,10.40100,-2.88100,7.52000,15.02800,-7.50800,-7.50800,-6.69100,25.60900,10.40100,203.33310,204.39450,-0.03000,-0.03000,1.11280,0.21610,0.35990,55.55620,15.77030,15.77030,11.40210,-10.14510,0.09310,0.86500,9.16650,9.81840,-1.73550,-1.73550,-1.05930,-1.36050,2.12640,0.1663,-0.0378
2017-09-30,60.52800,24.81800,35.71000,0.19700,3.25900,,21.26600,14.44400,-5.76700,8.67700,3.67100,5.00600,5.00600,4.15400,32.26500,14.44400,203.45000,203.45000,0.02000,0.02000,1.68600,0.24140,0.35950,58.99750,23.86330,23.86330,14.33550,6.86290,0.08640,0.63360,4.47760,20.10010,1.14400,1.14400,0.71450,0.86780,2.15080,0.2032,0.0429
2017-06-30,60.19100,28.30200,31.88900,0.08000,3.38800,-3.00900,20.90100,10.98800,-4.35400,6.63400,5.47900,1.15500,1.15500,0.63800,25.42100,10.98800,203.42660,206.22120,0.00000,0.00000,2.74280,0.26600,0.36250,52.97970,18.25520,18.25520,11.02160,1.06000,0.08840,0.76270,2.71630,33.13300,0.26780,0.26780,0.16960,0.19650,2.12000,0.1649,0.0477
2017-03-31,69.53100,34.19600,35.33500,0.18600,2.80000,-3.47700,23.19600,12.13900,-4.58200,7.55700,-0.10300,7.66000,7.66000,7.67500,28.88500,12.13900,202.99970,209.84070,0.04000,0.04000,2.63490,0.26580,0.36370,50.81910,17.45840,17.45840,10.86850,11.03820,0.10290,1.01470,1.73120,51.98780,1.78710,1.78710,1.13380,1.31210,2.10850,0.06850,-0.05560
2016-12-31,66.78900,30.93500,35.85400,0.38300,5.68300,,35.62100,0.23300,-6.60400,-6.37100,2.10600,-8.47700,-8.47700,-8.47700,22.66500,0.23300,198.97400,198.97400,-0.05000,-0.05000,2.52550,0.27060,0.37210,53.68250,0.34890,0.34890,-9.53900,-12.69220,0.10080,0.95560,2.74300,32.81090,-2.03570,-2.03570,-1.27910,-1.48480,2.06330,0.1245,0.0082
2016-09-30,67.96400,29.90000,38.06400,0.18800,1.78500,,19.52900,18.53500,-3.11300,15.42200,3.76600,11.65600,11.65600,11.65600,36.09700,18.53500,199.53280,208.41980,0.06000,0.06000,2.04680,0.24840,0.35790,56.00610,27.27180,27.27180,22.69140,17.15030,0.10340,1.15250,3.01660,29.83490,2.74450,2.74450,1.77390,2.06270,2.10430,0.1594,0.0272
2016-06-30,41.15600,27.85300,13.30300,0.22600,1.67700,,14.87300,-1.57000,-5.33700,-6.90700,5.62000,-12.52700,-12.52700,-12.52700,11.40900,-1.57000,197.47400,197.47400,-0.06000,-0.06000,1.28860,0.25860,0.37050,32.32340,-3.81480,-3.81480,-16.78250,-30.43790,0.06600,1.38250,119.98830,0.75010,-3.11120,-3.11120,-2.00980,-2.30650,2.02440,0.0547,-0.1836
2016-03-31,,,,0.62800,3.39300,,,-4.02100,0.09900,-3.92200,-0.05400,-3.86800,-3.86800,-3.86800,-4.01700,-4.02100,196.99890,196.99890,-0.02000,-0.02000,1.13680,0.22690,0.36800,,,,,,,,,,-0.94040,-0.94040,-0.60440,-0.72700,2.08760,-0.06240,-0.24080
2015-12-31,,,,2.27000,2.40000,,,-4.65000,1.41000,-2.89000,-3.08000,0.19000,0.21400,0.21400,-4.64800,-4.65000,194.35800,194.35800,0.00000,0.00000,2.37650,0.24140,0.35490,,,,,,,,,,0.05160,0.05160,0.03430,0.03920,2.10360,-0.0191,-0.3391
2015-09-30,,,,0.46400,1.45200,,,-1.91600,-1.41800,-3.33400,-0.02800,-3.30600,-3.30600,-3.30600,-2.32200,-1.91600,196.94150,196.94150,-0.02000,-0.02000,3.83310,0.22350,0.30880,,,,,,,,,,-0.80180,-0.80170,-0.54790,-0.62250,,-0.0118,-0.3478
2015-06-30,,,,0.55700,1.77600,,,-2.33300,1.68600,-0.64700,0.11300,-0.76000,-0.76000,-0.76000,-1.90500,-2.33300,196.84560,196.84560,0.00000,0.00000,8.02860,0.23040,0.29940,,,,,,,,,,-0.18320,-0.18320,-0.12740,-0.14100,,-0.007,-0.3032
2015-03-31,,,,0.54600,1.39400,-0.51500,,-2.48100,-1.95700,-4.43800,0.01600,-4.45400,-4.45400,-4.45400,-2.45500,-2.48100,186.47260,186.47260,-0.02000,-0.02000,12.90260,0.12410,0.14160,,,,,,,,,,-1.07350,-1.07350,-0.85880,-0.94030,,-0.01750,-0.19220
2014-12-31,,,,0.48000,3.42000,,,-4.01000,-0.25400,-4.24000,-2.35000,-1.89000,-2.91000,-2.91000,-3.91000,-4.01000,145.51100,145.51100,-0.02000,-0.02000,14.92180,0.13020,0.14980,,,,,,,,,,-0.75870,-0.75860,-0.60490,-0.65980,2.20350,-0.0458,-0.2585
2014-09-30,,,,0.11000,1.97000,,,-2.09000,-7.22000,-9.33000,0.00000,-9.33000,-9.33000,-9.32900,-2.08000,-2.09000,173.49000,173.49000,-0.05000,-0.05000,25.60600,0.04730,0.04970,,,,,,,,,,-2.41720,-2.41720,-2.08420,-2.30290,,-0.009,-0.1263
2014-06-30,,,,0.07000,2.36000,,,-2.44000,1.94000,-0.51000,0.00000,-0.51000,-0.51500,-0.51500,-2.42000,-2.44000,172.22000,172.55100,0.00000,0.00000,28.79830,,,,,,,,,,,,-0.13180,-0.13180,-0.11880,-0.13180,,-0.0023,-0.0288
2014-03-31,,,,0.05000,3.13000,,,-3.20000,-7.68600,-10.91000,0.00000,-10.91000,-10.91700,-10.91700,-3.18000,-3.20000,137.35500,137.35500,-0.08000,-0.08000,37.45550,,,,,,,,,,,,-2.80800,-2.80810,-2.54110,-2.80810,,-0.09990,-0.13630
2013-12-31,,,,-0.41000,2.27000,,,-1.88000,2.98900,1.12000,0.00000,1.12000,-2.26200,-2.26200,-1.86000,-1.88000,85.04300,85.04300,-0.03000,-0.03000,41.75180,,,,,,,,,,,,-0.98950,-0.98950,-0.93400,-0.98950,,0.0193,0.0087
2013-09-30,,,,0.13000,1.76000,,,-1.94000,0.94300,-1.01000,0.00000,-1.01000,-1.01000,-1.01000,-2.00000,-1.94000,85.05100,85.10100,-0.01000,-0.01000,118.35030,,,,,,,,,,,,-0.43830,-0.43830,-0.41520,-0.43840,,-0.0074,-0.0104
2013-06-30,,,,0.39000,2.68000,,,-3.09000,4.81300,1.71000,0.00000,1.71000,1.71500,1.71600,-2.94000,-3.09000,85.03400,85.04700,0.02000,0.02000,134.56340,,,,,,,,,,,,0.74250,0.74240,0.70230,0.74250,,-0.0576,-0.0584
2013-03-31,,,,1.30000,2.94000,,,-4.26000,4.13500,-0.13000,0.00000,-0.13000,-0.13600,-0.13600,-4.22000,-4.26000,85.03400,85.03400,0.00000,0.00000,99.82320,,,,,,,,,,,,-0.05960,-0.05960,-0.05460,-0.05960,,-0.06730,-0.06740
2012-12-31,,,,,,,,,,,,,-6.07200,-6.07200,,,86.74200,86.74200,-0.07000,-0.07000,54.65430,,,,,,,,,,,,-2.67550,-2.67550,-2.38780,-2.67560,,0.0867,0.088
2012-09-30,,,,0.56000,2.65000,,,-3.23000,1.47200,-1.76000,0.00000,-1.76000,-1.79900,-1.79900,-3.18000,-3.23000,75.55200,75.55200,-0.02000,-0.02000,72.35270,,,,,,,,,,,,-0.85590,-0.85590,-0.80980,-0.85590,,-0.0244,-0.0246
2012-06-30,,,,1.29000,3.82000,,,-5.13000,-0.52000,-5.67000,0.00000,-5.67000,-5.67600,-5.67600,-5.71000,-5.13000,75.54600,75.54600,-0.08000,-0.08000,70.28630,,,,,,,,,,,,-2.70030,-2.70020,-2.55370,-2.70030,,0.2469,0.2683
2012-03-31,,,,0.71000,5.99000,,,-6.77000,-1.29000,-8.04000,0.00000,-8.04000,-7.26100,-7.26100,-6.16000,-6.77000,75.52100,75.52100,-0.10000,-0.10000,41.26820,,,,,,,,,,,,-3.40300,-3.40290,-3.19970,-3.40280,,-0.30920,-0.33170
2011-12-31,,,,1.25000,3.76000,,,-5.07000,2.46000,-2.63000,0.00000,-2.63000,-2.63000,-2.63000,-5.01000,-5.07000,75.43400,75.43400,-0.03000,-0.03000,51.96250,,,,,,,,,,,,-1.21330,-1.21330,-1.15220,-1.21330,,-0.0256,-0.0238
2011-09-30,,,,7.18000,3.69000,,,-10.93000,-4.26000,-15.21000,0.00000,-15.21000,-15.21000,-15.21000,-10.71000,-10.93000,75.31900,75.31900,-0.20000,-0.20000,76.88890,,,,,,,,,,,,-6.99990,-6.99990,-6.68190,-7.00020,,-0.2387,-0.2608
2011-06-30,,,,9.27000,4.12000,,,-13.44000,1.17000,-12.27000,0.00000,-12.27000,-12.27000,-12.27000,-13.49000,-13.44000,,,,0.00000,58.03310,,,,,,,,,,,,-5.35830,-5.35830,-5.09780,-5.35830,,0,0
2011-03-31,,,,0.00000,4.56000,,,-4.61000,0.15470,-4.42000,-0.02000,-4.40000,-4.40000,-4.40000,-4.51000,-4.61000,,,,0.00000,45.26650,,,,,,,,,,,,-1.51530,-1.51530,-1.46640,-1.51530,,0.00000,
2010-12-31,,,,0.00000,2.25000,,,-2.27000,-0.19890,-2.49000,0.02000,-2.51000,-2.54800,-2.54800,-2.24000,-2.27000,46.12800,46.12800,-0.06000,-0.06000,16.42440,,,,,,,,,,,,-2.82610,-2.82610,-2.76330,-2.82610,,-0.0237,-0.0248
2010-09-30,,,,0.00000,2.52000,,,-2.54000,-0.53000,-3.08000,0.00000,-3.08000,-3.08400,-3.08400,-2.51000,-2.54000,46.03700,46.03700,-0.07000,-0.07000,28.04480,,,,,,,,,,,,-3.55180,-3.55140,-3.49740,-3.55140,,-0.0204,0.0743
2010-06-30,,,,0.00000,3.15000,,,-3.16000,0.45420,-2.71000,0.00000,-2.71000,-2.71100,-2.71100,-3.20000,-3.16000,45.34000,45.34000,-0.06000,-0.06000,48.01090,,,,,,,,,,,,-3.05710,-3.05710,-3.02570,-3.05740,,-0.0309,-0.1295
2010-03-31,,,,0.00000,1.87000,,,-1.89000,0.38700,-1.50000,0.00000,-1.50000,-1.50000,-1.50000,-1.84000,-1.89000,,,,0.00000,42.95240,,,,,,,,,,,,-1.82680,-1.82660,-1.80350,-1.82680,,0.00000,
2009-12-31,,,,0.00000,1.79000,,,-1.80000,-0.32570,-2.14000,0.00000,-2.14000,-2.14000,-2.14000,-1.78000,-1.80000,,,,0.00000,99.62000,,,,,,,,,,,,-2.53640,-2.53580,-2.52090,-2.53610,,0,0
2009-09-30,,,,0.00000,1.58000,,,-1.59000,-0.08360,-1.68000,0.00000,-1.68000,-1.68000,-1.68000,-1.58000,-1.59000,,,,0.00000,45.80650,,,,,,,,,,,,-3.75080,-3.75080,-3.72510,-3.75080,,0,0
2009-06-30,,,,0.00000,1.06000,,,-1.07000,-0.00770,-1.08000,0.00000,-1.08000,-1.08000,-1.08000,-1.09000,-1.07000,,,,0.00000,35.91300,,,,,,,,,,,,-2.50350,-2.50290,-2.47650,-2.50290,,0.1081,0.1119
2009-03-31,,,,0.00000,1.23000,,,-1.23330,-0.54000,-1.77000,0.00000,-1.77000,-1.69900,-1.69900,-1.20330,-1.23330,26.54700,26.54700,-0.06000,-0.06000,4.87930,,,,,,,,,,,,-5.72830,-5.72830,-5.61840,-5.73020,,-0.10810,-0.11190
