Date,revenue,cost-goods-sold,gross-profit,research-development-expenses,selling-general-administrative-expenses,operating-expenses,operating-income,total-non-operating-income-expense,pre-tax-income,total-provision-income-taxes,income-after-taxes,income-from-continuous-operations,net-income,ebitda,ebit,basic-shares-outstanding,shares-outstanding,eps-basic-net-earnings-per-share,eps-earnings-per-share-diluted,current-ratio,long-term-debt-capital,debt-equity-ratio,gross-margin,operating-margin,ebit-margin,pre-tax-profit-margin,net-profit-margin,asset-turnover,receiveable-turnover,days-sales-in-receivables,roe,return-on-tangible-equity,roa,roi,book-value-per-share,operating-cash-flow-per-share,free-cash-flow-per-share
2023-09-30,77.41900,49.26700,28.15200,3.40200,24.60700,28.00900,0.14300,3.15900,3.30200,2.62600,0.67600,0.67600,0.67600,3.45200,0.14300,75.46400,77.33900,0.01000,0.01000,6.21410,,,36.36320,0.18470,0.18470,4.26510,0.87320,0.17770,1.42480,63.16820,0.18130,0.23250,0.15510,0.18130,4.93360,0.1398,0.1163
2023-06-30,77.34200,49.03700,28.30500,3.27300,23.69800,26.97100,1.33400,3.00800,4.34200,1.71500,2.62700,2.62700,2.62700,4.25700,1.33400,75.14500,76.85000,0.03000,0.03000,6.01220,,,36.59720,1.72480,1.72480,5.61400,3.39660,0.17930,1.35970,66.19260,0.71670,0.92730,0.60920,0.71670,4.86580,0.137,0.1096
2023-03-31,80.08000,51.50500,28.57500,4.20300,30.36400,34.56700,-5.99200,1.68200,-4.31000,3.66000,-7.97000,-7.97000,-7.97000,-3.67400,-5.99200,74.45900,74.45900,-0.11000,-0.11000,6.55460,,,35.68310,-7.48250,-7.48250,-5.38210,-9.95250,0.19090,1.39360,64.58130,-2.21460,-2.70470,-1.89950,-2.21460,4.80510,0.15680,0.13540
2022-12-31,80.57600,48.29600,32.28000,4.69700,33.19500,37.89200,-5.61200,0.43100,-5.18100,1.52100,-6.70200,-6.70200,-6.70200,-3.01900,-5.61200,69.19700,69.19700,-0.08000,-0.08000,8.34740,,,40.06160,-6.96480,-6.96480,-6.43000,-8.31760,0.19600,1.49360,60.25880,-1.84610,-2.25540,-1.63010,-1.84610,4.89570,0.1712,0.1474
2022-09-30,81.16100,48.49100,32.67000,4.13900,33.28100,37.42000,-4.75000,1.45000,-3.30000,3.35900,-6.65900,-6.65900,-6.65900,-2.35600,-4.75000,68.62300,68.62300,-0.10000,-0.10000,10.09460,,,40.25330,-5.85260,-5.85260,-4.06600,-8.20470,0.20800,1.49010,60.39990,-1.89800,-2.23720,-1.70680,-1.89800,4.74110,0.058,0.0419
2022-06-30,77.33500,48.47400,28.86100,3.84000,35.87000,39.71000,-10.84900,-0.62600,-11.47500,1.71100,-13.18600,-13.18600,-13.18600,-8.34300,-10.84900,67.13600,67.13600,-0.20000,-0.20000,5.38670,,,37.31950,-14.02860,-14.02860,-14.83800,-17.05050,0.27800,1.58610,56.74420,-5.66100,-7.36190,-4.74020,-5.66110,3.46130,0.086,0.0629
2022-03-31,71.41000,44.63100,26.77900,3.09600,23.48000,26.57600,0.20300,-0.70000,-0.49700,2.17000,-2.66700,-2.66700,-2.66700,2.42800,0.20300,66.91900,66.91900,-0.04000,-0.04000,6.31880,0.02040,0.02080,37.50040,0.28430,0.28430,-0.69600,-3.73480,0.25890,1.52890,58.86610,-1.15330,-1.50830,-0.96700,-1.12980,3.44860,0.14220,0.11750
2021-12-31,66.53700,39.20900,27.32800,2.77200,26.08200,28.85400,-1.52600,-1.48700,-3.01300,0.59300,-3.60600,-3.60600,-3.60600,0.00300,-1.52600,58.66200,58.66200,-0.05000,-0.05000,7.60590,,,41.07190,-2.29350,-2.29350,-4.52830,-5.41950,0.25920,1.53620,58.58650,-1.58820,-2.09660,-1.40460,-1.58820,3.39640,0.0723,0.0401
2021-09-30,57.93300,32.66700,25.26600,2.13200,21.16400,23.29600,1.97000,0.11400,2.08400,2.63300,-0.54900,-0.54900,-0.54900,3.39000,1.97000,62.61000,62.61000,-0.01000,-0.01000,9.94870,,,43.61250,3.40050,3.40050,3.59730,-0.94760,0.19010,1.62480,55.39230,-0.19920,-0.24900,-0.18020,-0.19920,4.23160,0.1119,0.0994
2021-06-30,47.67600,27.87900,19.79700,1.77200,16.64100,18.41300,1.38400,-0.07900,1.30500,2.78800,-1.48300,-1.48300,-1.48300,2.53800,1.38400,54.43100,54.43100,-0.03000,-0.03000,4.27150,,,41.52400,2.90290,2.90290,2.73720,-3.11060,0.27540,1.44260,62.38610,-1.03700,-1.69740,-0.85660,-1.03700,2.61310,0.0632,0.044
2021-03-31,39.13400,23.79700,15.33700,1.78300,15.33200,17.11500,-1.77800,-1.05000,-2.82800,-0.76600,-2.06200,-2.06200,-2.06200,-0.83200,-1.77800,51.62900,51.62900,-0.04000,-0.04000,7.04870,,,39.19100,-4.54340,-4.54340,-7.22650,-5.26910,0.24410,1.76460,51.00250,-1.47030,-1.75180,-1.28640,-1.47030,2.58900,0.05900,0.04250
2020-12-31,30.12600,17.86300,12.26300,2.11800,13.70100,15.81900,-3.55600,-0.18300,-3.73900,0.98100,-4.72000,-4.72000,-4.72000,-2.78000,-3.55600,44.73700,44.73700,-0.06000,-0.06000,10.10780,,,40.70570,-11.80380,-11.80380,-12.41120,-15.66750,0.18020,1.61200,55.83250,-3.11090,-3.66150,-2.82410,-3.11090,2.98210,0.0722,0.0543
2020-09-30,26.33200,15.17800,11.15400,2.07600,10.74900,12.82500,-1.67100,0.45500,-1.21600,-0.09900,-1.11700,-1.11700,-1.11700,-1.00900,-1.67100,49.65100,49.65100,-0.02000,-0.02000,18.96340,,,42.35910,-6.34590,-6.34590,-4.61800,-4.24200,0.16690,1.48790,60.48650,-0.74460,-0.74460,-0.70790,-0.74460,2.94940,0.079,0.0689
2020-06-30,22.36800,13.98200,8.38600,2.57700,8.99600,11.57300,-3.18700,0.20800,-2.97900,-0.81300,-2.16600,-2.16600,-2.16600,-2.59900,-3.18700,49.62600,49.62600,-0.04000,-0.04000,18.97690,,,37.49110,-14.24800,-14.24800,-13.31810,-9.68350,0.14570,1.47150,61.16280,-1.48380,-1.48380,-1.41070,-1.48380,2.87140,0.0788,0.0798
2020-03-31,32.45700,22.63900,9.81800,2.54000,14.31200,16.85200,-7.03400,-0.24400,-7.27800,-2.68200,-4.59600,-4.59600,-4.59600,-6.38800,-7.03400,29.63800,29.63800,-0.16000,-0.16000,14.84530,,,30.24930,-21.67180,-21.67180,-22.42350,-14.16030,0.21050,1.62570,55.36090,-3.18220,-3.18220,-2.98050,-3.18220,2.84120,-0.09740,-0.12070
2019-12-31,32.00100,19.33600,12.66500,1.06200,7.45800,8.52000,4.14500,-0.00400,4.14100,2.03400,2.10700,2.10700,1.73000,4.77500,4.14500,21.11800,21.12200,0.08000,0.09000,7.95360,,,39.57690,12.95270,12.95270,12.94020,5.40610,0.44740,1.69060,53.23620,3.89870,3.90000,2.94560,3.89870,2.49700,0.1168,0.0762
2019-09-30,31.42200,17.62600,13.79600,1.08300,7.12800,8.21100,5.58500,-0.08900,5.49600,1.04300,4.45300,4.45300,4.45300,6.32500,5.58500,21.64400,22.69200,0.20000,0.20000,1.67930,,,43.90550,17.77420,17.77420,17.49090,14.17160,0.14030,,,89.05980,89.05970,1.98830,89.05980,0.71000,0.0154,-0.0145
2019-06-30,28.62600,17.19700,11.42900,0.65600,5.93700,6.59300,4.83600,0.07900,4.91500,1.38000,3.53500,3.53500,3.53500,5.40600,4.83600,20.95400,21.59400,0.17000,0.16000,2.00850,,,39.92520,16.89370,16.89370,17.16970,12.34890,0.12790,,,70.70000,70.70000,1.57930,70.70000,0.70730,0.1177,0.0663
2019-03-31,26.27700,15.93100,10.34600,1.54500,7.74200,9.28700,1.05900,-0.16200,0.89700,0.18500,0.71200,0.71200,0.71200,1.56900,1.05900,20.21700,20.21700,0.04000,0.04000,1.41010,,,39.37280,4.03010,4.03010,3.41360,2.70960,0.11760,,,14.24000,14.24000,0.31870,14.24000,0.69970,0.34350,0.33230
2018-12-31,,,,,,,,,,,,,,,,,,,0.00000,,,,,,,,,,,,,,,,,0,0
2018-09-30,,,,,0.00000,,0.00000,,0.00000,,0.00000,0.00000,0.00000,0.00000,0.00000,5.00000,5.00000,0.00000,0.00000,0.14940,,9.53740,,,,,,,,,-0.14110,-0.14110,-0.00940,-0.14110,0.00410,0,0
