Date,revenue,cost-goods-sold,gross-profit,research-development-expenses,selling-general-administrative-expenses,operating-expenses,operating-income,total-non-operating-income-expense,pre-tax-income,total-provision-income-taxes,income-after-taxes,income-from-continuous-operations,income-from-discontinued-operations,net-income,ebitda,ebit,basic-shares-outstanding,shares-outstanding,eps-basic-net-earnings-per-share,eps-earnings-per-share-diluted,current-ratio,long-term-debt-capital,debt-equity-ratio,gross-margin,operating-margin,ebit-margin,pre-tax-profit-margin,net-profit-margin,asset-turnover,inventory-turnover,receiveable-turnover,days-sales-in-receivables,roe,return-on-tangible-equity,roa,roi,book-value-per-share,operating-cash-flow-per-share,free-cash-flow-per-share
2024-03-31,16053.00000,11620.00000,4433.00000,507.00000,2269.00000,2776.00000,1657.00000,211.00000,1866.00000,318.00000,1548.00000,1549.00000,14.00000,1537.00000,2180.00000,1657.00000,1091.00000,1103.00000,1.41000,1.39000,1.16640,0.38530,0.65990,27.61480,10.32210,10.32210,11.62400,9.57450,0.09790,0.66010,1.06310,84.65710,4.98010,12.64180,0.94480,3.06140,28.41570,0.89940,0.55490
2023-12-31,19423.00000,14397.00000,5026.00000,550.00000,2524.00000,3074.00000,1952.00000,58.00000,2009.00000,420.00000,1589.00000,1589.00000,3.00000,1591.00000,2486.00000,1952.00000,1089.00000,1099.00000,1.46000,1.44000,1.17540,0.40820,0.73350,25.87650,10.04990,10.04990,10.34340,8.19130,0.11910,0.87110,1.25590,71.66450,5.55980,16.72810,0.97460,3.29050,26.25740,2.8393,2.377
2023-09-30,17346.00000,12904.00000,4442.00000,471.00000,2171.00000,2642.00000,1800.00000,-1500.00000,300.00000,138.00000,162.00000,161.00000,173.00000,258.00000,2327.00000,1800.00000,1088.00000,1088.00000,0.24000,0.23000,1.17170,0.39510,0.69800,25.60820,10.37700,10.37700,1.72950,1.48740,0.11070,0.75820,1.19250,75.47220,0.53970,1.48180,0.10280,0.32640,27.40940,1.6774,1.3166
2023-06-30,16699.00000,12362.00000,4337.00000,455.00000,2358.00000,2813.00000,1524.00000,-134.00000,1390.00000,333.00000,1057.00000,1058.00000,-1019.00000,-23.00000,2035.00000,1524.00000,1089.00000,1098.00000,-0.02000,-0.02000,1.25160,0.38070,0.67290,25.97160,9.12630,9.12630,8.32390,-0.13770,0.10240,0.73630,1.13080,79.58740,3.26890,8.09550,0.64910,2.02420,29.73970,0.4319,0.1499
2023-03-31,14486.00000,10729.00000,3757.00000,431.00000,2142.00000,2573.00000,1184.00000,5308.00000,6492.00000,271.00000,6221.00000,6221.00000,1257.00000,7360.00000,1691.00000,1184.00000,1089.00000,1097.00000,6.76000,6.71000,1.25130,0.38050,0.68310,25.93540,8.17340,8.17340,44.81570,50.80770,0.08810,0.66240,1.01930,88.29770,18.95550,45.32280,3.78240,11.74170,30.14160,-0.23610,-0.50140
2022-12-31,16828.00000,12439.00000,4389.00000,518.00000,2665.00000,3183.00000,1206.00000,612.00000,1579.00000,-206.00000,1785.00000,1786.00000,428.00000,2100.00000,1785.00000,1206.00000,1096.00000,1096.00000,1.91000,1.91000,1.18120,0.36790,0.68910,26.08150,7.16660,7.16660,9.38320,12.47920,0.08910,0.83530,1.13470,79.31960,5.11660,11.29740,0.94570,3.23360,32.05560,4.1037,3.8087
2022-09-30,14470.00000,11534.00000,2936.00000,426.00000,1966.00000,2392.00000,544.00000,-775.00000,-232.00000,13.00000,-245.00000,-245.00000,409.00000,88.00000,1026.00000,544.00000,1095.00000,1095.00000,0.08000,0.08000,1.09930,0.44370,0.92830,20.29030,3.75950,3.75950,-1.60330,0.60820,0.08000,0.65770,0.84140,106.96130,-0.74810,99.19030,-0.13550,-0.41610,29.97530,1.2996,1.1481
2022-06-30,14127.00000,10525.00000,3602.00000,439.00000,1817.00000,2256.00000,1346.00000,-2311.00000,-966.00000,161.00000,-1127.00000,-1127.00000,264.00000,-949.00000,1862.00000,1346.00000,1099.00000,1099.00000,-0.86000,-0.86000,1.12570,0.43410,0.90470,25.49730,9.52790,9.52790,-6.83800,-6.71760,0.07610,0.59960,0.86760,103.73540,-3.13610,-52.98540,-0.60740,-1.77440,32.77730,0.5,0.2551
2022-03-31,12675.00000,9774.00000,2901.00000,403.00000,2725.00000,3128.00000,-227.00000,-1194.00000,-1180.00000,29.00000,-1209.00000,-1209.00000,101.00000,-1188.00000,1098.00000,-227.00000,1100.00000,1100.00000,-1.08000,-1.08000,1.18660,0.41560,0.83490,22.88760,-1.79090,-1.79090,-9.30970,-9.37280,0.06600,0.58990,0.78970,113.96450,-3.00160,-20.33300,-0.62980,-1.75390,36.58770,-0.50550,-0.69730
2021-12-31,2576.00000,3821.00000,-1245.00000,-110.00000,-325.00000,-435.00000,-810.00000,-4672.00000,-5480.00000,-435.00000,-5045.00000,-5047.00000,1387.00000,-3716.00000,-700.00000,-810.00000,1098.00000,1098.00000,-3.40000,-3.38000,1.27710,0.42550,0.84550,-48.33080,-31.44410,-31.44410,-212.73290,-144.25470,0.01300,0.24110,0.16490,545.72990,-12.13020,-82.73770,-2.53780,-6.96750,37.86260,2.3558,2.1738
2021-09-30,18569.00000,13402.00000,5167.00000,627.00000,2745.00000,3372.00000,1795.00000,-1212.00000,584.00000,2.00000,582.00000,582.00000,602.00000,1205.00000,2521.00000,1795.00000,1098.00000,1105.00000,1.09000,1.08000,1.79600,0.59580,1.61410,27.82590,9.66660,9.66660,3.14500,6.48930,0.07830,0.79820,1.13700,79.15290,1.49400,13.10520,0.24540,0.60380,35.47920,2.1281,1.8843
2021-06-30,18253.00000,13618.00000,4635.00000,604.00000,2863.00000,3467.00000,1168.00000,-2204.00000,-1037.00000,-466.00000,-571.00000,-571.00000,-564.00000,-1188.00000,1939.00000,1168.00000,1097.00000,1097.00000,-1.08000,-1.08000,1.80810,0.62830,1.81250,25.39310,6.39890,6.39890,-5.68130,-6.50850,0.07680,0.80030,1.08200,83.17590,-1.62950,-594.79160,-0.24040,-0.60570,31.92880,0.4657,0.2861
2021-03-31,17071.00000,12537.00000,4534.00000,561.00000,2894.00000,3455.00000,1079.00000,-840.00000,238.00000,142.00000,96.00000,97.00000,-2894.00000,-2874.00000,1832.00000,1079.00000,1096.00000,1101.00000,-2.61000,-2.62000,1.96250,0.65550,2.02990,26.55970,6.32070,6.32070,1.39420,-16.83560,0.06960,0.75840,1.00260,89.76280,0.27600,22.14610,0.03960,0.09510,32.03500,-1.77930,-2.05000
2020-12-31,21009.00000,15770.00000,5239.00000,636.00000,3169.00000,3805.00000,1434.00000,1146.00000,2580.00000,102.00000,2478.00000,2478.00000,161.00000,2443.00000,2198.00000,1434.00000,1094.00000,1095.00000,2.20000,2.20000,1.55370,0.65440,2.02040,24.93690,6.82560,6.82560,12.28050,11.62840,0.08200,0.99240,1.25870,71.50220,6.68500,131.94890,0.96720,2.31020,33.83540,3.3132,3.1233
2020-09-30,18529.00000,14041.00000,4488.00000,595.00000,3240.00000,3835.00000,653.00000,-2272.00000,-1620.00000,-483.00000,-1137.00000,-1137.00000,-58.00000,-1190.00000,1815.00000,653.00000,1095.00000,1095.00000,-1.09000,-1.09000,2.31090,0.67730,2.27090,24.22150,3.52420,3.52420,-8.74310,-6.42240,0.07290,0.94080,0.66860,134.60410,-3.26850,288.57870,-0.44710,-1.05450,31.77490,1.2206,0.974
2020-06-30,16805.00000,13633.00000,3172.00000,611.00000,3133.00000,4621.00000,-1449.00000,150.00000,-1298.00000,-160.00000,-1138.00000,-1138.00000,-993.00000,-2179.00000,-690.00000,-1449.00000,1093.75000,1093.75000,-2.08000,-2.08000,2.21250,0.67260,2.31130,18.87530,-8.62240,-8.62240,-7.72390,-12.96640,0.06550,0.89390,0.62910,143.06810,-3.22860,-842.96300,-0.44370,-1.05690,32.22010,-1.0623,-1.4472
2020-03-31,19490.00000,14427.00000,5063.00000,723.00000,3086.00000,3809.00000,1254.00000,5054.00000,6308.00000,54.00000,6254.00000,6254.00000,-21.00000,6156.00000,2033.00000,1254.00000,1092.75000,1093.62500,5.60000,5.60000,1.90760,0.64300,2.29280,25.97740,6.43410,6.43410,32.36530,31.58540,0.07440,0.93340,0.71060,126.65570,16.97010,-5211.66700,2.38680,6.05730,33.71090,-0.21310,-0.64830
2019-12-31,21245.00000,13904.00000,7341.00000,,3525.00000,6645.00000,696.00000,-326.00000,369.00000,552.00000,-183.00000,-184.00000,905.00000,538.00000,48.00000,696.00000,1091.00000,1091.00000,0.45000,-6.91000,1.30720,0.69250,3.04350,34.55400,3.27610,3.27610,1.73690,2.53240,0.08010,0.80770,1.04760,85.91200,-0.61630,2.44490,-0.06940,-0.18950,27.33760,6.1425,5.7224
2019-09-30,23360.00000,17328.00000,6032.00000,,3392.00000,4132.00000,1900.00000,-3149.00000,-1249.00000,41.00000,-1290.00000,-1290.00000,-8093.00000,-9465.00000,3400.00000,1900.00000,1091.25000,1091.25000,-8.64000,-1.20000,1.83590,0.71930,3.14710,25.82190,8.13360,8.13360,-5.34670,-40.51800,0.08880,1.13980,0.87410,102.96830,-4.42570,15.58160,-0.49050,-1.24210,26.72420,1.6869,1.3714
2019-06-30,23414.00000,17412.00000,6002.00000,,3591.00000,4335.00000,1667.00000,-1964.00000,-296.00000,-181.00000,-115.00000,-115.00000,219.00000,-61.00000,2994.00000,1667.00000,1090.50000,1090.50000,-0.08000,-0.08000,1.72910,0.61250,1.85920,25.63420,7.11970,7.11970,-1.26420,-0.26050,0.07500,0.87190,0.77550,116.04980,-0.20490,0.89870,-0.03680,-0.07940,51.45280,0.0641,-0.5838
2019-03-31,22202.00000,16208.00000,5994.00000,,3474.00000,3474.00000,2520.00000,-1398.00000,1122.00000,140.00000,982.00000,983.00000,2663.00000,3549.00000,3882.00000,2520.00000,1088.87500,1088.87500,3.28000,3.20000,1.76970,0.61850,1.90810,26.99760,11.35030,11.35030,5.05360,15.98510,0.07050,0.83460,0.66430,135.48650,1.76670,-6.73240,0.31200,0.67390,51.04670,0.11200,-0.18830
2018-12-31,16670.00000,8896.00000,7774.00000,,2251.00000,5829.00000,1945.00000,-1482.00000,462.00000,-413.00000,875.00000,874.00000,-14.00000,575.00000,3430.00000,1945.00000,1086.37500,1086.37500,0.56000,0.56000,1.78530,0.63340,1.97600,46.63470,11.66770,11.66770,2.77140,3.44930,0.05360,0.64450,0.56530,159.19800,1.69790,16.40080,0.28100,0.62240,47.32670,7.8847,7.2886
2018-09-30,23392.00000,17847.00000,5545.00000,,4185.00000,26158.00000,-20613.00000,-2349.00000,-22962.00000,52.00000,-23014.00000,-23014.00000,155.00000,-22808.00000,-19305.00000,-20613.00000,1086.75000,1086.75000,-20.96000,-20.96000,1.65610,0.66990,2.34680,23.70470,-88.11990,-88.11990,-98.16180,-97.50340,0.07500,0.86460,0.67910,132.53380,-48.11520,73.34440,-7.38360,-15.88300,43.99760,-2.6817,-3.0451
2018-06-30,29162.00000,21749.00000,7413.00000,,4412.00000,4412.00000,3001.00000,-1764.00000,1236.00000,504.00000,732.00000,732.00000,-63.00000,615.00000,4916.00000,3001.00000,1086.00000,1087.37500,0.56000,0.56000,1.81480,0.58180,1.59230,25.42010,10.29080,10.29080,4.23840,2.10890,0.08510,1.06230,0.81720,110.13440,1.02020,-2.40490,0.21360,0.42660,66.04840,-0.9078,-1.2082
2018-03-31,27788.00000,20911.00000,6877.00000,,4209.00000,4209.00000,2668.00000,-2393.00000,277.00000,-50.00000,327.00000,328.00000,-1441.00000,-1184.00000,4542.00000,2668.00000,1085.37500,1087.00000,-1.12000,-1.12000,1.75920,0.58960,1.70110,24.74810,9.60130,9.60130,0.99680,-4.26080,0.07760,1.01640,0.70350,127.92640,0.44820,-0.99590,0.09160,0.18390,67.41750,0.28700,-0.78560
2017-12-31,12639.00000,10069.00000,2570.00000,,1553.00000,3156.00000,-586.00000,-12579.00000,-13165.00000,-2114.00000,-11051.00000,-11049.00000,179.00000,-11002.00000,180.00000,-586.00000,1085.87500,1085.87500,-10.16000,-10.16000,1.80250,0.59630,1.80430,20.33390,-4.63640,-4.63640,-104.16170,-87.04800,0.03420,0.51850,0.30940,290.85690,-15.03390,35.93990,-2.99230,-6.06840,67.73560,3.3861,3.5558
2017-09-30,30662.00000,23671.00000,6991.00000,,5002.00000,5949.00000,1042.00000,-295.00000,746.00000,-551.00000,1297.00000,1297.00000,-106.00000,1324.00000,3069.00000,1042.00000,1083.12500,1091.50000,1.20000,1.20000,1.85820,0.53350,1.44260,22.80020,3.39830,3.39830,2.43300,4.31800,0.08110,0.91580,0.70710,127.27450,1.37910,-8.97580,0.34310,0.64330,86.76300,0.7912,0.6266
2017-06-30,29097.00000,21623.00000,7474.00000,,4285.00000,4285.00000,3189.00000,-2062.00000,1127.00000,-38.00000,1165.00000,1164.00000,-146.00000,875.00000,4858.00000,3189.00000,1083.87500,1095.00000,0.80000,0.80000,1.84800,0.57770,1.76450,25.68650,10.95990,10.95990,3.87330,3.00720,0.08190,0.94660,0.73200,122.95700,1.53610,-8.63370,0.32750,0.64860,70.02400,1.9329,1.5011
2017-03-31,26881.00000,20230.00000,6651.00000,,4477.00000,4477.00000,2174.00000,-2227.00000,-53.00000,-105.00000,52.00000,52.00000,-239.00000,-117.00000,3906.00000,2174.00000,1089.25000,1101.37500,-0.08000,-0.08000,1.87550,0.56680,1.68040,24.74240,8.08750,8.08750,-0.19720,-0.43530,0.07640,0.89120,0.67670,132.99280,0.06830,-0.48800,0.01480,0.02960,70.17350,-0.07450,-0.67190
2016-12-31,28864.00000,23942.00000,4922.00000,,4104.00000,4104.00000,818.00000,78.00000,895.00000,-1435.00000,2330.00000,2331.00000,,2156.00000,4247.00000,818.00000,1128.12500,1141.25000,2.00000,1.92000,1.92520,0.57560,1.75240,17.05240,2.83400,2.83400,3.10070,7.46950,0.07900,1.07100,0.68300,131.77590,3.00840,-24.84280,0.63830,1.27680,70.90880,2.6783,1.7606
2016-09-30,29266.00000,20966.00000,8300.00000,,4581.00000,4581.00000,3719.00000,-1645.00000,2074.00000,18.00000,2056.00000,2056.00000,-105.00000,1994.00000,4855.00000,3719.00000,1113.00000,1127.00000,1.76000,1.76000,2.01190,0.58070,1.76260,28.36060,12.70760,12.70760,7.08670,6.81340,0.07550,0.86940,0.67510,133.31480,2.46110,-63.79150,0.53030,1.03200,75.55080,0.8068,0.8866
2016-06-30,33494.00000,22383.00000,11111.00000,,5186.00000,5186.00000,5925.00000,-2102.00000,3824.00000,461.00000,3363.00000,3363.00000,-541.00000,2756.00000,7220.00000,5925.00000,1134.87500,1148.37500,2.40000,2.40000,1.91420,0.58560,1.78150,33.17310,17.68970,17.68970,11.41700,8.22830,0.08340,0.90540,0.76450,117.72770,3.87990,114.54360,0.83770,1.60760,77.38580,-3.0178,-3.5541
2016-03-31,27845.00000,20361.00000,7484.00000,,4867.00000,4867.00000,2617.00000,-2378.00000,238.00000,-177.00000,415.00000,415.00000,-308.00000,-61.00000,3827.00000,2617.00000,1161.00000,1172.87500,-0.08000,-0.08000,1.68960,0.58760,1.97580,26.87740,9.39850,9.39850,0.85470,-0.21910,0.06020,0.85170,0.62960,142.95920,0.44740,4.29920,0.08980,0.18450,80.69460,0.54910,-0.50820
2015-12-31,33892.00000,23584.00000,10308.00000,,6507.00000,6507.00000,3801.00000,-572.00000,1903.00000,742.00000,1161.00000,2645.00000,3758.00000,6283.00000,5094.00000,3801.00000,1218.12500,1227.62500,5.12000,5.12000,1.62570,0.59090,1.94250,30.41430,11.21500,11.21500,5.61490,18.53830,0.06870,1.04750,0.73910,121.77030,2.64150,15.73000,0.53640,1.08050,85.41200,5.8648,4.2593
2015-09-30,28028.00000,19855.00000,8173.00000,,4553.00000,4553.00000,3620.00000,-1570.00000,2050.00000,135.00000,1915.00000,1915.00000,629.00000,2506.00000,4885.00000,3620.00000,1262.87500,1271.62500,2.00000,2.00000,3.30480,0.60000,1.88770,29.16010,12.91570,12.91570,7.31410,8.94110,0.04820,1.02960,0.27760,324.20610,1.59590,4.28270,0.32940,0.63830,94.95710,0.5841,0.2253
2015-06-30,29226.00000,20572.00000,8654.00000,,4672.00000,4672.00000,3982.00000,-1370.00000,2612.00000,799.00000,1813.00000,1813.00000,-2947.00000,-1360.00000,5170.00000,3982.00000,1260.87500,1269.75000,-1.04000,-1.04000,2.59450,0.61050,2.14050,29.61060,13.62490,13.62490,8.93720,-4.65340,0.04780,1.09990,0.29550,304.56680,1.53280,4.27320,0.29680,0.59710,93.71950,4.9143,4.2821
2015-03-31,26239.00000,18682.00000,7557.00000,,4706.00000,4706.00000,2851.00000,-1231.00000,1621.00000,6294.00000,-4673.00000,-4673.00000,-8936.00000,-13573.00000,3952.00000,2851.00000,1258.37500,1258.37500,-10.80000,-10.80000,3.05290,0.61880,2.21340,28.80060,10.86550,10.86550,6.17780,-51.72830,0.04250,1.04780,0.27500,327.22630,-3.98390,-13.67930,-0.75660,-1.51860,93.13130,4.83960,3.94240
2014-12-31,19269.00000,25436.00000,-6167.00000,,-2590.00000,-2590.00000,-3577.00000,4242.00000,664.00000,-439.00000,1103.00000,1103.00000,4236.00000,5152.00000,-2444.00000,-3577.00000,1255.62500,1265.37500,4.08000,4.00000,1.48800,0.57690,1.87840,-32.00480,-18.56350,-18.56350,3.44590,26.73730,0.02940,1.43800,0.44870,200.57450,0.80610,1.56580,0.16840,0.34100,108.84190,9.0547,7.7405
2014-09-30,32107.00000,19740.00000,12367.00000,,6318.00000,6318.00000,6049.00000,-2845.00000,3204.00000,401.00000,2803.00000,2803.00000,706.00000,3537.00000,7474.00000,6049.00000,1254.87500,1264.87500,2.80000,2.80000,3.63280,0.59770,1.97260,38.51810,18.84010,18.84010,9.97910,11.01630,0.04940,1.01590,0.12490,720.71480,1.95320,5.46450,0.43120,0.78580,114.32630,4.7641,4.4968
2014-06-30,32260.00000,20006.00000,12254.00000,,6273.00000,6273.00000,5981.00000,-2905.00000,3076.00000,192.00000,2884.00000,2884.00000,661.00000,3545.00000,6187.00000,5981.00000,1253.87500,1263.75000,2.80000,2.80000,3.49880,0.60760,2.07310,37.98510,18.54000,18.54000,9.53500,10.98880,0.04950,1.01520,0.12330,730.16610,2.05900,6.23540,0.44240,0.80800,111.67500,4.1585,4.0693
2014-03-31,33548.00000,18522.00000,15026.00000,,7962.00000,7962.00000,7064.00000,-3745.00000,3319.00000,619.00000,2700.00000,2700.00000,252.00000,2999.00000,9253.00000,7064.00000,1255.62500,1265.37500,2.40000,2.40000,3.43220,0.61560,2.15270,44.78960,21.05640,21.05640,9.89330,8.93940,0.05140,0.98100,0.12570,716.25760,1.95630,6.12220,0.41400,0.75210,110.10950,3.92060,2.26340
2013-12-31,7582.00000,24580.00000,-16998.00000,,-7211.00000,-7211.00000,-9787.00000,7395.00000,-2392.00000,53.00000,-2445.00000,-2445.00000,5810.00000,3206.00000,-11737.00000,-9787.00000,1277.75000,1286.12500,2.64000,2.56000,3.43090,0.61840,2.19000,-224.18890,-129.08200,-129.08200,-31.54840,42.28440,0.01150,1.41880,0.02780,3233.94600,-1.78750,-5.45450,-0.37240,-0.68210,108.76420,8.7373,10.3007
2013-09-30,35661.00000,19455.00000,16206.00000,,8680.00000,8680.00000,7526.00000,-3906.00000,3620.00000,348.00000,3272.00000,3272.00000,-91.00000,3191.00000,10103.00000,7526.00000,1268.87500,1277.87500,2.48000,2.48000,3.35660,0.63740,2.38190,45.44460,21.10430,21.10430,10.15120,8.94820,0.05390,1.08430,0.13040,690.11610,2.53560,8.89250,0.49470,0.91930,102.03840,4.1884,3.0926
2013-06-30,35059.00000,18491.00000,16568.00000,,8538.00000,8538.00000,8030.00000,-4297.00000,3733.00000,310.00000,3423.00000,3423.00000,-124.00000,3133.00000,10296.00000,8030.00000,1282.87500,1291.00000,2.40000,2.40000,3.48420,0.64230,2.39470,47.25750,22.90430,22.90430,10.64780,8.93640,0.05310,1.10320,0.12680,709.81370,2.65740,7.75720,0.51820,0.95060,101.18700,5.7068,4.258
2013-03-31,34943.00000,17315.00000,17628.00000,,8766.00000,8766.00000,8862.00000,-4723.00000,4139.00000,508.00000,3631.00000,3631.00000,-120.00000,3527.00000,11171.00000,8862.00000,1296.75000,1304.12500,2.72000,2.72000,3.36560,0.64480,2.45970,50.44790,25.36130,25.36130,11.84500,10.09360,0.05210,1.06350,0.12560,716.33230,2.81360,8.16050,0.54140,0.99930,99.84410,3.53490,1.37640
2012-12-31,38953.00000,18733.00000,20220.00000,,10292.00000,10292.00000,9928.00000,-4692.00000,5236.00000,816.00000,4420.00000,4420.00000,-274.00000,4011.00000,12421.00000,9928.00000,1315.37500,1320.50000,3.04000,3.04000,2.94310,0.64760,2.62690,51.90870,25.48710,25.48710,13.44180,10.29700,0.05690,1.21850,0.13670,658.49510,3.44050,10.19000,0.64530,1.21240,98.76970,8.5275,6.0488
2012-09-30,36254.00000,18509.00000,17745.00000,,8871.00000,8871.00000,8874.00000,-4850.00000,4024.00000,557.00000,3467.00000,3467.00000,41.00000,3491.00000,11161.00000,8874.00000,1315.37500,1321.00000,2.64000,2.64000,2.70250,0.64700,2.77390,48.94630,24.47730,24.47730,11.09950,9.62930,0.05190,1.15520,0.12520,718.82330,2.70830,8.03570,0.49610,0.95590,97.66340,4.4804,3.6465
2012-06-30,36397.00000,19199.00000,17198.00000,,8404.00000,8404.00000,8794.00000,-4607.00000,4187.00000,496.00000,3691.00000,3691.00000,-553.00000,3105.00000,10986.00000,8794.00000,1321.75000,1326.37500,2.32000,2.32000,2.52970,0.64970,2.87440,47.25120,24.16130,24.16130,11.50370,8.53090,0.05240,1.24350,0.12470,721.63940,2.97900,9.28320,0.53180,1.04350,93.87320,5.8438,3.496
2012-03-31,35080.00000,17869.00000,17211.00000,,8330.00000,8330.00000,8881.00000,-4947.00000,3934.00000,665.00000,3269.00000,3269.00000,-197.00000,3034.00000,11101.00000,8881.00000,1322.62500,1326.37500,2.32000,2.32000,2.43620,0.65760,3.06070,49.06220,25.31640,25.31640,11.21440,8.64880,0.04960,1.17470,0.11710,768.65340,2.68860,8.90540,0.46190,0.92070,91.87450,4.87490,3.76890
2011-12-31,37226.00000,17386.00000,19840.00000,,10545.00000,10545.00000,9295.00000,-4873.00000,4422.00000,474.00000,3948.00000,3948.00000,-135.00000,3730.00000,11337.00000,9295.00000,1323.87500,1327.50000,2.80000,2.80000,2.49310,0.67330,3.22570,53.29610,24.96910,24.96910,11.87880,10.01990,0.05180,1.26060,0.12090,744.53690,3.34200,11.80590,0.54970,1.09180,89.38530,6.8597,5.0891
2011-09-30,35364.00000,16759.00000,18605.00000,,9427.00000,9427.00000,9178.00000,-5411.00000,3767.00000,437.00000,3330.00000,3330.00000,-65.00000,2343.00000,11528.00000,9178.00000,1322.50000,1325.87500,1.76000,1.76000,2.66840,0.67910,3.12050,52.61000,25.95300,25.95300,10.65210,6.62540,0.04790,1.11570,0.11300,796.63640,2.62670,8.11230,0.45140,0.84290,96.06430,6.885,5.8364
2011-06-30,35623.00000,17417.00000,18206.00000,,8362.00000,8362.00000,9844.00000,-5308.00000,4536.00000,892.00000,3644.00000,3644.00000,194.00000,3689.00000,12146.00000,9844.00000,1325.50000,1329.87500,2.80000,2.80000,2.82010,0.68060,3.07790,51.10740,27.63380,27.63380,12.73340,10.35570,0.04820,1.19160,0.11130,808.67860,2.79450,7.58170,0.49300,0.89260,98.40970,5.5986,4.3675
2011-03-31,38329.00000,16716.00000,21613.00000,,8507.00000,8507.00000,13106.00000,-5672.00000,7434.00000,3942.00000,3492.00000,3492.00000,35.00000,3358.00000,15398.00000,13106.00000,1326.37500,1330.12500,2.56000,2.48000,3.05750,0.69570,3.16390,56.38810,34.19340,34.19340,19.39520,8.76100,0.05270,1.25430,0.11690,769.60350,2.77610,7.49730,0.47980,0.84460,94.88630,5.78590,4.73640
2010-12-31,41062.00000,20379.00000,20683.00000,,11256.00000,11256.00000,9427.00000,-5802.00000,3625.00000,-589.00000,4214.00000,4214.00000,550.00000,4460.00000,11764.00000,9427.00000,1332.62500,1334.75000,3.44000,3.44000,2.95830,0.70250,3.31150,50.37020,22.95800,22.95800,8.82810,10.86160,0.05490,1.76810,0.12470,721.55180,3.39300,8.45520,0.56350,1.00930,93.59860,7.2531,6.2788
2010-09-30,35373.00000,16627.00000,18746.00000,,8963.00000,8963.00000,9783.00000,-6200.00000,3583.00000,319.00000,3264.00000,3264.00000,-1052.00000,1980.00000,12394.00000,9783.00000,1334.25000,1336.37500,1.44000,1.44000,3.11940,0.71830,3.50220,52.99520,27.65670,27.65670,10.12920,5.59750,0.04660,1.38590,0.10140,887.21230,2.70620,7.05710,0.43010,0.76240,90.55890,7.4568,6.8614
2010-06-30,36928.00000,17195.00000,19733.00000,,8886.00000,8886.00000,10847.00000,-6675.00000,4172.00000,866.00000,3306.00000,3306.00000,-101.00000,3034.00000,13220.00000,10847.00000,1335.62500,1337.75000,2.24000,2.24000,2.99330,0.71220,3.46950,53.43640,29.37340,29.37340,11.29770,8.21600,0.04920,1.51280,0.10540,853.76920,2.73850,7.08150,0.44080,0.78820,90.33580,7.0439,6.4382
2010-03-31,36204.00000,17512.00000,18692.00000,,8928.00000,8928.00000,9764.00000,-6957.00000,2807.00000,443.00000,2364.00000,2364.00000,-366.00000,1870.00000,12229.00000,9764.00000,1333.87500,1335.87500,1.36000,1.36000,3.02810,0.72090,3.59120,51.62970,26.96940,26.96940,7.75330,5.16520,0.04660,1.49030,0.09660,931.37470,1.92270,5.08430,0.30410,0.53660,92.12820,5.31040,5.54390
2009-12-31,39093.00000,20503.00000,18590.00000,,9730.00000,9730.00000,8860.00000,-6719.00000,2141.00000,-576.00000,2717.00000,2717.00000,394.00000,2938.00000,11584.00000,8860.00000,1326.75000,1326.87500,2.16000,2.16000,2.74580,0.72870,3.72430,47.55330,22.66390,22.66390,5.47670,7.51540,0.05000,1.71040,0.11180,805.22060,2.17120,5.62420,0.34750,0.58900,93.88360,7.9277,7.8957
2009-09-30,37799.00000,18548.00000,19251.00000,,9354.00000,9354.00000,9897.00000,-7922.00000,1975.00000,-484.00000,2459.00000,2459.00000,40.00000,2419.00000,12555.00000,9897.00000,1329.75000,1329.75000,1.84000,1.84000,2.38090,0.74000,4.11900,50.92990,26.18320,26.18320,5.22500,6.39960,0.04800,1.41670,0.10090,892.02360,1.95460,9.48720,0.31210,0.50820,94.52670,6.3011,6.1056
2009-06-30,39108.00000,18804.00000,20304.00000,,8933.00000,8933.00000,11371.00000,-8249.00000,3122.00000,227.00000,2895.00000,2895.00000,-194.00000,2614.00000,13875.00000,11371.00000,1326.12500,1326.12500,2.00000,2.00000,2.20600,0.73810,4.26750,51.91780,29.07590,29.07590,7.98300,6.68410,0.05030,1.41310,0.10150,886.72600,2.40330,13.52360,0.37200,0.62950,90.68280,4.3253,3.97
2009-03-31,38438.00000,18066.00000,20372.00000,,9337.00000,9337.00000,11035.00000,-8409.00000,2626.00000,-309.00000,2935.00000,2935.00000,-21.00000,2754.00000,13766.00000,11035.00000,1320.50000,1320.50000,2.08000,2.08000,2.11860,0.74960,4.60350,52.99960,28.70860,28.70860,6.83180,7.16480,0.05050,1.30620,0.10110,889.80770,2.68100,20.84810,0.38580,0.67140,82.70470,-0.15220,-1.19500
