Date,revenue,cost-goods-sold,gross-profit,selling-general-administrative-expenses,other-operating-income-expenses,operating-expenses,operating-income,total-non-operating-income-expense,pre-tax-income,total-provision-income-taxes,income-after-taxes,income-from-continuous-operations,net-income,ebitda,ebit,basic-shares-outstanding,shares-outstanding,eps-basic-net-earnings-per-share,eps-earnings-per-share-diluted,current-ratio,long-term-debt-capital,debt-equity-ratio,gross-margin,operating-margin,ebit-margin,pre-tax-profit-margin,net-profit-margin,asset-turnover,receiveable-turnover,days-sales-in-receivables,roe,return-on-tangible-equity,roa,roi,book-value-per-share,operating-cash-flow-per-share,free-cash-flow-per-share
2023-09-30,229.29800,60.93900,168.35900,97.25300,0.02400,164.42100,3.93800,-16.99100,-13.05300,5.39500,-18.44800,-18.44800,-18.40300,26.02700,3.93800,399.70370,399.70370,-0.05000,-0.05000,0.83620,0.69440,2.27230,73.42370,1.71740,1.71740,-5.69260,-8.02580,0.09150,1.16640,77.16050,-3.03670,1.43140,-0.73650,-0.92800,1.50860,0.062,0.0314
2023-06-30,225.67500,63.35400,162.32100,107.72300,-0.33200,128.85500,33.46600,-34.85400,-1.38800,2.88900,-4.27700,-4.27700,-4.06300,55.19500,33.46600,397.41700,397.41700,-0.01000,-0.01000,0.89320,0.69400,2.26820,71.92690,14.82930,14.82930,-0.61500,-1.80040,0.09140,1.70620,52.74780,-0.68580,0.33220,-0.17330,-0.20980,1.56380,0.1076,0.0714
2023-03-31,235.64200,63.28600,172.35600,102.39500,-0.27900,122.90400,49.45200,-43.01600,6.43600,3.23300,3.20300,3.20300,2.69600,70.71300,49.45200,395.30730,408.64090,0.01000,0.01000,0.93040,0.70050,2.33940,73.14320,20.98610,20.98610,2.73130,1.14410,0.09470,1.60580,56.04600,0.52160,-0.24590,0.12880,0.15620,1.54730,0.07810,0.04010
2022-12-31,231.46500,63.93800,167.52700,96.43100,4.78100,111.89500,55.63210,-73.80900,-18.17700,5.15200,-23.32900,-23.32900,-22.92700,77.35010,55.63200,276.94270,276.94270,-0.19000,-0.14000,0.83570,0.70670,2.40930,72.37680,24.03480,24.03470,-7.85300,-9.90520,0.09380,1.64280,54.78580,-3.93370,1.75920,-0.94520,-1.15380,1.50230,0.1895,0.1178
2022-09-30,230.47400,64.04000,166.43400,91.57100,-0.53200,116.07600,50.35800,-157.84900,-107.49100,10.62500,-118.11600,-118.11600,-149.39800,75.83200,50.35800,318.15270,323.33790,-0.47000,-0.51000,0.74230,0.70940,2.44160,72.21380,21.84980,21.84980,-46.63910,-64.82210,0.09600,1.81260,49.65320,-20.71160,8.83900,-4.91940,-6.01800,1.44450,0.0339,0.0297
2022-06-30,233.32700,65.11800,168.20900,95.52800,-0.86200,120.67400,47.53500,6.38200,53.91700,15.22200,38.69500,38.69500,18.82300,73.44600,47.53500,196.10700,219.62300,0.10000,0.09000,0.08940,-0.10800,-0.09750,72.09150,20.37270,20.37270,23.10790,8.06720,0.28110,,,-54.47920,-54.47920,4.66210,-60.36370,-2.76370,0.1428,0.0778
2022-03-31,230.97800,61.89400,169.08400,93.15300,-2.70600,120.57600,48.50800,-10.27400,38.23400,13.12700,25.10700,25.10700,6.05200,74.72000,48.50800,196.10400,221.52760,0.03000,0.03000,0.67610,-0.07270,-0.06780,73.20350,21.00110,21.00110,16.55310,2.62020,0.27850,,,-24.87020,-24.87020,3.02770,-26.67780,-3.92810,0.22280,0.14960
2021-12-31,681.66700,185.55400,496.11300,272.15050,-1.08400,348.02860,148.08440,-73.65820,74.42640,10.24000,64.18640,64.18640,10.80440,174.70240,148.08440,196.08470,201.50740,-0.03000,-0.03000,1.08360,1.20570,-5.88400,72.77940,21.72390,21.72390,10.91830,1.58500,0.26440,4.38780,20.51130,-21.48970,-2.81420,2.48980,4.41960,-1.52310,0.2814,0.2225
2021-09-30,237.02100,62.59800,174.42300,94.45900,0.22300,119.42700,54.99600,-12.87800,42.11800,8.48900,33.62900,33.62900,15.28900,54.99600,54.99600,196.08250,197.52360,0.08000,0.08000,2.30290,,,73.58970,23.20300,23.20300,17.76970,6.45050,0.28580,,,-39.29320,-39.29330,4.05530,-39.29320,-3.33010,0.6679,0.482
2021-06-30,,,,0.80120,,,-0.80120,-6.99890,-7.80010,,-7.80010,-7.80010,-7.80010,-0.80120,-0.80120,25.70000,25.70000,-0.07000,-0.07000,3.35140,,,,,,,,,,,-156.00160,-155.99990,-0.94050,-156.00150,0.13980,-0.0096,-0.0096
2021-03-31,,,,0.29340,,,-0.29340,27.67510,27.38170,,27.38170,27.38170,27.38170,-0.29340,-0.29340,25.70000,25.70000,0.25000,0.25000,1.60060,,,,,,,,,,,547.63380,547.63480,3.30010,547.63370,0.14290,-0.00230,-0.00230
2020-12-31,,,,,,,,,,,,,,,,,,,0.00000,,,,,,,,,,,,,,,,,0.0349,0.0349
2020-09-30,,,,0.21130,,,-0.21130,-32.47830,-32.68960,,-32.68960,-32.68960,-32.68960,-0.21130,-0.21130,24.70220,24.70220,-0.43000,-0.43000,2.52690,,,,,,,,,,,-653.79080,-653.79120,-3.93970,-653.79080,0.17250,-0.0349,-0.0349
2020-06-30,,,,0.01650,,,-0.01650,,-0.01650,,-0.01650,-0.01650,-0.01650,-0.01650,-0.01650,25.70000,25.70000,0.00000,0.00000,0.05950,,,,,,,,,,,-194.91560,-194.91560,-10.95280,-194.91570,0.00030,0,0
