Date,revenue,cost-goods-sold,gross-profit,selling-general-administrative-expenses,other-operating-income-expenses,operating-expenses,operating-income,total-non-operating-income-expense,pre-tax-income,total-provision-income-taxes,income-after-taxes,income-from-continuous-operations,income-from-discontinued-operations,net-income,ebitda,ebit,basic-shares-outstanding,shares-outstanding,eps-basic-net-earnings-per-share,eps-earnings-per-share-diluted,current-ratio,long-term-debt-capital,debt-equity-ratio,gross-margin,operating-margin,ebit-margin,pre-tax-profit-margin,net-profit-margin,asset-turnover,inventory-turnover,receiveable-turnover,days-sales-in-receivables,roe,return-on-tangible-equity,roa,roi,book-value-per-share,operating-cash-flow-per-share,free-cash-flow-per-share
2024-03-31,323.40000,212.50000,110.90000,93.50000,,93.50000,17.40000,-0.20000,17.20000,4.10000,13.10000,13.10000,0.10000,13.20000,19.30000,17.40000,38.20000,38.40000,0.34000,0.34000,1.90900,,,34.29190,5.38030,5.38030,5.31850,4.08160,0.62500,1.30530,2.41520,37.26350,5.03460,6.83360,2.53190,5.03460,6.81490,0.16670,0.13280
2023-12-31,320.10010,211.90000,108.20010,86.80000,,86.80000,21.40010,-0.10000,21.30000,6.10000,15.20000,15.20000,0.10000,15.30000,23.30010,21.40000,38.10000,38.20000,0.40000,0.39000,1.89320,,,33.80190,6.68540,6.68540,6.65420,4.77980,0.62350,1.40520,2.44910,36.74790,5.95610,8.17640,2.96070,5.95610,6.70270,0.2172,0.2015
2023-09-30,354.60000,238.30000,116.30000,88.10000,,88.10000,28.20000,-0.70000,27.50000,6.80000,20.70000,20.70000,0.00000,20.70000,30.10000,28.20000,38.10000,38.20000,0.54000,0.54000,1.73280,,,32.79750,7.95260,7.95260,7.75520,5.83760,0.67180,1.54940,2.59210,34.72080,8.40780,11.79490,3.92190,8.40780,6.46820,1.0053,0.9555
2023-06-30,325.80000,212.90000,112.90000,83.80000,,83.80000,29.10000,-0.30000,28.80000,7.30000,21.50000,21.50000,0.00000,21.50000,30.60000,29.10000,38.10000,38.20000,0.56000,0.56000,1.55380,,0.17390,34.65320,8.93190,8.93190,8.83980,6.59910,0.58810,1.29580,2.31890,38.81220,9.27520,13.41240,3.88090,9.27520,6.09550,0.9686,0.9503
2023-03-31,273.80000,175.40000,98.40000,80.60000,,80.60000,17.80000,-0.20000,17.60000,4.30000,13.30000,13.30000,-0.10000,13.20000,18.90000,17.80000,38.10000,38.20000,0.35000,0.35000,2.15280,,,35.93860,6.50110,6.50110,6.42810,4.82100,0.59320,1.05600,2.40810,37.37400,6.12900,6.37280,2.88130,6.12900,5.70800,0.74080,0.72250
2022-12-31,260.50000,166.70000,93.80000,76.10000,,76.10000,17.70000,-0.10000,17.60000,4.20000,13.40000,13.40000,0.40000,13.80000,18.80000,17.70000,38.00000,38.10000,0.36000,0.35000,2.12740,,0.00290,36.00770,6.79460,6.79460,6.75620,5.29750,0.57230,0.92920,2.41200,37.31290,6.36880,6.57510,2.94380,6.36880,5.54250,0.7034,0.6456
2022-09-30,298.50000,191.90000,106.60000,79.10000,,79.10000,27.50000,-0.60000,26.90000,6.60000,20.30000,20.30000,-0.10000,20.20000,28.50000,27.50000,38.00000,38.10000,0.53000,0.53000,1.92280,,0.04950,35.71190,9.21270,9.21270,9.01170,6.76720,0.62920,1.01320,2.34490,38.38190,10.04950,10.48550,4.27910,10.04950,5.32170,0.6693,0.5958
2022-06-30,318.50000,205.50000,113.00000,82.50000,,82.50000,30.50000,-0.30000,30.20000,7.60000,22.60000,22.60000,0.20000,22.80000,31.40000,30.50000,38.00000,38.10000,0.60000,0.60000,1.69600,,0.15980,35.47880,9.57610,9.57610,9.48190,7.15860,0.63020,0.99900,2.35750,38.17580,12.04050,12.59050,4.47170,12.04050,4.94890,0.315,0.2888
2022-03-31,288.60000,180.80000,107.80000,78.30000,,78.30000,29.50000,-0.40000,29.10000,7.30000,21.80000,21.80000,0.20000,22.00000,30.40000,29.50000,37.90000,38.10000,0.58000,0.58000,1.66590,,0.14640,37.35270,10.22180,10.22180,10.08320,7.62300,0.64650,0.88450,2.42730,37.07900,12.76350,13.39890,4.88350,12.76350,4.50460,-0.37010,-0.39900
2021-12-31,262.00000,165.00000,97.00000,70.90000,,70.90000,26.10000,,26.10000,5.80000,20.30000,20.30000,22.70000,43.00000,27.00000,26.10000,37.80000,38.00000,1.13000,1.14000,1.67540,,0.02930,37.02290,9.96180,9.96180,9.96180,16.41220,0.64690,0.95490,2.45320,36.68700,13.21610,13.94230,5.01230,13.21610,4.05770,-0.029,-0.0289
2021-09-30,277.40000,175.40000,102.00000,71.40000,,71.40000,30.60000,-0.20000,30.40000,7.20000,23.20000,23.20000,-0.10000,23.10000,31.50000,30.60000,37.80000,38.00000,0.61000,0.61000,1.60360,,,36.77000,11.03100,11.03100,10.95890,8.32730,0.64540,1.24050,2.32130,38.77070,15.13370,15.84700,5.39790,15.13370,4.05410,0.4873,0.4532
2021-06-30,272.60000,174.60000,98.00000,73.30000,,73.30000,24.70000,-0.10000,24.60000,3.50000,21.10000,21.10000,0.90000,22.00000,25.60000,24.70000,37.70000,37.90000,0.58000,0.57000,1.53600,,,35.95010,9.06090,9.06090,9.02420,8.07040,0.67680,1.32880,2.45140,36.71310,15.68770,16.53610,5.23830,15.68770,3.56410,0.3007,0.2691
2021-03-31,251.10000,173.80000,77.30000,70.70000,,70.70000,6.60000,-0.10000,6.50000,1.00000,5.50000,5.50000,9.70000,15.20000,7.60000,6.60000,37.70000,37.90000,0.41000,0.39000,1.45380,,,30.78460,2.62840,2.62840,2.58860,6.05340,0.64140,1.29030,2.39830,37.52690,4.68480,4.98190,1.40490,4.68480,3.11260,0.55150,0.52770
2020-12-31,273.90000,180.80000,93.10000,72.00000,,72.00000,21.10000,,21.10000,4.70000,16.40000,16.40000,-0.20000,16.20000,22.10000,21.10000,37.50000,37.70000,0.42000,0.42000,1.41520,,,33.99050,7.70350,7.70350,7.70350,5.91460,0.73060,1.36660,2.67740,33.61450,15.35580,16.87240,4.37450,15.35580,2.84410,0.6813,0.6417
2020-09-30,285.70000,183.40000,102.30000,70.90000,,70.90000,31.40000,0.10000,31.50000,7.40000,24.10000,24.10000,0.50000,24.60000,32.40000,31.40000,37.50000,37.60000,0.65000,0.65000,1.74550,,,35.80680,10.99060,10.99060,11.02560,8.61040,0.64540,1.38620,2.50610,35.91180,14.33670,14.96890,5.44390,14.33670,4.49320,0.7447,0.7234
2020-06-30,242.10000,157.30000,84.80000,64.70000,,64.70000,20.10000,,20.10000,4.80000,15.30000,15.30000,1.10000,16.40000,21.10000,20.10000,37.50000,37.60000,0.44000,0.43000,1.64720,,,35.02690,8.30240,8.30240,8.30240,6.77410,0.61030,1.18810,2.19690,40.96650,10.28920,10.81270,3.85680,10.28920,3.96690,0.0242,0.0214
2020-03-31,227.30000,150.60000,76.70000,65.20000,,65.20000,11.50000,-0.20000,11.30000,3.00000,8.30000,8.30000,-0.10000,8.20000,12.60000,11.50000,37.70000,37.90000,0.21000,0.21000,1.65590,,,33.74400,5.05940,5.05940,4.97140,3.60760,0.62910,1.39960,2.39260,37.61550,6.02760,6.36020,2.29730,6.02760,3.67000,0.35880,0.35090
2019-12-31,222.20000,147.20000,75.00000,60.60000,,60.60000,14.40000,,14.40000,3.00000,11.40000,11.40000,0.10000,11.50000,15.50000,14.40000,37.50000,37.70000,0.31000,0.32000,1.90430,,,33.75340,6.48060,6.48070,6.48060,5.17550,0.55980,1.30840,2.51930,35.72460,6.49570,6.77360,2.87230,6.49570,4.65780,0.1064,0.0866
2019-09-30,243.90000,159.50000,84.40000,66.70000,0.80000,65.90000,18.50000,-0.10000,18.40000,4.70000,13.70000,13.70000,-1.00000,12.70000,19.50000,18.50000,37.50000,38.00000,0.33000,0.33000,1.76810,,,34.60440,7.58510,7.58510,7.54410,5.20710,0.61040,1.55910,2.53800,35.46130,8.25800,8.63810,3.42840,8.25800,4.42090,0.3834,0.2835
2019-06-30,248.60000,162.60000,86.00000,66.00000,,66.00000,20.00000,0.10000,20.10000,5.20000,14.90000,14.90000,-0.30000,14.60000,21.00000,20.00000,37.50000,37.90000,0.39000,0.38000,1.74570,,,34.59370,8.04510,8.04510,8.08530,5.87290,0.63830,1.60360,2.58420,34.82700,9.54520,10.01340,3.82540,9.54520,4.16420,0.6886,0.6517
2019-03-31,232.20000,151.90000,80.30000,67.10000,,67.10000,13.20000,,13.20000,3.20000,10.00000,10.00000,-0.30000,9.70000,14.20000,13.20000,37.40000,37.90000,0.26000,0.25000,1.71710,,,34.58230,5.68480,5.68480,5.68480,4.17740,0.64820,1.43440,2.53220,35.54260,6.94440,7.32060,2.79170,6.94440,3.84730,0.63590,0.60950
2018-12-31,217.70000,144.70000,73.00000,59.20000,0.10000,59.10000,13.90000,1.00000,14.90000,2.60000,12.30000,12.30000,0.80000,13.10000,15.10000,13.90000,37.20000,37.90000,0.34000,0.35000,1.31030,,,33.53240,6.38490,6.38490,6.84430,6.01750,0.41080,1.34860,2.58860,34.76800,8.93250,9.46150,2.32080,8.93250,3.68820,-0.0633,-0.1055
2018-09-30,235.80000,153.60000,82.20000,62.90000,-0.90000,63.80000,18.40000,0.30000,18.70000,3.60000,15.10000,15.10000,163.70000,178.80000,19.50000,18.40000,37.20000,37.90000,4.81000,4.72000,3.40930,,,34.86010,7.80320,7.80320,7.93040,75.82700,0.44630,1.68420,2.68260,33.54960,4.06680,4.17820,2.85820,4.06680,9.96510,-0.9552,-1.0027
2018-06-30,231.20000,151.20000,80.00000,61.70000,,61.70000,18.30000,,18.30000,4.90000,13.40000,13.40000,4.80000,18.20000,19.40000,18.30000,37.20000,37.90000,0.49000,0.48000,1.63920,,,34.60210,7.91520,7.91520,7.91520,7.87200,0.48740,1.19620,1.22010,73.76730,6.79170,7.31040,2.82460,6.79170,5.30490,-0.0026,-0.0211
2018-03-31,212.20000,139.70000,72.50000,61.40000,,61.40000,11.10000,-0.10000,11.00000,2.30000,8.70000,8.70000,5.90000,14.60000,12.20000,11.10000,37.20000,37.90000,0.39000,0.38000,1.69610,,,34.16590,5.23090,5.23090,5.18380,6.88030,0.40780,1.06720,1.13900,79.01510,3.88390,4.14680,1.67210,3.88390,6.02590,0.43270,0.42220
2017-12-31,-28.10000,-56.80000,28.70010,29.60000,0.00000,29.59990,-0.89990,-0.30000,-1.20000,-25.80000,24.60000,24.60000,9.20000,33.80000,0.20010,-0.90000,37.00000,37.60000,0.91000,0.90000,1.56460,,,-102.13540,3.20250,3.20270,4.27050,-120.28480,-0.05100,-0.64400,-0.38440,-234.12830,11.61470,12.22660,4.46140,11.61470,5.70980,0.3269,0.2974
2017-09-30,204.40000,133.20000,71.20000,58.60000,-0.10000,58.70000,12.50000,-0.20000,12.30000,1.00000,11.30000,11.30000,0.00000,11.30000,13.40000,12.50000,37.00000,37.70000,0.31000,0.30000,1.93680,,,34.83370,6.11550,6.11550,6.01760,5.52840,0.40660,1.08380,1.24260,72.43150,4.79830,5.11780,2.24790,4.79830,6.35250,0.4661,0.4772
2017-06-30,313.00000,221.50000,91.50000,69.60000,-0.20000,69.80000,21.70000,0.10000,21.80000,2.50000,19.30000,19.30000,-5.50000,13.80000,22.90000,21.70000,37.00000,37.40000,0.37000,0.37000,1.93120,,,29.23320,6.93290,6.93290,6.96490,4.40890,0.64540,1.80670,1.93450,46.52400,8.60070,9.21680,3.97940,8.60070,6.06540,0.4709,0.4523
2017-03-31,302.50000,220.70000,81.80000,69.40000,,69.40000,12.40000,0.20000,12.60000,2.30000,10.30000,10.30000,-28.80000,-18.50000,13.80000,12.40000,37.20000,37.20000,-0.50000,-0.50000,1.89250,,,27.04130,4.09920,4.09920,4.16530,-6.11570,0.66350,1.87830,1.98750,45.28260,4.91650,5.30380,2.25930,4.91650,5.67030,-0.05110,-0.07800
2016-12-31,-121.60000,-139.50000,17.89990,21.20000,-0.30000,21.50000,-3.60010,-0.20000,-3.80000,-2.30000,-1.50000,-1.50000,-0.60000,-2.10000,-2.90010,-3.60010,37.20000,37.20000,-0.05000,-0.05000,1.57290,,,-14.72040,2.96060,2.96060,3.12500,1.72700,-0.21480,-1.19540,-0.81830,-109.98350,-0.69960,-0.75490,-0.26500,-0.69960,5.80650,0.0188,0.0135
2016-09-30,290.20000,214.50000,75.70000,70.90000,-1.70000,72.60000,3.10000,-0.40000,2.70000,1.10000,1.60000,1.60000,-7.40000,-5.80000,4.40000,3.10000,37.20000,37.20000,-0.16000,-0.16000,1.58520,0.00050,0.00140,26.08550,1.06820,1.06820,0.93040,-1.99860,0.50690,1.79500,1.27280,70.70990,0.72140,0.78590,0.27950,0.72100,6.00860,-0.2876,-0.2957
2016-06-30,297.70000,219.70000,78.00000,72.30000,-0.30000,72.60000,5.40000,-1.10000,4.30000,2.00000,2.30000,2.30000,-9.70000,-7.40000,6.60000,5.40000,37.20000,37.20000,-0.20000,-0.20000,1.58200,0.00040,0.00130,26.20090,1.81390,1.81390,1.44440,-2.48570,0.50190,1.73810,1.30570,68.92840,1.00440,1.09210,0.38770,1.00390,6.20460,0.1005,0.087
2016-03-31,286.80000,220.20000,66.60000,61.90000,-1.60000,63.50000,3.10000,0.20000,3.30000,1.80000,1.50000,1.50000,-18.80000,-17.30000,4.40000,3.10000,37.10000,37.10000,-0.47000,-0.47000,1.59160,0.00130,0.00380,23.22180,1.08090,1.08090,1.15060,-6.03210,0.46210,1.65190,1.17250,76.75730,0.62920,0.68270,0.24170,0.62840,6.46460,-1.37470,-1.39350
2015-12-31,465.30000,378.40000,86.90000,84.20000,-1.50000,85.70000,1.20000,-2.50000,-1.30000,10.30000,-11.60000,-11.60000,-20.90000,-32.50000,0.30000,1.20000,37.10000,37.10000,-0.87000,-0.87000,1.50270,,,18.67610,0.25790,0.25790,-0.27940,-6.98470,0.65530,2.62050,1.74730,51.50870,-4.56870,-4.93410,-1.63360,-4.56870,6.88580,2.2803,2.1994
2015-09-30,423.30000,340.50000,82.80000,78.80000,-0.60000,79.40000,3.40000,-1.10000,2.30000,0.60000,1.70000,1.70000,-12.00000,-10.30000,5.50000,3.40000,37.10000,37.10000,-0.27000,-0.27000,1.57890,0.00170,0.00590,19.56060,0.80320,0.80320,0.54330,-2.43330,0.56510,1.56410,1.38560,64.95390,0.58880,0.63290,0.22690,0.58780,7.83260,-0.1321,-0.1617
2015-06-30,454.10000,367.60000,86.50000,82.70000,-20.50000,103.20000,-16.70000,1.20000,-15.50000,1.20000,-16.70000,-16.70000,-11.70000,-28.40000,-15.00000,-16.70000,37.10000,37.10000,-0.77000,-0.77000,1.55160,0.00230,0.00800,19.04870,-3.67760,-3.67760,-3.41330,-6.25410,0.56390,1.46920,1.41730,63.50140,-5.53530,-5.93460,-2.07380,-5.52250,8.17970,0.3369,0.3181
2015-03-31,512.10000,425.00000,87.10000,93.90000,-5.30000,99.20000,-12.10000,-8.20000,-20.30000,1.50000,-21.80000,-21.80000,-6.80000,-28.60000,-9.10000,-12.10000,37.10000,37.10000,-0.77000,-0.77000,1.56100,0.00240,0.00950,17.00840,-2.36280,-2.36280,-3.96410,-5.58480,0.62440,1.55850,1.58990,56.60810,-6.67890,-7.11490,-2.65820,-6.66260,8.86520,-0.15360,-0.25610
2014-12-31,552.00000,456.20000,95.80000,98.10000,-6.50000,104.60000,-8.80000,-0.70000,-9.50000,12.30000,-21.80000,-21.80000,-3.70000,-25.50000,-8.90000,-8.80000,37.10000,37.10000,-0.69000,-0.69000,1.60000,0.00300,0.01080,17.35510,-1.59420,-1.59420,-1.72100,-4.61960,0.61550,1.55750,1.55710,57.79890,-6.06230,-6.18970,-2.43060,-6.04380,9.76960,1.0081,0.9623
2014-09-30,825.40000,707.90000,117.50000,118.50000,-1.70000,120.20000,-2.70000,-3.70000,-6.40000,-3.60000,-2.80000,-2.80000,,-2.80000,1.10000,-2.70000,37.10000,37.10000,-0.08000,-0.08000,1.70320,0.00310,0.00890,14.23550,-0.32710,-0.32710,-0.77540,-0.33920,0.94000,2.39320,2.42690,37.08380,-0.71430,-0.72860,-0.31890,-0.71210,10.65390,-0.4933,-0.5256
2014-06-30,831.10000,707.80000,123.30000,122.70000,-6.00000,128.70000,-5.40000,-1.30000,-6.70000,-0.50000,-6.20000,-6.20000,,-6.20000,-1.80000,-5.40000,37.10000,37.10000,-0.17000,-0.17000,1.65850,0.00450,0.01020,14.83580,-0.64970,-0.64970,-0.80620,-0.74600,0.88460,2.13900,2.36380,38.07480,-1.54650,-1.57760,-0.65990,-1.53960,10.89580,0.0203,-0.02
2014-03-31,873.40000,745.50000,127.90000,126.80000,-2.40000,129.20000,-1.30000,-0.80000,-2.10000,0.90000,-3.00000,-3.00000,,-3.00000,2.90000,-1.30000,37.00000,37.00000,-0.08000,-0.08000,1.65750,0.00570,0.01160,14.64390,-0.14880,-0.14880,-0.24040,-0.34350,0.91470,2.28470,2.37980,37.81770,-0.74240,-0.75280,-0.31420,-0.73820,10.99560,-0.53780,-0.58380
2013-12-31,874.20000,746.00000,128.20000,123.80000,-5.70000,129.50000,-1.30000,-1.00000,-2.30000,17.50000,-19.80000,-19.80000,,-19.80000,-2.70000,-1.30000,37.00000,37.00000,-0.54000,-0.54000,1.67750,0.00710,0.01330,14.66480,-0.14870,-0.14870,-0.26310,-2.26490,0.92780,2.31820,2.62290,34.31370,-4.87440,-4.94880,-2.10150,-4.83990,11.05940,0.2919,0.1973
2013-09-30,791.80000,675.00000,116.80000,114.80000,-5.80000,120.60000,-3.80000,0.60000,-3.20000,8.40000,-11.60000,-11.60000,,-11.60000,1.80000,-3.80000,37.00000,37.00000,-0.31000,-0.31000,1.78030,0.00820,0.01420,14.75120,-0.47990,-0.47990,-0.40410,-1.46500,0.88770,2.37180,2.75220,32.70140,-2.73910,-2.80670,-1.30040,-2.71660,11.53390,0.9865,0.9108
2013-06-30,805.70000,689.40000,116.30000,119.20000,-3.90000,123.10010,-6.80000,-0.30000,-7.10000,-1.00000,-6.10000,-6.10000,,-6.10000,-2.20000,-6.80000,37.00000,37.00000,-0.16000,-0.16000,1.85790,0.00970,0.01590,14.43470,-0.84400,-0.84400,-0.88120,-0.75710,0.94040,2.36340,2.87650,31.28830,-1.42660,-1.46320,-0.71200,-1.41270,11.64550,0.2514,0.1405
2013-03-31,880.60000,759.00000,121.60000,123.50000,-6.80000,130.30000,-8.70000,-0.50000,-9.20000,-2.90000,-6.30000,-6.30000,,-6.30000,-4.40000,-8.70000,37.00000,37.00000,-0.17000,-0.17000,1.79460,0.01090,0.01710,13.80880,-0.98800,-0.98800,-1.04470,-0.71540,0.97760,2.33680,2.98100,30.19080,-1.45230,-1.48970,-0.69940,-1.43640,11.82500,-0.26490,-0.34590
2012-12-31,934.90010,816.80000,118.10000,124.70000,-40.20000,164.89980,-46.79970,0.10000,-46.70000,-19.70000,-27.00000,-27.00000,-0.10000,-27.10000,-42.69980,-46.79990,36.90000,36.90000,-0.73000,-0.73000,1.73390,0.01200,0.01840,12.63240,-5.00590,-5.00590,-4.99520,-2.89870,0.97150,2.22440,3.07530,29.26520,-6.04970,-6.20400,-2.80580,-5.97740,12.20900,0.7676,0.7478
2012-09-30,847.00000,728.00000,119.00000,118.90000,-2.00000,120.90000,-1.90000,-0.20000,-2.10000,-16.10000,14.00000,14.00000,,14.00000,3.00000,-1.90000,37.00000,37.00000,0.38000,0.38000,1.93680,0.01240,0.01840,14.04960,-0.22430,-0.22430,-0.24790,1.65290,0.92750,2.33900,3.14280,28.63680,2.91120,3.22430,1.53310,2.87520,13.16410,-0.2473,-0.3684
2012-06-30,849.20000,731.20000,118.00000,117.80000,-2.20000,120.00000,-2.00000,-1.60000,-3.60000,-1.30000,-2.30000,-2.30000,,-2.30000,2.60000,-2.00000,36.90000,36.90000,-0.06000,-0.06000,1.79880,0.01440,0.02060,13.89540,-0.23550,-0.23550,-0.42390,-0.27080,0.88630,2.06180,3.05980,29.41340,-0.49800,-0.55460,-0.24000,-0.49090,12.64170,1.1133,0.9829
2012-03-31,913.20000,782.50000,130.70000,118.00000,-1.90000,119.90000,10.80000,,10.80000,3.50000,7.30000,7.30000,-0.20000,7.10000,15.20000,10.80000,36.80000,37.10000,0.19000,0.19000,1.81670,0.01390,0.01960,14.31230,1.18270,1.18270,1.18270,0.77750,0.95450,2.02080,3.24360,27.74670,1.56400,1.74110,0.76300,1.54240,12.79750,0.39890,0.34500
2011-12-31,978.31900,838.54600,139.77300,118.16300,-0.60300,118.76600,21.00700,-1.28500,19.72200,5.10800,14.61400,14.61400,0.03200,14.64600,25.47600,21.00710,36.80000,37.10000,0.40000,0.40000,1.86220,0.01540,0.02140,14.28710,2.14730,2.14730,2.01590,1.49710,1.09960,2.25290,3.63690,24.74650,3.21680,3.59510,1.64260,3.16730,12.48110,-0.7547,-0.838
2011-09-30,900.21800,768.90600,131.31200,111.61000,-0.44300,112.05300,19.25900,-1.97200,17.28700,6.51000,10.77700,10.77700,-0.14800,10.62900,23.65200,19.25900,36.54700,36.72000,0.29000,0.29000,1.81100,0.01360,0.01930,14.58670,2.13940,2.13940,1.92030,1.18070,1.02980,2.26010,3.53440,25.46380,2.44940,2.75470,1.23290,2.41610,12.09020,0.9178,0.8488
2011-06-30,872.19600,743.27900,128.91700,114.15800,7.15000,107.00800,21.90900,0.47800,22.38700,6.74400,15.64300,15.64300,-0.08400,15.55900,26.30200,21.90900,36.83300,37.10100,0.42000,0.42000,1.79420,0.01540,0.02770,14.78070,2.51190,2.51190,2.56670,1.78390,0.99950,2.07350,3.28000,27.43920,3.58670,4.04160,1.79270,3.53150,11.98720,0.0695,-0.0116
2011-03-31,929.86700,799.36900,130.49800,111.36900,-0.50400,111.87310,18.62490,0.97900,19.60400,6.03800,13.56600,13.56600,,13.56600,22.86990,18.62490,37.15700,37.70800,0.37000,0.36000,1.67880,0.01560,0.05600,14.03410,2.00300,2.00300,2.10830,1.45890,1.00950,2.13810,3.28800,27.37250,3.16550,3.57870,1.47270,3.11620,11.62420,0.25800,0.15980
2010-12-31,1005.28300,869.04020,136.24290,114.94200,-1.10200,116.04380,20.19900,-1.66000,18.53900,5.76200,12.77700,12.77700,,12.77700,24.21900,20.19900,37.00000,37.60000,0.34000,0.34000,1.64790,0.01770,0.02450,13.55270,2.00930,2.00930,1.84420,1.27100,1.12440,2.34640,3.63780,24.74030,3.12190,3.55120,1.42900,3.06660,11.13500,2.377,2.2129
2010-09-30,862.70500,747.45000,115.25500,100.30400,-2.85500,103.15900,12.09600,1.65000,13.74600,5.12400,8.62200,8.62200,,8.62200,15.76700,12.09600,37.05300,37.58600,0.23000,0.23000,1.62140,0.00270,0.08180,13.35970,1.40210,1.40210,1.59340,0.99940,1.00510,1.74080,3.55310,25.32990,2.17530,2.49700,1.00450,2.16940,10.80670,-0.252,-0.5116
2010-06-30,805.87500,692.47400,113.40100,96.96600,-0.34300,97.30900,16.09200,-1.07400,15.01800,5.56800,9.45000,9.45000,,9.45000,18.92000,16.09200,36.96700,37.72600,0.26000,0.25000,1.67010,0.00210,0.03630,14.07180,1.99680,1.99680,1.86360,1.17260,1.01040,1.82000,3.41990,26.31690,2.47430,2.84560,1.18490,2.46920,10.41330,0.1471,0.0203
2010-03-31,915.23700,790.63600,124.60100,104.18800,,104.18800,20.41300,-1.61600,18.79700,7.04600,11.75100,11.75100,,11.75100,24.39400,20.41300,36.78500,37.47100,0.32000,0.31000,1.65350,0.00260,0.04700,13.61410,2.23040,2.23040,2.05380,1.28390,1.15820,2.15450,3.79140,23.73790,3.13220,3.58640,1.48700,3.12390,10.23820,-0.54600,-0.65250
2009-12-31,938.24820,812.24120,126.00700,88.68400,,95.43600,30.57100,-1.13300,29.43800,11.04000,18.39800,18.39800,,18.39800,34.48400,30.57090,36.70600,37.34300,0.50000,0.50000,1.56670,0.00330,0.04490,13.43000,3.25830,3.25830,3.13750,1.96090,1.14850,2.22090,3.87930,23.20000,5.04490,5.81190,2.25220,5.02840,10.00480,-0.2538,-0.391
2009-09-30,753.88000,641.11700,112.76300,92.39600,,93.39400,19.36900,0.95200,20.32100,7.72300,12.59800,12.59800,,12.59800,22.40200,19.36900,36.70300,37.31900,0.34000,0.34000,1.63730,0.00330,0.05390,14.95770,2.56920,2.56920,2.69550,1.67110,0.96210,2.02900,3.53650,25.44870,3.39260,3.91150,1.60780,3.38140,10.20760,0.5878,0.3863
2009-06-30,721.59900,614.54500,107.05400,98.38500,,98.38500,8.66900,0.29100,8.96000,2.46900,6.49100,6.49100,,6.49100,11.40000,8.66900,36.68300,37.34000,0.18000,0.17000,1.76790,0.00300,0.00530,14.83570,1.20140,1.20140,1.24170,0.89950,1.02650,1.98230,4.15600,21.65550,1.82180,2.08190,0.92330,1.81640,9.82400,0.6528,0.5636
2009-03-31,752.26800,644.71800,107.55000,92.53000,,92.53000,15.02000,-0.65400,14.36600,5.66800,8.69800,8.69800,,8.69800,17.69600,15.02000,36.62100,37.27300,0.24000,0.23000,1.80830,0.00350,0.00570,14.29680,1.99660,1.99660,1.90970,1.15620,1.11060,2.08060,4.39690,20.46890,2.53830,2.78370,1.28410,2.52940,9.44170,-0.85910,-0.93390
