Date,revenue,cost-goods-sold,gross-profit,selling-general-administrative-expenses,other-operating-income-expenses,operating-expenses,operating-income,total-non-operating-income-expense,pre-tax-income,total-provision-income-taxes,income-after-taxes,income-from-continuous-operations,income-from-discontinued-operations,net-income,ebitda,ebit,basic-shares-outstanding,shares-outstanding,eps-basic-net-earnings-per-share,eps-earnings-per-share-diluted,current-ratio,long-term-debt-capital,debt-equity-ratio,gross-margin,operating-margin,ebit-margin,pre-tax-profit-margin,net-profit-margin,asset-turnover,inventory-turnover,receiveable-turnover,days-sales-in-receivables,roe,return-on-tangible-equity,roa,roi,book-value-per-share,operating-cash-flow-per-share,free-cash-flow-per-share
2024-03-31,42.88100,36.75700,6.12400,3.48400,3.06800,0.41600,5.70800,0.54200,6.25000,0.01000,6.24000,6.24000,,6.24000,6.90100,5.70800,16.21500,16.75500,0.38000,0.37000,4.36840,0.18130,0.23410,14.28140,13.31130,13.31130,14.57520,14.55190,0.33560,18.34180,1.59460,56.44180,7.30300,7.55790,4.88420,5.97880,5.27530,0.41890,0.79740
2023-12-31,44.55000,36.08700,8.46300,3.39500,1.60700,1.78800,6.67500,0.38300,7.05800,-0.03200,7.09000,7.09000,,7.09000,8.02600,6.67500,16.19300,16.19300,0.42000,0.42000,3.40490,0.19330,0.25330,18.99660,14.98320,14.98320,15.84290,15.91470,0.34690,17.41650,1.22730,73.32930,8.97800,9.32230,5.52060,7.24240,4.85740,0.4551,0.3857
2023-09-30,5.02300,34.90200,-29.87900,4.08000,0.32400,3.75600,-33.63500,0.39700,-33.23800,-0.00300,-33.23500,-33.23500,,-33.23500,-32.24500,-33.63500,16.28700,16.28700,-2.04000,-2.04000,3.09320,,,-594.84380,-669.61990,-669.61990,-661.71610,-661.65640,0.04160,14.91540,0.14080,639.37080,-46.49290,-48.49560,-27.55760,-46.49290,4.38900,0.1248,0.1033
2023-06-30,39.32600,34.84500,4.48100,3.73600,0.00400,3.73200,0.74900,0.34000,1.08900,-0.01300,1.10200,1.10200,,1.10200,2.14100,0.74900,16.20100,16.20100,0.07000,0.07000,2.90720,,,11.39450,1.90460,1.90460,2.76920,2.80220,0.28810,13.21890,1.08290,83.10910,1.05750,1.08870,0.80740,1.05750,6.39810,-0.2146,-0.2499
2023-03-31,62.16800,57.13400,5.03400,5.06700,0.36100,4.70600,0.32800,0.32000,0.64800,0.00700,0.64100,0.64100,,0.64100,1.66100,0.32800,15.99400,16.35900,0.04000,0.04000,2.28080,,,8.09740,0.52760,0.52760,1.04230,1.03110,0.41710,22.46720,1.42770,63.03970,0.62260,0.64140,0.43010,0.62260,6.41300,0.07920,0.05590
2022-12-31,38.13900,35.71600,2.42300,5.24900,3.20600,2.04300,0.38000,0.19000,0.57000,0.02100,0.54900,0.54900,,0.54900,1.71400,0.38000,15.84000,15.84000,0.04000,0.04000,2.82790,,,6.35310,0.99640,0.99640,1.49450,1.43950,0.28280,22.33650,1.29610,69.44150,0.53500,0.55140,0.40710,0.53500,6.42480,0.619,0.4896
2022-09-30,39.59300,35.37300,4.22000,4.51000,0.94400,3.56600,0.65400,-0.04600,0.60800,0.01000,0.59800,0.59800,,0.59800,1.89400,0.65400,15.92300,15.92300,0.04000,0.04000,2.72300,,,10.65850,1.65180,1.65180,1.53560,1.51040,0.29380,21.29620,1.19940,75.04050,0.59000,0.60860,0.44380,0.59000,6.36500,-0.3061,-0.2172
2022-06-30,35.90200,34.23000,1.67200,4.34500,3.20600,1.13900,0.53300,-0.01800,0.51500,-0.01300,0.52800,0.52800,,0.52800,1.80600,0.53300,15.83600,15.83600,0.03000,0.03000,2.72200,,,4.65710,1.48460,1.48460,1.43450,1.47070,0.26990,19.57120,1.33880,67.22300,0.52620,0.54310,0.39700,0.52620,6.30210,-0.1515,-0.1509
2022-03-31,28.68600,29.10600,-0.42000,4.11000,-0.45200,4.56200,-4.98200,-0.04000,-5.02200,0.00500,-5.02700,-5.02700,,-5.02700,-3.73100,-4.98200,15.66200,15.66200,-0.32000,-0.32000,2.76460,,,-1.46410,-17.36740,-17.36740,-17.50680,-17.52420,0.22030,17.12120,1.21330,74.17800,-5.05770,-5.22410,-3.86080,-5.05770,6.30070,-0.72470,-0.75120
2021-12-31,25.81200,25.25900,0.55300,2.76200,-3.94900,6.71100,-6.15800,-0.05000,-6.20800,-0.01800,-6.19000,-6.19000,,-6.19000,-5.05400,-6.15800,15.51000,15.51000,-0.40000,-0.40000,2.79360,,,2.14240,-23.85710,-23.85710,-24.05080,-23.98110,0.19080,14.19840,1.61470,55.73920,-5.95720,-6.14650,-4.57590,-5.95720,6.65140,-0.8773,-0.9011
2021-09-30,19.58700,19.72200,-0.13500,3.21100,-0.26000,3.47100,-3.60600,9.00300,5.39700,0.00900,5.38800,5.38800,,5.38800,-2.53900,-3.60600,15.53900,15.53900,0.35000,0.35000,4.05120,,,-0.68920,-18.41020,-18.41020,27.55400,27.50800,0.14420,11.78840,2.38020,37.81130,4.84730,4.84730,3.96540,4.84730,7.14720,0.0096,-0.0008
2021-06-30,24.26800,23.04700,1.22100,3.08800,0.38000,2.70800,-1.48700,-0.09500,-1.58200,-0.00400,-1.57800,-1.57800,-1.25100,-2.82900,-0.21200,-1.48700,15.52800,15.52800,-0.18000,-0.18000,3.62070,0.07830,0.09490,5.03130,-6.12740,-6.12740,-6.51890,-11.65730,0.16890,13.00620,1.76660,50.94490,-1.49800,-1.49800,-1.09830,-1.38070,6.78080,-0.7554,-0.5015
2021-03-31,23.78500,23.76000,0.02500,2.78700,0.52900,2.25800,-2.23300,-0.19400,-2.42700,-0.01100,-2.41600,-2.41600,-16.12100,-18.53700,-0.29300,-2.23300,15.40300,15.40300,-1.20000,-1.20000,1.52090,0.02540,0.09260,0.10510,-9.38830,-9.38830,-10.20390,-77.93570,0.11140,11.28740,1.30880,68.76480,-2.23840,-2.23840,-1.13200,-2.18150,6.95590,0.02320,-0.00410
2020-12-31,-18.12000,-11.87000,-6.25000,2.86300,-2.42300,5.28600,-11.53600,-0.11400,-11.65000,-0.13800,-11.51200,-11.51200,-3.94500,-15.45700,-9.43000,-11.53600,15.30800,15.30800,-1.01000,-1.01000,1.44530,0.03490,0.08030,34.49230,63.66450,63.66450,64.29360,85.30350,-0.07650,-5.50300,-1.28610,-69.97850,-9.24840,-9.24840,-4.86280,-8.92560,8.10440,-0.7665,-0.811
2020-09-30,25.30600,25.94100,-0.63500,2.74800,-0.82100,3.56900,-4.20400,-0.11800,-4.32200,-0.02000,-4.30200,-4.30200,-8.03500,-12.33700,-2.01100,-4.20400,15.31200,15.31200,-0.81000,-0.81000,1.53900,0.04190,0.07070,-2.50930,-16.61270,-16.61270,-17.07900,-48.75130,0.09640,10.30630,1.03560,86.90590,-3.04190,-3.04190,-1.63960,-2.91460,9.22830,-0.2296,-0.35
2020-06-30,31.98800,32.71600,-0.72800,3.37000,-0.00100,3.37100,-4.09900,-0.08900,-4.18800,0.02200,-4.21000,-4.21000,-1.32700,-5.53700,-2.01400,-4.09900,15.30100,15.30100,-0.36000,-0.36000,1.75560,0.04870,0.06520,-2.27590,-12.81420,-12.81420,-13.09240,-17.30960,0.12180,11.84930,2.38880,37.67630,-2.74410,-2.74410,-1.60350,-2.61040,10.02150,-0.2461,-0.6133
2020-03-31,78.55500,78.80900,-0.25400,3.74400,9.93400,-6.19000,5.93600,0.05300,5.98900,0.08400,5.90500,5.90500,,5.90500,8.16900,5.93600,15.27500,15.27500,0.39000,0.39000,1.80120,,,-0.32330,7.55650,7.55650,7.62400,7.51700,0.31290,28.94200,4.85570,18.53500,3.72290,3.72290,2.35230,3.72290,10.37350,0.00050,-0.06790
2019-12-31,79.44500,92.71400,-13.26900,3.83700,-17.32100,21.15800,-34.42700,0.00400,-34.42300,-0.09800,-34.32500,-34.32500,,-34.32500,-32.11400,-34.42700,15.22700,15.22700,-2.26000,-2.26000,1.67080,,,-16.70210,-43.33440,-43.33440,-43.32930,-43.20600,0.31430,34.64650,3.04450,29.56200,-22.48090,-22.48090,-13.57920,-22.48090,10.00360,-0.0293,-0.1069
2019-09-30,75.80200,78.48700,-2.68500,3.97000,-0.27300,4.24300,-6.92800,0.13900,-6.78900,-0.01000,-6.77900,-6.77900,,-6.77900,-4.62700,-6.92800,15.25400,15.25400,-0.44000,-0.44000,2.10800,,,-3.54210,-9.13960,-9.13960,-8.95620,-8.94300,0.27350,18.00990,2.50440,35.93730,-3.62430,-3.62430,-2.44580,-3.62430,12.25470,-0.2503,-0.2917
2019-06-30,80.45600,82.05400,-1.59800,3.98700,0.20100,3.78600,-5.38400,0.12600,-5.25800,-0.01000,-5.24800,-5.24800,,-5.24800,-2.94800,-5.38400,15.23600,15.23600,-0.34000,-0.34000,2.25850,,,-1.98620,-6.69190,-6.69190,-6.53520,-6.52280,0.28980,18.06160,3.44670,26.11200,-2.71300,-2.71300,-1.89060,-2.71300,12.69640,0.3702,0.3744
2019-03-31,67.60500,67.05200,0.55300,3.83400,-0.00100,3.83500,-3.28200,0.26200,-3.02000,0.02200,-3.04200,-3.04200,,-3.04200,-0.71800,-3.28200,15.15100,15.15100,-0.20000,-0.20000,2.84310,,,0.81800,-4.85470,-4.85470,-4.46710,-4.49970,0.26130,12.04240,3.12150,28.83250,-1.53710,-1.53710,-1.17580,-1.53710,12.98920,-0.55950,-0.54800
2018-12-31,60.23100,64.19500,-3.96400,4.31200,3.72100,0.59100,-4.55500,0.02500,-4.53000,0.15200,-4.68200,-4.68200,,-4.68200,-1.45500,-4.55500,15.03200,15.03200,-0.32000,-0.32000,2.85120,,,-6.58130,-7.56260,-7.56250,-7.52100,-7.77340,0.23320,10.54450,2.67630,33.62800,-2.32820,-2.32820,-1.81270,-2.32820,13.32670,-0.1158,1.6442
2018-09-30,49.71200,52.92400,-3.21200,4.90200,-2.63000,7.53200,-10.74400,0.07200,-10.67200,0.27700,-10.94900,-10.94900,,-10.94900,-8.28600,-10.74400,15.04400,15.04400,-0.73000,-0.73000,3.37170,,,-6.46120,-21.61250,-21.61250,-21.46770,-22.02490,0.18900,8.05790,0.71920,125.13680,-5.33740,-5.33740,-4.16380,-5.33740,13.63570,0.516,0.5024
2018-06-30,54.01400,54.71300,-0.69900,5.09200,6.51500,-1.42300,0.72400,-0.09200,0.63200,0.08300,0.54900,0.54900,,0.54900,3.23800,0.72400,15.04300,15.04300,0.04000,0.04000,4.67320,,,-1.29410,1.34040,1.34040,1.17010,1.01640,0.21040,9.84580,0.78970,113.96880,0.25490,0.25490,0.21390,0.25490,14.31830,-0.8148,2.8624
2018-03-31,57.29000,56.61100,0.67900,4.70900,-1.06000,5.76900,-5.09000,-0.14700,-5.23700,0.05900,-5.29600,-5.29600,,-5.29600,-2.73200,-5.09000,14.96400,14.96400,-0.35000,-0.35000,4.33990,0.04460,0.04670,1.18520,-8.88460,-8.88460,-9.14120,-9.24420,0.21290,11.20340,2.09400,42.97980,-2.47380,-2.47380,-1.96790,-2.36340,14.23160,-0.94200,-0.92610
2017-12-31,37.27700,63.19100,-25.91400,4.86000,-7.49600,12.35600,-38.27000,0.12000,-38.15000,-13.87100,-24.27900,-24.27900,,-24.31300,-35.11300,-38.27000,14.83800,14.83800,-1.64000,-1.64000,3.68160,,,-69.51740,-102.66380,-102.66380,-102.34190,-65.22250,0.13760,12.80990,1.30950,68.72710,-11.06140,-11.06140,-8.96430,-11.06140,14.72120,-0.6641,-0.6834
2017-09-30,49.88400,50.37800,-0.49400,4.37000,,4.37000,-4.86400,-0.00700,-4.87100,-1.76100,-3.11000,-3.11000,,-3.11000,-2.70900,-4.86400,14.85200,14.85200,-0.21000,-0.21000,4.59270,,,-0.99030,-9.75060,-9.75060,-9.76470,-6.23450,0.16440,4.08750,0.73010,123.26740,-1.27540,-1.27540,-1.02510,-1.27540,16.41850,-0.1091,-0.2903
2017-06-30,45.86800,57.48800,-11.62000,4.64000,,4.64000,-16.26000,-0.41200,-16.67200,-5.74900,-10.92300,-10.92300,,-10.92300,-13.81900,-16.26000,14.85100,14.85100,-0.73000,-0.73000,4.61630,,,-25.33360,-35.44960,-35.44960,-36.34780,-23.81400,0.14910,4.84270,1.20450,74.71880,-4.43930,-4.43930,-3.55120,-4.43930,16.56820,-0.859,-0.8126
2017-03-31,37.99300,42.89000,-4.89700,3.93000,-0.38900,4.31900,-9.21600,-0.05000,-9.26600,-2.81200,-6.45400,-6.45400,,-6.42000,-6.06800,-9.21600,14.75800,14.75800,-0.44000,-0.44000,7.56160,,,-12.88920,-24.25710,-24.25710,-24.38870,-16.89790,0.12470,3.63540,1.80400,49.89050,-2.52110,-2.52110,-2.11840,-2.52110,17.23910,-1.02210,-1.04860
2016-12-31,55.46100,55.63400,-0.17300,5.03700,,4.35600,-4.52900,-1.11900,-5.64800,-2.09300,-3.55500,-3.55500,,-3.51400,0.54800,-4.52900,14.63100,14.63100,-0.24000,-0.24000,3.20700,,,-0.31190,-8.16620,-8.16610,-10.18370,-6.33600,0.17200,4.64660,2.74980,32.72950,-1.35150,-1.35150,-1.10260,-1.35150,17.89940,-0.3322,-0.3824
2016-09-30,65.38400,60.12500,5.25900,5.08600,,5.08600,0.17300,0.50100,0.67400,0.13300,0.54100,0.54100,,0.53900,5.09700,0.17300,14.63300,14.63300,0.04000,0.04000,2.83460,,,8.04330,0.26460,0.26460,1.03080,0.82440,0.19390,3.28890,2.45630,36.64060,0.20330,0.20490,0.16040,0.20330,18.18600,0.5192,0.3921
2016-06-30,81.50200,67.43600,14.06600,5.06200,,5.06200,9.00400,-0.04400,8.96000,3.42000,5.54000,5.54000,,5.48000,13.82100,9.00400,14.63100,14.63100,0.37000,0.37000,2.51190,,,17.25850,11.04760,11.04760,10.99360,6.72380,0.23830,3.56200,2.01230,44.72390,2.09130,2.10790,1.61970,2.09130,18.10440,0.9166,0.7523
2016-03-31,83.97900,78.27800,5.70100,4.48500,,4.48500,1.21600,0.35400,1.57000,0.58100,0.98900,0.98900,,0.98000,6.62300,1.21600,14.60100,14.60100,0.07000,0.07000,2.29300,,,6.78860,1.44800,1.44800,1.86950,1.16700,0.24760,4.39200,1.85360,48.55430,0.38240,0.38550,0.29160,0.38240,17.67640,-0.10790,0.21070
2015-12-31,55.01800,72.59000,-17.57200,4.43900,-0.60200,5.04100,-22.61300,-0.03400,-22.64700,-7.98000,-14.66700,-14.66700,,-14.59400,-16.08300,-22.61300,14.54600,14.54600,-1.00400,-1.00400,3.05710,,,-31.93860,-41.10110,-41.10110,-41.16290,-26.52590,0.17360,5.61150,1.16910,76.98210,-5.70260,-5.70260,-4.62790,-5.70260,17.64040,-0.5475,-0.6139
2015-09-30,67.53100,75.36800,-7.83700,3.79800,-6.60000,10.39800,-18.23500,-0.03100,-18.26600,-6.12900,-12.13700,-12.13700,,-12.16100,-11.70100,-18.23500,14.54300,14.54300,-0.84000,-0.84000,3.83230,,,-11.60500,-27.00240,-27.00240,-27.04830,-18.00800,0.19900,5.64720,1.84030,48.90550,-4.45300,-4.45300,-3.57710,-4.45300,18.74150,-0.311,-0.4552
2015-06-30,84.33800,78.53300,5.80500,3.72600,,3.72600,2.07900,-0.02600,2.05300,0.69600,1.35700,1.35700,,1.33300,8.62000,2.07900,14.54000,14.54000,0.09000,0.09000,4.04010,,,6.88300,2.46510,2.46510,2.43430,1.58050,0.23590,7.93660,2.25490,39.91300,0.47540,0.47540,0.37950,0.47540,19.63080,0.4592,0.3256
2015-03-31,99.23300,94.78500,4.44800,4.29300,,4.29300,0.15500,-0.02800,0.12700,0.04400,0.08300,0.08300,,0.05800,6.75400,0.15500,14.54000,14.54000,0.00400,0.00400,2.97760,,,4.48240,0.15620,0.15620,0.12800,0.05840,0.26510,9.34300,1.92790,46.68380,0.02910,0.02910,0.02220,0.02910,19.59090,1.13450,1.06570
2014-12-31,124.76000,113.95200,10.80800,6.85600,,10.05600,0.75200,0.04100,0.79300,0.90400,-0.11100,-0.11100,,-0.09800,7.49500,0.75200,14.50500,14.50500,-0.01000,-0.01000,2.33420,,,8.66300,0.60280,0.60270,0.63560,-0.07860,0.31560,11.23790,1.52520,59.00790,-0.03880,-0.03880,-0.02810,-0.03880,19.65730,0.8132,0.7476
2014-09-30,118.02000,103.36700,14.65300,3.30700,,3.30700,11.34600,-0.02400,11.32200,3.73600,7.58600,7.58600,,7.50700,18.08100,11.34600,14.50600,14.50600,0.52000,0.52000,2.39100,,,12.41570,9.61360,9.61360,9.59330,6.36080,0.30170,9.88210,1.42180,63.30200,2.63940,2.63940,1.93910,2.63940,19.81350,0.1496,-0.22
2014-06-30,129.16900,118.84700,10.32200,3.87300,,3.87300,6.44900,-0.01500,6.43400,2.12400,4.31000,4.31000,,4.31000,13.02800,6.44900,14.50000,14.50000,0.30000,0.30000,2.35260,,,7.99110,4.99270,4.99270,4.98110,3.33670,0.34010,11.01760,1.95260,46.09220,1.53360,1.53360,1.13480,1.53360,19.37480,1.4069,0.666
2014-03-31,134.69000,125.91700,8.77300,3.37300,,3.37300,5.40000,-0.12500,5.27500,1.74000,3.53500,3.53500,,3.49700,11.77900,5.40000,14.49600,14.49600,0.24000,0.24000,1.85430,,,6.51350,4.00920,4.00920,3.91640,2.59630,0.32980,11.24760,1.43190,62.85300,1.27200,1.27200,0.86540,1.27200,19.16930,-0.15600,-0.82260
2013-12-31,135.13800,136.91300,-1.77500,2.59800,,2.59800,-4.37300,-0.34900,-4.72200,-1.61200,-3.11000,-3.11000,,-3.09400,1.96800,-4.37300,14.46300,14.46900,-0.22000,-0.22000,1.79910,,,-1.31350,-3.23590,-3.23590,-3.49420,-2.28950,0.31710,12.08520,1.35060,66.63520,-1.12860,-1.12860,-0.72960,-1.12860,19.01210,1.6727,1.1006
2013-09-30,168.19100,159.13600,9.05500,3.74900,,3.74900,5.30600,-0.05600,5.25000,1.97400,3.27600,3.27600,,3.24700,11.67600,5.30600,14.46200,14.46800,0.23000,0.23000,1.73600,,,5.38380,3.15470,3.15470,3.12150,1.93050,0.39470,30.99050,2.12190,42.41520,1.17070,1.17070,0.76870,1.17070,19.34480,-0.096,-0.4477
2013-06-30,154.57500,144.89800,9.67700,2.85300,,2.85300,6.82400,-0.10300,6.72100,2.44200,4.27900,4.27900,,4.24100,13.07400,6.82400,14.45700,14.46000,0.30000,0.30000,1.62090,,,6.26040,4.41470,4.41470,4.34810,2.74370,0.35390,28.22320,1.94670,46.23290,1.53960,1.53960,0.97970,1.53960,19.22350,2.2232,2.0001
2013-03-31,150.42200,143.71800,6.70400,2.35500,,2.35500,4.34900,-0.06300,4.28600,1.49900,2.78700,2.78700,,2.76300,10.47500,4.34900,14.45500,14.46100,0.19000,0.19000,1.70580,0.03510,0.03640,4.45680,2.89120,2.89120,2.84930,1.83680,0.32890,28.06990,1.07100,84.03600,1.01360,1.01360,0.60940,0.97800,19.01990,-1.17340,-1.46420
2012-12-31,129.23700,138.59100,-9.35400,2.62900,,2.62900,-11.98300,0.01900,-11.96400,-3.87400,-8.09000,-8.09000,,-7.98900,-6.00200,-11.98300,14.40000,14.40000,-0.56000,-0.56000,1.88140,,,-7.23790,-9.27210,-9.27210,-9.25740,-6.18170,0.32030,27.58580,1.93660,46.47320,-2.95800,-2.95800,-2.00500,-2.95800,18.92340,0.6086,-0.0203
2012-09-30,141.79300,155.17200,-13.37900,1.98300,,1.98300,-15.36200,0.14800,-15.21400,-4.84200,-10.37200,-10.37200,,-10.37200,-9.38000,-15.36200,14.40800,14.40800,-0.72000,-0.72000,1.97560,,,-9.43560,-10.83410,-10.83410,-10.72970,-7.31490,0.34380,29.10750,1.45120,62.01870,-3.66930,-3.66930,-2.51470,-3.66930,19.61330,0.4467,-0.1938
2012-06-30,137.22700,123.32200,13.90500,2.58200,,2.58200,11.32300,0.17900,11.50200,3.91000,7.59200,7.59200,,7.52200,17.10600,11.32300,14.38800,14.40900,0.52000,0.52000,2.58140,,,10.13280,8.25130,8.25130,8.38170,5.48140,0.34520,23.30350,1.56940,57.34800,2.57990,2.57990,1.90980,2.57990,20.42690,-0.5428,-0.7391
2012-03-31,113.08300,100.41500,12.66800,2.61200,,2.61200,10.05600,0.21500,10.27100,3.49200,6.77900,6.77900,,6.70200,15.70600,10.05600,14.38100,14.40800,0.47000,0.47000,2.94460,,,11.20240,8.89260,8.89260,9.08270,5.92660,0.30040,17.49390,1.87260,48.06210,2.35220,2.35220,1.80110,2.35220,20.03460,0.25400,-0.77270
2011-12-31,88.40600,83.16000,5.24600,2.38300,,2.38300,2.86300,0.44700,3.31000,1.54400,1.76600,1.76600,,1.76200,8.34000,2.86300,14.35100,14.35100,0.12000,0.12000,2.34140,,,5.93400,3.23850,3.23840,3.74410,1.99310,0.22330,13.24630,1.10320,81.57890,0.62450,0.62450,0.44600,0.62450,19.67160,0.2044,-0.3666
2011-09-30,85.82700,81.82300,4.00400,1.91000,,1.91000,2.09400,0.41900,2.51300,0.95400,1.55900,1.55900,,1.54300,7.25300,2.09400,14.35100,14.37600,0.11000,0.11000,2.54810,,,4.66520,2.43980,2.43980,2.92800,1.79780,0.22880,13.92970,1.38010,65.21370,0.55330,0.55330,0.41560,0.55330,19.63130,2.8514,2.0796
2011-06-30,87.25100,82.40500,4.84600,1.95800,,1.95800,2.88800,0.35200,3.24000,1.40500,1.83500,1.83500,,1.81600,7.92100,2.88800,14.34800,14.37900,0.13000,0.13000,2.71780,,,5.55410,3.31000,3.31000,3.71340,2.08140,0.23690,14.47730,0.96560,93.21110,0.65360,0.65360,0.49820,0.65360,19.56650,-1.7994,-2.0291
2011-03-31,46.34800,55.91600,-9.56800,1.93600,,1.93600,-11.50400,-0.00700,-11.51100,-4.54700,-6.96400,-6.96400,,-6.96400,-6.48100,-11.50400,14.34400,14.34400,-0.49000,-0.49000,4.00330,,,-20.64380,-24.82090,-24.82090,-24.83600,-15.02550,0.13660,12.63350,1.36210,66.07280,-2.49150,-2.49150,-2.05190,-2.49150,19.48250,-0.42500,-1.74740
2010-12-31,43.00400,40.84100,2.16300,1.86300,,1.86300,0.30000,2.67500,2.97500,1.28100,1.69400,1.69400,,1.65700,5.17000,0.30000,14.31800,14.32900,0.11000,0.11000,7.05650,,,5.02980,0.69760,0.69760,6.91800,3.85310,0.12840,9.57590,1.60480,56.08150,0.58980,0.58980,0.50590,0.58980,20.02590,4.0079,3.6529
2010-09-30,60.73300,53.79800,6.93500,1.99700,,1.99700,4.93800,1.04800,5.98600,2.52400,3.46200,3.46200,,3.42500,9.73500,4.93800,14.31800,14.32000,0.24000,0.24000,3.74030,,,11.41880,8.13070,8.13070,9.85630,5.63940,0.17670,11.80300,0.92280,97.52950,1.21300,1.21300,1.00740,1.21300,19.93180,0.5719,0.3413
2010-06-30,75.29000,68.55500,6.73500,1.99000,,1.99000,4.74500,0.61300,5.35800,1.92600,3.43200,3.43200,,3.39500,9.54900,4.74500,14.31700,14.32800,0.24000,0.24000,3.17860,,,8.94540,6.30230,6.30230,7.11650,4.50920,0.21950,17.53330,1.23500,72.87620,1.21750,1.21750,1.00070,1.21750,19.68770,1.6137,1.2455
2010-03-31,69.25900,61.82100,7.43800,2.09700,,2.09700,5.34100,1.69900,7.04000,2.53500,4.50500,4.50500,,4.45600,10.15200,5.34100,14.31200,14.32300,0.31000,0.31000,3.17200,,,10.73940,7.71160,7.71160,10.16470,6.43380,0.19930,15.48620,0.68300,131.77410,1.61860,1.61860,1.29630,1.61860,19.44340,0.51670,0.32070
2009-12-31,70.76600,62.61600,8.15000,2.01000,,2.01000,6.14000,0.88400,7.02400,2.41900,4.60500,4.60500,,4.50300,10.88800,6.14000,14.29400,14.29500,0.32000,0.32000,3.48670,,,11.51680,8.67650,8.67650,9.92570,6.36320,0.21300,14.82390,0.91390,98.47530,1.68190,1.68190,1.38630,1.68190,19.13620,0.2318,0.0436
2009-09-30,76.63100,65.41300,11.21800,2.05100,,2.05100,9.16700,0.06000,9.22700,3.24100,5.98600,5.98600,,5.93000,13.83400,9.16700,14.29300,14.29500,0.41000,0.41000,2.65170,,,14.63900,11.96250,11.96250,12.04080,7.73840,0.22640,13.30070,0.79940,112.59070,2.22390,2.22390,1.76840,2.22390,18.83170,-0.1233,-0.406
2009-06-30,79.13300,70.79500,8.33800,1.97200,,1.97200,6.36600,-0.01600,6.35000,2.33700,4.01300,4.01300,,3.97400,10.94600,6.36600,14.29300,14.33200,0.28000,0.28000,2.47180,,,10.53670,8.04470,8.04470,8.02450,5.02190,0.24020,13.27490,1.00900,89.19710,1.52510,1.52510,1.21800,1.52510,18.41020,-0.2217,-0.5153
2009-03-31,84.99900,73.24000,11.75900,2.22400,,2.22400,9.53500,0.00300,9.53800,3.33800,6.20000,6.20000,,6.15900,14.05200,9.53500,14.29300,14.30100,0.43000,0.43000,2.21240,,,13.83430,11.21780,11.21780,11.22130,7.24600,0.24750,13.24170,0.97840,91.98740,2.39280,2.39280,1.80540,2.39280,18.12820,0.88190,0.64950
