Date,revenue,cost-goods-sold,gross-profit,research-development-expenses,selling-general-administrative-expenses,operating-expenses,operating-income,total-non-operating-income-expense,pre-tax-income,total-provision-income-taxes,income-after-taxes,income-from-continuous-operations,net-income,ebitda,ebit,basic-shares-outstanding,shares-outstanding,eps-basic-net-earnings-per-share,eps-earnings-per-share-diluted,current-ratio,gross-margin,operating-margin,ebit-margin,pre-tax-profit-margin,net-profit-margin,asset-turnover,receiveable-turnover,days-sales-in-receivables,roe,return-on-tangible-equity,roa,roi,book-value-per-share,operating-cash-flow-per-share,free-cash-flow-per-share
2023-09-30,133.60500,77.08900,56.51600,24.88300,67.23400,92.11700,-35.60100,3.40500,-32.19600,0.89500,-33.09100,-33.09100,-33.09100,7.33600,-35.60100,164.90430,164.90430,-0.20000,-0.20000,2.12400,42.30080,-26.64650,-26.64650,-24.09790,-24.76780,0.11950,1.59310,56.49440,-3.64370,-7.23320,-2.95860,-3.64370,,0.1617,0.1597
2023-06-30,133.30900,78.41900,54.89000,24.62000,66.66600,91.28600,-36.39600,-0.75400,-37.15000,-1.61700,-35.53300,-35.53300,-35.53300,6.58700,-36.39600,164.21400,164.21400,-0.22000,-0.22000,2.07800,41.17500,-27.30200,-27.30200,-27.86760,-26.65460,0.11860,1.58410,56.81300,-3.83760,-7.55780,-3.16050,-3.83760,,0.1092,0.1084
2023-03-31,117.63100,71.75500,45.87600,22.89600,64.98700,87.88300,-42.00700,-2.40000,-44.40700,-1.32400,-43.08300,-43.08300,-43.08300,1.73300,-42.00700,162.63100,162.63100,-0.26000,-0.26000,2.08630,38.99990,-35.71080,-35.71080,-37.75110,-36.62560,0.10540,1.57900,56.99880,-4.61010,-9.09570,-3.86020,-4.61010,,-0.18160,-0.18370
2022-12-31,139.86600,84.02400,55.84200,23.69800,67.25100,90.94910,-35.10700,-0.21700,-35.32400,-6.85300,-28.47100,-28.47100,-28.47100,9.36800,-35.10700,157.69100,157.69100,-0.17000,-0.17000,1.78760,39.92540,-25.10050,-25.10050,-25.25560,-20.35590,0.12030,1.47930,60.83970,-3.06760,-6.16130,-2.44890,-3.06760,,0.3148,0.3122
2022-09-30,105.55600,64.75400,40.80200,22.22400,71.80900,94.03300,-53.23100,-10.89000,-64.12100,0.43000,-64.55100,-64.55100,-64.55100,-6.68200,-53.23100,158.79210,158.79210,-0.41000,-0.41000,1.86400,38.65440,-50.42910,-50.42910,-60.74600,-61.15330,0.09610,1.28250,70.17300,-7.10470,-14.15730,-5.87600,-7.10470,,-0.0056,-0.0139
2022-06-30,87.30500,52.95400,34.35100,17.59700,66.05700,83.65400,-49.30300,0.68000,-48.62300,0.17400,-48.79700,-48.79700,-48.79700,-5.49100,-49.30300,156.89100,156.89100,-0.31000,-0.31000,2.75770,39.34600,-56.47210,-56.47210,-55.69330,-55.89260,0.08000,1.19640,75.22350,-5.27160,-8.72250,-4.47140,-5.27160,,0.2416,0.2299
2022-03-31,76.32200,49.13900,27.18300,17.68700,61.17900,78.86600,-51.68300,-1.66600,-53.34900,0.23700,-53.58600,-53.58600,-53.58600,-8.05400,-51.68300,154.36900,154.36900,-0.35000,-0.35000,3.05750,35.61620,-67.71710,-67.71710,-69.89990,-70.21040,0.07070,1.37460,65.47590,-5.71990,-9.72560,-4.96140,-5.71990,,-0.03410,-0.06440
2021-12-31,82.71700,50.06200,32.65500,10.29700,44.54800,54.84500,-22.19000,-0.65800,-22.84800,-0.35700,-22.49100,-22.49100,-22.49100,7.33700,-22.19000,101.73700,101.73700,-0.22000,-0.22000,4.73090,39.47800,-26.82640,-26.82640,-27.62190,-27.19030,0.09780,1.23790,72.70330,-3.23260,-3.23260,-2.65810,-3.23260,4.62420,0.2109,0.1868
2021-09-30,59.11900,36.30800,22.81100,8.28100,42.61500,50.89600,-28.08500,0.21700,-27.86800,0.60100,-28.46900,-28.46900,-28.46900,26.88600,-28.08500,146.62900,146.62900,-0.19000,-0.19000,6.61930,38.58490,-47.50590,-47.50590,-47.13880,-48.15540,0.07710,1.46630,61.37820,-4.19820,-4.19820,-3.71290,-4.19820,,0.1008,0.0996
2021-06-30,57.28700,36.68700,20.60000,5.73900,34.35400,40.09300,-19.49300,-2.42000,-21.91300,0.31100,-22.22400,-22.22400,-22.22400,-19.42400,-19.49300,87.30900,87.30900,-0.25000,-0.25000,7.26180,35.95930,-34.02690,-34.02690,-38.25130,-38.79410,0.07700,1.62940,55.23610,-3.34260,-3.34260,-2.98770,-3.34260,,0.788,0.7903
2021-03-31,46.15100,30.78400,15.36700,5.44400,5.81300,11.25700,4.11000,-5.70900,-1.59900,0.15000,-1.74900,-1.74900,-1.74900,4.17200,4.11000,21.83000,21.83000,-0.08000,-0.08000,2.19300,33.29720,8.90560,8.90560,-3.46470,-3.78970,0.32930,1.67770,53.64390,3.85310,3.85310,-1.24790,3.85310,,-0.94490,-0.95020
2020-12-31,53.57400,35.60400,17.97000,4.87200,7.68000,12.55200,5.41800,-0.94000,4.47900,0.14500,4.33400,4.33400,4.33400,5.48300,5.41800,21.12020,28.63780,0.10000,0.10000,1.82490,33.54240,10.11310,10.11310,8.36040,8.08970,0.33210,1.40670,63.98140,-9.73710,-9.73710,2.68700,-9.73710,-2.04540,1.148,1.1432
2020-09-30,33.32500,23.26900,10.05600,3.70700,4.24500,7.95200,2.10400,-0.85000,1.25400,0.00600,1.24800,1.24800,0.22500,2.16500,2.10400,21.48060,29.57650,0.01000,0.01000,,30.17550,6.31360,6.31360,3.76290,0.67520,,,,,,,,,0.026,0.0246
2020-06-30,29.78700,20.12200,9.66500,3.60600,4.60700,8.21300,1.45200,-1.84700,-0.39600,0.00500,-0.40100,-0.40100,-0.40100,1.50900,1.45200,21.20800,21.20800,-0.02000,-0.02000,,32.44700,4.87460,4.87460,-1.32940,-1.34620,,,,,,,,,0.5173,0.5152
2020-03-31,19.68900,13.90700,5.78200,3.21500,3.12800,6.34300,-0.56100,-0.70200,-1.26300,0.00400,-1.26700,-1.26700,-1.26700,-0.50900,-0.56100,20.16470,20.16470,-0.06000,-0.06000,,29.36670,-2.84930,-2.84930,-6.41480,-6.43510,,,,,,,,,-0.66640,-0.67410
2019-12-31,,,,,,,,,,,,,,,,,,,0.00000,,,,,,,,,,,,,,,0,0
