Date,revenue,cost-goods-sold,gross-profit,selling-general-administrative-expenses,other-operating-income-expenses,operating-expenses,operating-income,total-non-operating-income-expense,pre-tax-income,total-provision-income-taxes,income-after-taxes,income-from-continuous-operations,net-income,ebitda,ebit,basic-shares-outstanding,shares-outstanding,eps-basic-net-earnings-per-share,eps-earnings-per-share-diluted,current-ratio,long-term-debt-capital,debt-equity-ratio,gross-margin,operating-margin,ebit-margin,pre-tax-profit-margin,net-profit-margin,asset-turnover,receiveable-turnover,days-sales-in-receivables,roe,return-on-tangible-equity,roa,roi,book-value-per-share,operating-cash-flow-per-share,free-cash-flow-per-share
2023-09-30,545.28200,346.98000,198.30200,142.53100,-2.62100,145.15200,53.15000,1.65100,54.80100,10.97800,43.82300,43.82300,42.99300,53.15000,53.15000,42.69600,43.66400,1.01000,0.98000,1.69800,0.00160,0.03070,36.36690,9.74720,9.74720,10.05000,7.88450,0.22860,0.94910,94.82530,2.51480,7.59150,1.83730,2.51080,,0,0
2023-06-30,497.53100,316.69000,180.84100,128.17600,-6.02700,134.20300,46.63800,0.15100,46.78900,9.88300,36.90600,36.90600,36.99300,46.63800,46.63800,42.42600,43.37300,0.87000,0.85000,2.13930,0.00000,0.00020,36.34770,9.37390,9.37390,9.40420,7.43530,0.22120,0.90680,99.25090,2.19650,5.42620,1.64110,2.19650,,0,0
2023-03-31,472.42100,304.12400,168.29700,119.35700,-4.71700,124.07400,44.22300,2.36800,46.59100,10.20600,36.38500,36.38500,36.41900,44.22300,44.22300,42.29700,43.23700,0.86000,0.84000,2.19370,0.00000,0.00050,35.62440,9.36090,9.36090,9.86220,7.70900,0.21610,0.89790,100.23050,2.24220,5.27620,1.66430,2.24210,,0.00000,
2022-12-31,490.72410,307.20400,183.52000,123.80000,-4.54100,128.34100,55.17900,-4.78600,50.39300,10.97500,39.41800,39.41800,39.18500,55.17900,55.17910,41.92900,42.85500,0.92000,0.90000,2.00100,0.00060,0.00240,37.39780,11.24440,11.24440,10.26910,7.98510,0.22350,0.99130,90.78830,2.53300,6.17220,1.79520,2.53160,,4.6091,3.5109
2022-09-30,458.88400,286.70700,172.17700,119.20800,-1.07900,120.28700,51.89000,-5.63900,46.25100,10.15100,36.10000,36.10000,35.99100,51.89000,51.89000,41.98200,42.89100,0.86000,0.84000,2.32200,0.00050,0.00570,37.52080,11.30790,11.30790,10.07900,7.84320,0.23580,0.96950,92.83070,2.53700,4.92340,1.85510,2.53570,,0,0
2022-06-30,429.25700,267.97000,161.28700,111.67800,-0.70700,112.38500,48.90200,-0.97100,47.93100,10.77700,37.15400,37.15400,37.09200,48.90200,48.90200,41.82900,42.77800,0.89000,0.87000,2.40750,0.00060,0.00680,37.57350,11.39220,11.39220,11.16600,8.64100,0.22850,0.99060,90.85460,2.69430,5.34730,1.97820,2.69270,,0,0
2022-03-31,401.37800,248.96700,152.41100,101.63800,-0.03700,101.67500,50.73600,-2.42700,48.30900,11.50200,36.80700,36.80700,36.62300,50.73600,50.73600,41.74800,42.74100,0.88000,0.86000,2.29960,0.00130,0.00840,37.97190,12.64050,12.64050,12.03580,9.12430,0.21550,0.97530,92.28240,2.72820,5.48120,1.97610,2.72460,,0.00000,
2021-12-31,379.81700,235.49900,144.31800,99.63800,-1.04600,100.68400,43.63410,-5.60200,38.03200,8.90100,29.13100,29.13100,28.97300,43.63410,43.63400,40.94000,42.07600,0.71000,0.67000,2.12170,0.00150,0.00940,37.99670,11.48820,11.48820,10.01320,7.62810,0.20150,1.08740,82.76950,2.22660,4.55990,1.54580,2.22330,31.34950,4.2536,3.2669
2021-09-30,341.83400,210.34200,131.49200,89.26900,-2.51300,91.78200,39.71000,-7.03500,32.67500,7.06500,25.61000,25.61000,25.47800,39.71000,39.71000,41.62500,42.80900,0.61000,0.60000,2.56640,0.00170,0.00210,38.46660,11.61680,11.61680,9.55870,7.45330,0.19240,0.98390,91.46990,2.02530,3.81140,1.44140,2.02190,,0,0
2021-06-30,305.25700,189.27600,115.98100,82.20600,-2.90400,85.11000,30.87100,-5.56400,25.30700,5.36000,19.94700,19.94700,19.94700,30.87100,30.87100,40.52200,41.66400,0.49000,0.48000,3.32910,0.00070,0.00090,37.99450,10.11310,10.11310,8.29040,6.53450,0.18510,0.89810,100.21600,1.61710,2.87640,1.20970,1.61590,,0.3557,0.4594
2021-03-31,270.17000,166.97300,103.19700,71.89100,-1.08800,72.97900,30.21800,-1.38000,28.83800,7.17100,21.66700,21.66700,21.66700,46.56700,30.21800,39.89900,41.15700,0.54000,0.53000,2.13490,0.00000,0.00140,38.19710,11.18480,11.18480,10.67400,8.01980,0.20690,0.89110,100.99670,2.38130,5.55520,1.65920,2.38120,22.79160,-0.35570,-0.45940
2020-12-31,98.02500,63.63400,34.39100,26.49900,2.89400,23.60500,10.78600,0.43100,11.21700,5.79900,5.41800,5.41800,5.55000,10.78600,10.78600,38.51500,39.71700,0.17000,0.16000,2.60470,0.02770,0.02950,35.08390,11.00330,11.00330,11.44300,5.66180,0.07610,0.43060,209.01580,0.61570,1.35300,0.42040,0.59870,22.06190,2.5146,1.801
2020-09-30,341.83400,210.34200,131.49200,89.26900,-2.51300,91.78200,39.71000,-7.03500,32.67500,7.06500,25.61000,25.61000,25.47800,39.71000,39.71000,41.62500,42.80900,0.61000,0.60000,3.43830,0.08500,0.09720,38.46660,11.61680,11.61680,9.55870,7.45330,0.29920,1.57480,57.14960,3.16640,4.97370,2.24130,2.89740,,0,0
2020-06-30,182.70800,116.46700,66.24100,49.58200,-1.92700,51.50900,14.73200,-1.34800,13.38400,3.36500,10.01900,10.01900,10.01900,14.73200,14.73200,37.68600,38.75900,0.27000,0.26000,,,,36.25510,8.06310,8.06310,7.32540,5.48360,,,,,,,,,0.1844,0.3571
2020-03-31,191.57200,119.36900,72.20300,51.87200,-1.61700,53.48900,18.71400,0.53400,19.24800,6.07800,13.17000,13.17000,13.17000,30.20100,18.71400,37.00800,38.09300,0.36000,0.35000,2.55920,0.21620,0.27700,37.68980,9.76870,9.76870,10.04740,6.87470,0.24830,1.02340,87.94140,2.90250,5.53510,1.70720,2.27500,12.25200,-0.18440,-0.35710
2019-09-30,171.33400,105.04700,66.28700,43.09100,-0.26100,43.35200,22.93500,-3.68100,19.25400,4.17600,15.07800,15.07800,15.07800,22.93500,22.93500,7.34360,7.56620,2.05000,2.00000,1.65090,0.05850,0.13650,38.68880,13.38610,13.38610,11.23770,8.80040,0.26930,0.99200,90.72700,3.64520,7.41780,2.37000,3.43180,,-1.1795,-0.6408
2019-03-31,146.15100,88.72700,57.42400,38.63200,-0.43600,39.06800,18.35600,-2.83000,15.52600,3.42700,12.09900,12.09900,12.09900,28.03500,18.35600,7.24100,7.46400,1.65000,1.60000,,,,39.29090,12.55960,12.55960,10.62330,8.27840,,,,,,,,,1.17950,0.64080
2018-12-31,140.13800,83.79700,56.34100,35.54000,-2.88100,38.42100,17.92000,-2.88400,15.03600,3.52700,11.50900,11.50900,11.57300,17.92000,17.92000,35.74600,36.68500,0.33000,0.32000,2.29300,,,40.20400,12.78740,12.78740,10.72940,8.25830,0.32060,1.11010,81.07370,3.40590,5.20080,2.63300,3.40590,9.39540,1.8317,1.3132
2018-09-30,134.56800,81.35300,53.21500,33.76700,-0.46000,34.22700,18.98800,1.97600,20.96400,5.44300,15.52100,15.52100,15.52100,18.98800,18.98800,35.85100,36.80200,0.43000,0.42000,2.36770,,,39.54510,14.11030,14.11030,15.57870,11.53400,0.32850,1.15250,78.09060,4.82070,7.37010,3.78850,4.82070,,-0.4689,-0.2158
2018-06-30,127.89200,78.86100,49.03100,32.68100,-0.42300,33.10400,15.92700,2.45500,18.38200,3.95700,14.42500,14.42500,14.41300,20.90400,15.92700,35.73500,36.66100,0.40000,0.39000,2.31970,,0.02010,38.33780,12.45350,12.45350,14.37310,11.26970,0.33340,1.09390,82.27670,4.81330,7.66620,3.76060,4.81330,8.37900,0.6058,0.4703
2018-03-31,119.71200,74.54300,45.16900,31.19900,-0.01100,31.21000,13.95900,-0.87700,13.08200,2.94100,10.14100,10.14100,10.17000,18.46400,13.95900,35.43000,36.54700,0.29000,0.28000,2.39670,,0.02130,37.73140,11.66050,11.66050,10.92790,8.49540,0.33190,1.08380,83.03980,3.60410,5.93850,2.81160,3.60410,7.87960,-0.13690,-0.25450
2017-12-31,115.43300,72.70100,42.73200,28.90500,-4.80600,33.71100,9.02100,5.19300,14.21400,2.69400,11.52000,11.52000,11.54300,9.02100,9.02100,34.91900,36.09400,0.32000,0.31000,2.10610,,0.02280,37.01890,7.81490,7.81490,12.31360,9.99970,0.32320,1.22240,73.62840,4.37420,7.52580,3.22530,4.37420,7.47620,1.191,0.6608
2017-09-30,109.67500,69.73300,39.94200,28.52200,-0.26000,28.78200,11.16000,-0.90900,10.25100,2.26200,7.98900,7.98900,8.00900,11.16000,11.16000,35.02000,36.25400,0.23000,0.22000,1.81760,,0.04250,36.41850,10.17550,10.17550,9.34670,7.30250,0.31380,1.13170,79.52500,3.21170,6.10450,2.28550,3.21170,,0.1639,0.4155
2017-06-30,99.58900,65.24300,34.34600,29.13100,-1.58300,30.71400,3.63200,-0.58400,3.04800,0.95000,2.09800,2.09800,2.12000,7.61400,3.63200,34.79400,36.03400,0.06000,0.06000,1.64720,,0.04410,34.48770,3.64700,3.64700,3.06060,2.12870,0.29730,1.05700,85.14800,0.90070,1.80980,0.62620,0.90070,,0.0273,-0.0855
2017-03-31,88.74200,55.49400,33.24800,24.25500,0.36000,23.89500,9.35300,1.67800,11.03100,2.17500,8.85600,8.85600,8.86700,13.05100,9.35300,34.68200,35.58300,0.26000,0.25000,2.11840,,0.00070,37.46590,10.53950,10.53950,12.43040,9.99190,0.29560,1.00700,89.37730,4.01040,6.72170,2.95030,4.01040,,-0.19120,-0.33000
2016-12-31,87.25400,53.20100,34.05300,22.89100,,22.89100,11.16200,1.37400,12.53600,3.05600,9.48000,9.48000,9.47600,11.16200,11.16200,34.40200,35.41300,0.27000,0.26000,2.43320,,0.00100,39.02740,12.79250,12.79250,14.36730,10.86030,0.30640,1.19460,75.33770,4.54550,7.31540,3.32930,4.54550,6.01900,0.8889,0.3917
2016-09-30,82.35000,49.67300,32.67700,20.91000,,20.91000,11.76700,0.63300,12.40000,2.87200,9.52800,9.52800,9.53700,11.76700,11.76700,34.46400,35.45700,0.28000,0.27000,2.54120,0.00020,0.00140,39.68060,14.28900,14.28900,15.05770,11.58110,0.31380,1.10130,81.72350,4.83200,6.95510,3.63050,4.83090,,-0.2093,0.0588
2016-06-30,79.92600,47.16300,32.76300,20.31900,,20.31900,12.44400,-0.83200,11.61200,2.67400,8.93800,8.93800,8.92300,12.44400,12.44400,34.31700,35.23000,0.26000,0.25000,2.77170,0.00050,0.00180,40.99170,15.56940,15.56940,14.52840,11.16410,0.31440,1.17270,76.74540,4.87030,7.21490,3.51580,4.86790,,0.2093,-0.0588
2016-03-31,73.32600,41.35800,31.96800,17.76900,,17.76900,14.19900,-0.55800,13.64100,5.72500,7.91600,7.91600,7.94000,14.19900,14.19900,34.22300,35.15100,0.23000,0.23000,2.73830,0.00120,0.00270,43.59710,19.36420,19.36420,18.60320,10.82840,0.31460,1.19730,75.16820,4.68130,6.13310,3.39600,4.67560,,0.00000,
2015-12-31,71.56300,44.82000,26.74300,19.48000,,19.48000,7.26300,11.19000,18.49000,10.18000,8.31000,8.34500,8.34500,16.56300,7.26300,34.17700,35.23000,0.24000,0.24000,2.73430,0.00170,0.00340,37.39360,10.14910,10.14910,25.83740,11.66110,0.32110,1.10910,81.14500,5.20960,6.92850,3.74400,5.20090,4.68270,-0.1507,-0.5339
2015-09-30,67.11700,42.47400,24.64300,18.70500,,18.70500,5.93800,5.36500,11.30300,3.07300,8.23000,8.23000,8.23000,5.93800,5.93800,34.08000,35.14300,0.24000,0.23000,3.27010,0.00260,0.00490,36.71650,8.84720,8.84720,16.84070,12.26220,0.32170,1.51130,59.55120,5.26820,6.86290,3.94440,5.25440,,0,0
2015-06-30,60.60400,38.39300,22.21100,17.96100,,17.96100,4.25000,5.94300,10.19300,2.62000,7.57300,7.57300,7.57300,4.25000,4.25000,33.95200,34.89900,0.22000,0.22000,3.63790,0.00350,0.00630,36.64940,7.01270,7.01270,16.81900,12.49590,0.30870,1.41700,63.51560,5.15560,6.85220,3.85690,5.13700,,0,0
2015-03-31,54.51200,34.61400,19.89800,15.45700,1.82000,13.63700,6.26100,3.80200,10.06300,2.55800,7.50500,7.50500,7.50500,6.26100,6.26100,33.62100,34.48100,0.22000,0.22000,3.85220,0.00460,0.00790,36.50210,11.48560,11.48560,18.46020,13.76760,0.31950,1.38290,65.08290,5.50700,6.35590,4.39840,5.48170,,0.00000,
2014-12-31,55.11700,60.73300,-5.61600,28.79800,,27.29300,-32.90900,5.78500,55.11700,4.44100,55.11700,8.14800,8.14800,-32.90900,55.11700,33.37400,34.31500,0.24000,0.24000,3.66170,0.00600,0.01000,100.00000,-59.70750,100.00000,100.00000,14.78310,0.34210,1.01500,88.66590,6.39210,7.50210,5.05710,6.35370,3.79330,0.4164,0.0845
2014-09-30,51.95900,31.59000,20.36900,15.10000,,15.10000,5.26900,4.91000,10.17000,2.38000,7.79000,7.79000,7.79000,5.26900,5.26900,32.29400,33.37200,0.24000,0.23000,3.27930,0.00730,0.03270,39.18470,10.14070,10.14070,19.57310,14.99260,0.34270,1.36590,65.89040,6.76220,8.06670,5.13780,6.71150,,0,0
2014-06-30,49.40400,29.37000,20.03400,13.39000,,13.39000,6.64400,1.37000,8.01000,2.11000,5.90000,5.90100,5.90100,6.64400,6.64400,28.99500,29.94500,0.20000,0.20000,1.68460,0.01110,0.15740,40.52300,13.44830,13.44830,16.21330,11.94440,0.43650,1.31430,68.47830,8.49920,11.63450,5.21430,8.40360,,0,0
2014-03-31,43.12500,,43.12500,,,,43.12500,,43.12500,,43.12500,3.37200,3.37200,43.12500,43.12500,28.99500,29.95700,0.12000,0.11000,,,,100.00000,100.00000,100.00000,100.00000,7.81910,,,,,,,,,0.00000,
2013-12-31,46.23500,,46.23500,,,,46.23500,,46.23500,,46.23500,-3.71100,-3.71100,46.23500,46.23500,28.24500,29.13900,-0.13000,-0.13000,1.76920,0.15210,0.19680,100.00000,100.00000,100.00000,100.00000,-8.02640,0.41380,1.13430,79.34250,-6.20150,-9.12240,-3.32110,-5.25640,2.06450,0.0415,-0.1294
2013-09-30,40.36700,,40.36700,,,,40.36700,,40.36700,,40.36700,9.61700,9.61700,40.36700,40.36700,27.81800,29.83000,0.36000,0.33000,,,,100.00000,100.00000,100.00000,100.00000,23.82390,,,,,,,,,0,0
2013-06-30,37.37100,,37.37100,,,,37.37100,,37.37100,,37.37100,5.60500,5.60500,37.37100,37.37100,27.81800,29.85700,0.20000,0.19000,,,,100.00000,100.00000,100.00000,100.00000,14.99830,,,,,,,,,0,0
2013-03-31,34.35100,,34.35100,,,,34.35100,,34.35100,,34.35100,2.38900,2.38900,34.35100,34.35100,27.67900,29.76100,0.08000,0.08000,,,,100.00000,100.00000,100.00000,100.00000,6.95470,,,,,,,,,0.00000,
2012-12-31,,,,,,,,,,,,,,,,,,,0.00000,,,,,,,,,,,,,,,,,0,0
