Date,revenue,cost-goods-sold,gross-profit,selling-general-administrative-expenses,other-operating-income-expenses,operating-expenses,operating-income,total-non-operating-income-expense,pre-tax-income,total-provision-income-taxes,income-after-taxes,income-from-continuous-operations,net-income,ebitda,ebit,basic-shares-outstanding,shares-outstanding,eps-basic-net-earnings-per-share,eps-earnings-per-share-diluted,current-ratio,long-term-debt-capital,debt-equity-ratio,gross-margin,operating-margin,ebit-margin,pre-tax-profit-margin,net-profit-margin,asset-turnover,receiveable-turnover,days-sales-in-receivables,roe,return-on-tangible-equity,roa,roi,book-value-per-share,operating-cash-flow-per-share,free-cash-flow-per-share
2023-09-30,132.03700,35.99200,96.04500,98.85500,-11.65200,134.02100,-37.97600,-18.33600,-56.31200,-0.10800,-56.20400,-56.20400,-23.91000,-10.97800,-37.97600,9.48900,9.48900,-2.61000,-2.61000,1.59030,0.63960,1.77460,72.74100,-28.76160,-28.76160,-42.64870,-18.10860,0.09190,0.44260,203.35250,-13.89080,220.78910,-3.91010,-5.00650,18.08970,0.5521,0.2107
2023-06-30,142.77900,36.42200,106.35700,122.66000,-13.19800,159.37300,-53.01600,-17.28600,-70.30200,-0.07300,-70.22900,-70.22900,-28.94200,-25.85700,-53.01600,9.12200,9.12200,-3.27000,-3.27000,1.75070,0.60870,1.55590,74.49070,-37.13150,-37.13150,-49.23830,-20.27050,0.09630,0.43230,208.20480,-15.24200,-978.66990,-4.73800,-5.96360,20.72130,1.1514,0.8888
2023-03-31,183.15800,45.46200,137.69600,110.38800,-9.54300,143.44500,-5.74900,-16.83800,-22.58700,-0.04400,-22.54300,-22.54300,-9.17900,21.39100,-5.74900,8.96500,8.96500,-1.12000,-1.12000,1.78950,0.57800,1.40630,75.17880,-3.13880,-3.13880,-12.33200,-5.01150,0.11870,0.57390,156.81080,-4.30790,-48.79230,-1.46060,-1.81810,23.74850,2.28430,2.03600
2022-12-31,69.37600,20.62900,48.74700,144.49900,-11.52500,181.92500,-133.17800,-17.26700,-150.44500,0.29200,-150.73700,-150.73700,-62.34200,-105.86700,-133.17810,8.44500,8.44500,-7.29000,-7.29000,1.56170,0.58290,1.40710,70.26500,-191.96560,-191.96560,-216.85450,-89.86100,0.04180,0.20370,441.72200,-27.79080,-360.71790,-9.08440,-11.59220,24.65000,-4.3353,-4.5646
2022-09-30,133.05200,48.04400,85.00800,99.42500,-11.41100,144.14700,-59.13900,-15.51500,-74.65400,,-74.65400,-74.65400,-30.00500,-30.29200,-59.13900,8.82500,8.82500,-3.41000,-3.41000,1.83280,0.58370,1.40960,63.89080,-44.44800,-44.44800,-56.10890,-22.55130,0.06650,0.59730,150.68910,-10.83140,-45.21410,-3.72960,-4.50940,31.36510,10.7784,10.5719
2022-06-30,158.65400,51.07400,107.58000,149.36200,-35.74400,208.62100,-101.04100,-12.71100,-113.75200,,-113.75200,-113.75200,-43.81900,-73.91300,-101.04100,8.29600,8.29600,-5.28000,-5.28000,2.34690,0.55710,1.26500,67.80790,-63.68640,-63.68640,-71.69820,-27.61920,0.08360,0.66970,134.38510,-15.00050,-53.99250,-5.99310,-6.64310,34.52270,-6.2645,-6.6546
2022-03-31,270.59300,67.92300,202.67000,191.70500,-12.75900,227.97800,-25.30800,-11.46100,-36.76900,0.47200,-37.24100,-37.24100,-13.48300,1.30400,-25.30800,7.74700,7.74700,-1.74000,-1.74000,2.78060,0.52330,1.10380,74.89850,-9.35280,-9.35280,-13.58830,-4.98280,0.13780,1.17950,76.30040,-4.33060,-12.89490,-1.89720,-2.06450,40.15070,7.03320,6.25910
2021-12-31,449.60000,99.88600,349.71410,347.62400,-16.24000,772.86800,-423.15400,-8.92300,-432.07710,0.11800,-432.19500,-432.19500,-155.02600,-6.80500,-423.15400,7.06600,7.06600,-22.00240,-22.00240,1.97630,0.51280,1.05860,77.78340,-94.11790,-94.11790,-96.10250,-34.48090,0.21730,1.57240,57.23870,-48.42580,-145.11900,-20.89060,-23.59130,41.72660,-32.787,-33.0538
2021-09-30,211.73400,53.63200,158.10200,170.58100,-11.65100,206.80800,-48.70600,-6.89100,-55.59700,-0.07900,-55.51800,-55.51800,-20.24000,-21.14000,-48.70600,7.59970,7.59970,-2.69870,-2.69870,1.92960,0.33910,0.51640,74.67010,-23.00340,-23.00340,-26.25800,-9.55920,0.09940,1.49110,60.35880,-4.21300,-17.73440,-2.60570,-2.78420,61.60420,-4.8028,-6.1792
2021-06-30,196.90200,37.44200,159.46000,142.95900,-11.98300,178.45700,-18.99700,-20.25600,-39.25300,-0.03200,-39.22100,-39.22100,-12.00400,7.31900,-18.99700,6.82340,6.82340,-1.79910,-1.79910,2.60160,0.31540,0.46380,80.98450,-9.64800,-9.64800,-19.93530,-6.09640,0.09320,1.51000,59.60190,-2.87170,-11.61930,-1.85740,-1.96600,63.82770,-9.7923,-10.3441
2021-03-31,204.17900,48.37500,155.80400,121.26300,-9.61700,154.39400,1.41000,-8.70100,-7.29100,-0.03100,-7.26000,-7.26000,-2.08700,27.46100,1.41000,6.15930,6.15930,-0.29990,-0.29990,3.21930,0.30000,0.43150,76.30760,0.69060,0.69060,-3.57090,-1.02210,0.09730,1.69710,53.03320,-0.51970,-2.10290,-0.34600,-0.36380,65.22280,5.06590,4.45860
2020-12-31,445.92300,94.68200,351.24100,185.89600,-9.53000,209.41000,141.83100,-8.72600,133.10500,0.00500,133.10000,35.95700,35.95700,167.62700,141.83100,5.61570,21.42300,6.44680,6.14690,3.07620,0.29270,0.41680,78.76720,31.80620,31.80620,29.84930,8.06350,0.21150,2.16750,41.52300,2.56990,11.10210,1.70510,1.81770,65.30910,-10.4668,-9.0035
2020-09-30,163.36000,25.82700,137.53300,272.29500,-39.52000,335.32900,-197.79600,-8.63800,-206.43400,0.06200,-206.49600,-206.49600,-56.42000,-172.33300,-197.79600,5.61500,5.61500,-9.74510,-9.74510,,,,84.19010,-121.07980,-121.07980,-126.36750,-34.53720,,,,,,,,,5.7774,4.8319
2020-06-30,127.05700,36.55900,90.49800,60.38700,-21.00500,104.90600,-14.40800,-8.48100,-22.88900,-0.02200,-22.86700,-22.86700,-22.86700,10.77400,-14.40800,6.49320,6.49320,-3.52170,-3.52170,,,,71.22630,-11.33980,-11.33980,-18.01480,-17.99740,,,,,,,,,-0.6421,-1.8378
2020-03-31,141.01000,42.13400,98.87600,60.54200,-8.99300,93.04900,5.82700,-6.76600,-0.93900,-0.00200,-0.93700,-0.93700,-0.93700,30.36800,5.82700,,,,0.00000,,,,70.11980,4.13230,4.13230,-0.66590,-0.66450,,,,,,,,,0.00000,
2019-12-31,,,,,,,,,,,,,,,,,,,0.00000,,,,,,,,,,,,,,,,,0,0
2018-12-31,,,,,,,,,,,,,,,,,,,0.00000,,,,,,,,,,,,,,,,,0,0
