Date,revenue,cost-goods-sold,gross-profit,selling-general-administrative-expenses,other-operating-income-expenses,operating-expenses,operating-income,total-non-operating-income-expense,pre-tax-income,total-provision-income-taxes,income-after-taxes,income-from-continuous-operations,net-income,ebitda,ebit,basic-shares-outstanding,shares-outstanding,eps-basic-net-earnings-per-share,eps-earnings-per-share-diluted,current-ratio,long-term-debt-capital,debt-equity-ratio,gross-margin,operating-margin,ebit-margin,pre-tax-profit-margin,net-profit-margin,asset-turnover,inventory-turnover,receiveable-turnover,days-sales-in-receivables,roe,return-on-tangible-equity,roa,roi,book-value-per-share,operating-cash-flow-per-share,free-cash-flow-per-share
2023-09-30,280.68200,226.24100,54.44100,48.25000,,52.85200,1.58900,-8.98000,-7.39100,-1.80500,-5.58600,-5.58600,-5.58600,5.89200,1.58900,14.26340,14.26340,-0.48000,-0.48000,1.15930,0.27320,1.42850,19.39600,0.56610,0.56610,-2.63320,-1.99020,0.30660,0.58710,9.24630,9.73360,-2.10130,-4.09920,-0.61010,-1.26550,22.87020,2.0858,0.1078
2023-06-30,308.38000,240.65700,67.72300,50.48000,,54.93900,12.78400,-7.91800,4.86600,1.30600,3.56000,3.56000,3.56000,17.80700,12.78400,14.18200,14.29200,0.12000,0.12000,1.26540,0.21680,1.21930,21.96090,4.14550,4.14550,1.57790,1.15440,0.35970,0.61730,8.77550,10.25580,1.31090,2.23300,0.41520,0.85380,23.46600,3.1539,1.074
2023-03-31,295.65600,231.76500,63.89100,53.53200,,57.93500,5.95600,-6.37500,-0.41900,-0.14300,-0.27600,-0.27600,-1.46000,10.45000,5.95600,11.98900,11.98900,-0.12000,-0.17000,1.26640,0.21980,1.34920,21.60990,2.01450,2.01450,-0.14170,-0.49380,0.33670,0.55300,8.10840,11.09960,-0.10290,-0.17910,-0.03140,-0.06670,23.33910,-2.40490,-3.56540
2022-12-31,243.49010,187.79710,55.69300,48.96800,,53.38780,2.30510,-3.91000,-1.60500,-0.20500,-1.40000,-1.40000,-2.00500,6.90810,2.30510,11.70130,12.79780,-0.11000,0.09000,1.19320,0.25490,1.55660,22.87280,0.94670,0.94670,-0.65920,-0.82340,0.29310,0.49570,7.38630,12.18470,-0.59070,-1.10350,-0.16850,-0.35720,26.27750,-4.991,-6.1282
2022-09-30,333.75800,258.19400,75.56400,55.54100,,59.74300,15.82100,-5.12400,10.69700,3.03200,7.66500,7.66500,4.18400,20.08500,15.82100,11.13230,11.88400,0.38000,0.35000,1.30420,0.29460,1.45000,22.64040,4.74030,4.74030,3.20500,1.25360,0.41870,0.80830,10.80190,8.33180,3.30210,6.37950,0.96170,1.88320,27.01720,1.8346,0.8457
2022-06-30,373.55200,274.93500,98.61700,61.60500,,65.65700,32.96000,6.26700,39.22700,7.38300,31.84400,31.84400,20.02800,37.09000,32.96000,11.39500,12.87100,1.76000,0.81000,1.34570,0.29180,1.42380,26.39980,8.82340,8.82340,10.50110,5.36150,0.47010,0.85450,9.14520,9.84130,13.85840,26.01120,4.00710,7.91940,25.99630,-1.6185,-2.2221
2022-03-31,376.16100,277.34400,98.81700,56.10400,,60.18800,38.62900,-1.37200,37.25700,8.97300,28.28400,28.28400,18.41100,42.82100,38.62900,12.79800,20.56100,1.44000,1.17000,1.35620,0.29710,1.29590,26.26990,10.26930,10.26930,9.90450,4.89440,0.49970,0.97660,7.28300,12.35750,13.06780,26.93250,3.75700,7.32500,22.52660,-0.84790,-1.23190
2021-12-31,322.53590,239.64100,82.89490,54.05800,,56.66500,26.23000,-3.38800,22.84200,5.94300,16.89900,16.89900,10.45300,30.44800,26.23000,11.40270,12.85230,0.87000,1.32000,1.41030,0.30790,1.20960,25.70100,8.13240,8.13240,7.08200,3.24090,0.46200,0.98660,10.10890,8.90300,8.19840,18.17270,2.42060,4.47940,20.10530,-5.5623,-6.0797
2021-09-30,318.72800,228.46500,90.26300,47.72900,-0.67800,52.12400,38.13900,0.15600,38.29500,7.32600,30.96900,30.96900,19.54100,41.94000,38.13900,11.55640,14.92450,1.69000,1.16000,1.42340,0.30600,0.87630,28.31980,11.96600,11.96600,12.01500,6.13090,0.56680,1.62330,10.27560,8.75860,17.23480,48.86010,5.50740,9.15810,20.36350,-0.1634,-0.6486
2021-06-30,322.79100,236.57700,86.21400,45.10300,-0.47500,48.91200,37.30200,-2.49700,34.80500,9.49600,25.30900,25.30900,15.55200,40.68700,37.30200,10.97790,14.08230,1.42000,1.10000,1.54550,0.30830,0.88840,26.70890,11.55610,11.55610,10.78250,4.81800,0.67240,2.71130,8.44270,10.66010,17.88850,32.80150,5.27180,8.91070,18.33860,4.7184,4.1719
2021-03-31,270.99300,206.87500,64.11800,38.09500,-0.37500,41.69500,22.42300,-8.10200,14.32100,5.47700,8.84400,8.84400,4.92800,25.69100,22.42300,10.89720,20.29770,0.45000,0.35000,1.31980,0.34050,1.21490,23.66040,8.27440,8.27440,5.28460,1.81850,0.57850,1.83840,9.05820,9.93580,7.67480,17.82990,1.88800,3.42670,16.03400,1.22290,1.13110
2020-12-31,196.57200,152.35800,44.21400,30.02400,-0.40100,33.61910,10.59490,-6.03400,4.56100,2.34400,2.21700,2.21700,0.08400,17.40290,10.59490,9.80980,18.08930,0.01000,-0.07000,1.17050,0.38260,1.55230,22.49250,5.38980,5.38990,2.32030,0.04270,0.44270,1.31040,9.20190,9.78050,2.59250,9.78940,0.49930,0.97420,14.76650,-6.9901,-7.352
2020-09-30,215.72300,166.38100,49.34200,28.81700,-0.23300,31.81000,17.53200,-9.64800,7.88400,4.18400,3.70000,3.70000,1.14000,20.33400,17.53200,9.75320,10.80740,0.12000,0.11000,1.28260,0.35360,1.11050,22.87290,8.12710,8.12710,3.65470,0.52850,0.54210,2.32550,10.42290,8.63480,3.92720,9.25390,0.92990,1.60310,15.78480,4.5243,3.9263
2020-06-30,213.96100,170.00800,43.95300,28.61500,-0.04500,31.33100,12.62200,-4.77600,7.84600,2.53600,5.31000,5.31000,2.47300,15.33500,12.62200,9.71570,9.71570,0.25000,0.25000,1.31570,0.36990,1.33550,20.54250,5.89920,5.89920,3.66700,1.15580,0.51590,1.69530,6.94340,12.96190,6.31080,13.89070,1.28040,2.25530,17.64760,6.9528,6.8334
2020-03-31,190.85400,149.38100,41.47300,31.79800,-0.25600,34.69100,6.78200,-2.08300,4.69900,1.30000,3.39900,3.39900,1.20000,9.46200,6.78200,9.75700,9.75700,0.12000,0.12000,1.19030,0.35180,1.62780,21.73020,3.55350,3.55350,2.46210,0.62880,0.44580,0.97450,11.58590,7.76810,4.39670,10.28160,0.79390,1.57540,16.68000,1.65290,1.97650
2019-12-31,144.90700,115.69700,29.21000,27.28800,-0.35700,30.39100,-1.18100,1.30200,0.12100,-3.12800,3.24900,3.24900,2.00800,1.57000,-1.18100,9.78200,9.78200,0.20000,0.20000,1.21140,0.36860,1.69650,20.15770,-0.81500,-0.81500,0.08350,1.38570,0.35640,0.71920,8.86230,10.15540,4.35040,11.71110,0.79900,1.51320,16.08450,-2.8253,-3.7444
2019-09-30,158.40200,127.85800,30.54400,26.85600,-0.19300,29.78100,0.76300,-2.30800,-1.54500,0.94100,-2.48600,-2.48600,-4.06700,3.53500,0.76300,9.81100,9.81100,-0.41000,-0.41000,1.32510,0.37290,1.43380,19.28260,0.48170,0.48170,-0.97540,-2.56750,0.42280,1.01300,7.40230,12.15840,-3.23750,-9.16940,-0.66360,-1.14580,16.06010,0.7858,0.5848
2019-06-30,168.54600,133.06800,35.47800,26.26300,-0.08700,28.99000,6.48800,-2.53100,3.95700,2.09900,1.85800,1.85800,0.20500,9.17100,6.48800,9.81100,9.81100,0.02000,0.02000,1.41770,0.36920,1.31400,21.04940,3.84940,3.84940,2.34770,0.12160,0.47100,1.12250,8.28850,10.85850,2.33510,5.76180,0.51920,0.85380,16.20170,3.0371,2.7564
2019-03-31,173.05700,136.11000,36.94700,27.96600,-0.22800,30.88900,6.05800,-3.02900,3.02900,1.18500,1.84400,1.84400,0.40900,8.88500,6.05800,9.69500,9.69500,0.04000,0.04000,1.29640,0.37230,1.55320,21.34960,3.50060,3.50060,1.75030,0.23630,0.44330,0.95020,6.37580,14.11600,2.36040,6.51060,0.47230,0.86190,15.85120,2.98130,2.66080
2018-12-31,125.85300,99.14700,26.70600,24.18400,-0.15900,26.92300,-0.21700,-2.65700,-2.87200,-0.44800,-2.42400,-2.42400,-3.63400,2.24000,-0.21700,9.66800,9.66800,-0.35000,-0.35000,1.25720,0.37700,1.73580,21.22000,-0.17250,-0.17240,-2.28200,-2.88750,0.31300,0.59240,6.42210,14.01420,-3.17070,-9.90110,-0.60280,-1.14890,15.51380,-2.3816,-2.6088
2018-09-30,142.38300,112.10900,30.27400,26.65000,-0.24300,29.42500,0.84900,-2.43700,-1.58800,1.14100,-2.72900,-2.72900,-3.93900,3.43200,0.84900,9.66800,9.66800,-0.41000,-0.41000,1.40910,0.36840,1.41620,21.26240,0.59630,0.59630,-1.11530,-2.76650,0.38910,0.88130,5.94580,15.13690,-3.52340,-7.74430,-0.74580,-1.30160,15.63220,0.4679,0.3793
2018-06-30,162.11400,126.36800,35.74600,27.56200,-0.25200,30.50500,5.24100,-2.22300,3.01800,1.17600,1.84200,1.84200,0.62700,7.98800,5.24100,9.66800,9.66800,0.04000,0.04000,1.47340,0.34950,1.27720,22.04990,3.23290,3.23290,1.86170,0.38680,0.46680,1.09630,6.28980,14.30880,2.34550,4.88210,0.53040,0.89750,15.75980,0.7678,0.72
2018-03-31,177.84400,138.90400,38.94000,27.18600,-3.24400,32.04300,6.89700,-2.70300,4.19400,1.16700,3.02700,3.02700,-0.57500,9.03900,6.89700,9.66800,9.66800,-0.06000,-0.06000,1.41320,0.35760,1.34520,21.89560,3.87810,3.87810,2.35820,-0.32330,0.50690,1.15550,7.16480,12.56150,4.02190,9.08630,0.86270,1.49060,15.39860,0.59330,0.51420
2017-12-31,136.53800,113.60300,22.93500,96.28890,-1.80900,344.64270,-321.70770,-8.85680,-5.92600,-2.34200,4.16950,4.16950,8.56340,-320.17070,13.01830,,,,0.00000,1.10840,0.54500,3.31140,16.79750,-235.61770,9.53460,-4.34020,6.27180,0.55380,0.99500,6.85740,13.12450,8.20240,-1701.80700,1.69120,3.73210,15.25140,0.3022,0.3022
2017-11-30,,,,0.53690,,,133.55020,0.07620,-20.03510,,-4.85460,-4.85460,-0.46070,133.55020,-10.02380,1.78400,1.78400,-0.26000,-0.26000,,,,,,,,,,,,,,,,,,-0.3022,-0.3022
2017-09-30,143.57400,108.83800,34.73600,23.55100,-0.39000,25.44800,9.28800,-2.25500,7.03300,2.75000,4.28300,4.28300,4.28300,10.79800,9.28800,,,,0.00000,,,,24.19380,6.46910,6.46910,4.89850,2.98310,,,,,,,,,,0.2205,0.2205
2017-08-31,,,,0.19880,,,-0.19880,0.08800,-0.11080,,-0.11080,-0.11080,-0.11080,-0.19880,-0.19880,1.78500,1.78500,-0.06000,-0.06000,1.38750,,0.00250,,,,,,,,,,-0.27240,-0.27240,-0.27090,-0.27240,22.68220,-0.2205,-0.2205
2017-06-30,164.76100,130.95600,33.80500,25.60900,-0.06800,25.67700,8.12800,-2.26800,5.86000,2.23200,3.62800,3.62800,3.62800,9.81900,8.12800,,,,0.00000,,,,20.51760,4.93320,4.93320,3.55670,2.20200,,,,,,,,,,0.112,0.112
2017-05-31,,,,0.08670,,,-0.08670,0.06820,-0.01850,,-0.01850,-0.01850,-0.01850,-0.08670,-0.08670,1.78200,1.78200,-0.01000,-0.01000,2.16020,,0.00070,,,,,,,,,,-0.04530,-0.04530,-0.04510,-0.04530,22.85860,-0.112,-0.112
2017-03-31,169.96500,134.30400,35.66100,27.03300,-0.04600,27.07900,8.58200,-2.16200,6.42000,2.44500,3.97500,3.97500,3.97500,10.24500,8.58200,,,,0.00000,,,,20.98140,5.04930,5.04930,3.77720,2.33870,,,,,,,,,,0.00000,
2017-02-28,,,,0.17860,,,-0.17860,0.04650,-0.13210,,-0.13210,-0.13210,-0.13210,-0.17860,-0.17860,1.77200,1.77200,-0.07000,-0.07000,2.70750,,,,,,,,,,,,-0.32350,-0.32350,-0.32250,-0.32350,22.90750,-0.06880,-0.06880
2016-11-30,,,,,,,,,,,,,,,,,,,0.00000,,,,,,,,,,,,,,,,,,0.4225,0.4225
2016-08-31,,,,0.11370,,,-0.11370,0.03230,-0.08130,,-0.08130,-0.08130,-0.08130,-0.11370,-0.11370,1.76400,1.76400,-0.05000,-0.05000,26.45990,,,,,,,,,,,,-0.19830,-0.19830,-0.19820,-0.19830,23.24000,0.1023,0.1023
2016-05-31,,,,0.12440,,,-0.12440,0.03420,-0.09020,,-0.09020,-0.09020,-0.09020,-0.12440,-0.12440,1.75200,1.75200,-0.05000,-0.05000,8.24860,,,,,,,,,,,,-0.21950,-0.21950,-0.21920,-0.21950,23.29930,-0.0538,-0.0538
2016-02-29,,,,0.18970,,,-0.18970,0.06750,-0.12210,,-0.12210,-0.12210,-0.12210,-0.18970,-0.18970,1.73300,1.73300,-0.07000,-0.07000,7.57990,,,,,,,,,,,,-0.29650,-0.29650,-0.29590,-0.29650,23.52380,-0.47100,-0.47100
2015-12-31,,,,,,,,,,,,,,,,,,,0.00000,,,,,,,,,,,,,,,,,,0,0
2015-11-30,,,,,,,,,,,,,,,,,,,0.00000,,,,,,,,,,,,,,,,,,0,0
2015-09-30,,,,,,,,,,,,,,,,,,,0.00000,,,,,,,,,,,,,,,,,,0,0
