Date,revenue,cost-goods-sold,gross-profit,selling-general-administrative-expenses,other-operating-income-expenses,operating-expenses,operating-income,total-non-operating-income-expense,pre-tax-income,total-provision-income-taxes,income-after-taxes,income-from-continuous-operations,income-from-discontinued-operations,net-income,ebitda,ebit,basic-shares-outstanding,shares-outstanding,eps-basic-net-earnings-per-share,eps-earnings-per-share-diluted,current-ratio,long-term-debt-capital,debt-equity-ratio,gross-margin,operating-margin,ebit-margin,pre-tax-profit-margin,net-profit-margin,asset-turnover,inventory-turnover,receiveable-turnover,days-sales-in-receivables,roe,return-on-tangible-equity,roa,roi,book-value-per-share,operating-cash-flow-per-share,free-cash-flow-per-share
2024-03-31,2420.18700,922.39000,1497.79700,1045.54500,,1045.54500,452.25200,-126.21900,326.03300,19.38200,306.65100,323.06200,,313.30700,946.27100,452.25200,256.92600,257.58800,1.22000,1.22000,0.91950,0.40530,0.79850,61.88770,18.68670,18.68670,13.47140,12.94560,0.04670,,2.29580,39.20250,1.41430,-2.36120,0.62400,0.84110,89.53470,1.61620,1.05160
2023-12-31,2433.81200,922.28500,1511.52700,1015.16400,2.35100,1012.81300,498.71360,-130.80600,367.90810,9.27200,358.63600,372.43200,,361.29600,980.29660,498.71370,261.12600,261.69800,1.38000,1.37000,0.99360,0.40270,0.74290,62.10530,20.49110,20.49110,15.11650,14.84490,0.04810,,2.17290,41.41940,1.59980,-2.73200,0.73650,0.95560,89.40500,2.4945,1.8988
2023-09-30,2475.69100,915.53100,1560.16000,1001.96400,,1001.96400,558.19590,-140.36200,417.83400,58.93600,358.89800,376.60500,,361.83000,1048.21700,558.19590,260.23200,260.93500,1.39000,1.39000,1.08960,0.42210,0.76530,63.01920,22.54710,22.54710,16.87750,14.61530,0.05060,,2.29670,39.18700,1.66020,-2.67250,0.76980,0.95940,87.12870,1.6424,0.9898
2023-06-30,2452.46900,941.95200,1510.51700,1013.51400,105.73800,907.77600,602.74100,-163.47900,439.26200,172.21100,267.05100,284.20600,,274.14800,1094.64800,602.74100,260.82700,261.32800,1.05000,1.05000,1.07830,0.43090,0.78430,61.59170,24.57690,24.57690,17.91100,11.17850,0.05090,,2.11550,42.54240,1.26790,-1.91810,0.59020,0.72150,86.22790,2.1774,1.5273
2023-03-31,2292.44700,947.75300,1344.69400,1043.12600,-244.83300,1287.95900,56.73510,-111.79200,-55.05700,-31.39900,-23.65800,-4.42000,,-11.04100,493.32110,56.73510,263.11500,263.11500,-0.04000,-0.04000,0.91970,0.42550,0.81520,58.65760,2.47490,2.47490,-2.40170,-0.48160,0.04710,,2.14810,41.89660,-0.01980,0.02920,-0.00910,-0.01140,85.29120,2.27860,1.66210
2022-12-31,2252.98300,927.91080,1325.07300,919.49290,2.04990,917.44320,407.62930,-113.23400,294.39610,47.44500,246.95100,258.56210,,249.30500,836.97220,407.62960,275.19100,275.57600,0.90000,0.90000,0.91530,0.35280,0.63020,58.81420,18.09290,18.09290,13.06690,11.06560,0.05030,,2.25670,39.88040,1.14710,-2.47690,0.57700,0.74240,85.67750,2.5719,2.0201
2022-09-30,2285.37100,931.24900,1354.12200,918.75700,-48.93300,967.69000,386.43200,-114.79100,271.64100,14.25500,257.38600,300.16600,,290.45400,819.88420,386.43200,275.03000,275.43500,1.06000,1.05000,0.96070,0.34950,0.60720,59.25170,16.90890,16.90890,11.88610,12.70930,0.05200,,2.28940,39.31130,1.31230,-2.87080,0.68310,0.85360,84.61810,1.2642,0.7467
2022-06-30,2280.90600,962.29900,1318.60700,863.17900,-985.28600,1848.46500,-529.85820,-96.23200,-626.09000,52.77600,-678.86600,-665.05100,,-672.99900,-75.07520,-529.85820,278.18100,278.18100,-2.42000,-2.42000,0.87210,0.31220,0.52690,57.81070,-23.23020,-23.23020,-27.44920,-29.50580,0.05160,,2.30590,39.03080,-2.77380,6.79130,-1.50550,-1.90780,86.54760,2.0774,1.4651
2022-03-31,2156.25400,957.15800,1199.09600,823.14900,,823.14900,375.94690,-91.57200,284.37500,52.21800,232.15700,249.63600,,244.73300,830.52490,375.94690,282.10000,282.56700,0.87000,0.87000,1.05860,0.31580,0.48600,55.61020,17.43520,17.43520,13.18840,11.34990,0.04750,,2.21620,40.61050,0.98300,-2.33500,0.54940,0.67250,90.23360,2.22960,1.67710
2021-12-31,2193.98100,967.99720,1225.98400,905.00790,,905.00780,320.97610,-84.45600,236.52000,37.43400,199.08610,217.17800,,208.45300,771.39810,320.97600,292.65500,293.66900,0.73000,0.73000,1.05560,0.30620,0.46300,55.87940,14.62990,14.62980,10.78040,9.50110,0.04850,,2.31860,38.81630,0.83950,-2.05320,0.47960,0.58250,90.84960,2.5374,2.0571
2021-09-30,2202.33700,944.17200,1258.16500,858.08200,,858.08200,400.08300,-75.86700,324.21600,50.11700,274.09900,305.46300,,296.73600,842.78210,400.08300,291.50200,292.50700,1.02000,1.01000,1.15060,0.28900,0.43020,57.12860,18.16630,18.16630,14.72150,13.47370,0.04810,,2.43580,36.94840,1.15910,-3.20870,0.66760,0.82410,90.84980,3.1848,2.7271
2021-06-30,2137.43700,936.31000,1201.12700,838.56900,,838.56900,362.55810,-75.10100,287.45700,60.80800,226.64900,266.81300,,263.59000,807.52610,362.55810,294.91400,296.13900,0.89000,0.89000,1.11880,0.27560,0.40060,56.19470,16.96230,16.96230,13.44870,12.33210,0.04730,,2.43320,36.98770,0.99370,-2.84240,0.59100,0.71980,91.41940,1.7333,1.2814
2021-03-31,1990.00700,925.24600,1064.76100,789.50200,,789.50200,275.25890,-78.90700,196.35200,20.67500,175.67700,198.41000,,196.68100,721.88190,275.25890,296.42500,297.67100,0.66000,0.66000,1.18530,0.26400,0.37820,53.50540,13.83210,13.83210,9.86690,9.88340,0.04500,,2.41270,37.30340,0.73920,-2.27780,0.44830,0.54400,90.94180,2.01370,1.72420
2020-12-31,1930.19300,922.19520,1007.99800,756.01690,,756.01680,251.98080,-76.79800,175.18300,17.98100,157.20200,184.81800,,182.64300,679.28770,251.98100,299.22200,300.51600,0.61000,0.61000,1.00950,0.23550,0.35120,52.22270,13.05470,13.05470,9.07590,9.46240,0.04370,,2.43040,37.03020,0.67240,-2.20010,0.41810,0.51400,92.13580,2.5598,2.2045
2020-09-30,1917.81500,900.92100,1016.89400,726.47500,,726.47500,290.41890,-52.99300,237.42600,42.83400,194.59200,230.23000,,220.97100,717.13600,290.41890,299.25500,300.49100,0.74000,0.74000,1.12530,0.23180,0.34720,53.02360,15.14320,15.14320,12.38000,11.52200,0.04300,,2.33300,38.57670,0.82330,-2.86600,0.51680,0.63250,93.43490,1.9425,1.5402
2020-06-30,1671.95200,893.74000,778.21200,670.63800,,670.63800,107.57410,-80.06800,27.50600,0.83600,26.67000,39.44400,,37.33100,529.58110,107.57410,299.14000,300.24600,0.12000,0.12000,1.02880,0.23400,0.35150,46.54510,6.43400,6.43400,1.64510,2.23280,0.03800,,2.11990,42.45500,0.14270,-0.45940,0.08960,0.10930,92.34270,1.7471,1.4015
2020-03-31,1903.59800,933.87100,969.72710,725.74800,,725.74800,243.97910,-90.13800,153.84100,15.50200,138.33900,150.60800,,143.57500,660.53520,243.97910,299.38800,300.83800,0.48000,0.48000,1.34030,0.25930,0.36630,50.94180,12.81670,12.81670,8.08160,7.54230,0.04340,,2.38010,37.81360,0.54730,-1.68150,0.34350,0.40530,92.03850,1.45120,1.10280
2019-12-31,1987.76000,1038.57700,949.18320,753.02100,,753.02100,196.16220,-72.97600,123.18600,22.42600,100.76000,114.30100,,102.77000,615.30730,196.16200,198.29800,199.13400,0.15000,0.14000,1.21990,0.24470,0.34180,47.75140,9.86850,9.86850,6.19720,5.17010,0.04470,,2.22040,40.53350,0.40740,-1.29020,0.25700,0.30770,93.44620,-0.6138,-1.0275
2019-09-30,1105.94100,427.72000,678.22110,504.18400,,504.18400,174.03700,-84.92900,89.10800,-16.62300,105.73100,105.73100,,95.04400,373.59510,174.03700,177.03900,177.54300,0.54000,0.54000,1.16560,0.24330,0.34230,61.32520,15.73660,15.73660,8.05720,8.59390,0.02450,,1.27390,70.64750,0.37820,-1.17700,0.23390,0.28620,93.01680,6.0275,5.7429
2019-06-30,935.15200,302.27600,632.87600,411.15000,,411.15000,221.72600,-59.44000,162.28600,32.24700,130.03900,130.03900,,120.45800,382.96690,221.72600,156.76800,157.26200,0.77000,0.77000,1.01430,0.54500,1.41020,67.67630,23.71020,23.71020,17.35400,12.88110,0.06410,,2.36990,37.97700,3.11460,-2.90340,0.89170,1.41720,26.64830,0.1191,-0.3798
2019-03-31,883.03900,305.23000,577.80900,378.31700,,378.31700,199.49200,-56.14700,143.34500,24.14000,119.20500,119.20500,,112.34100,363.96900,199.49200,157.51900,158.01800,0.71000,0.71000,1.03400,0.55520,1.43520,65.43410,22.59150,22.59150,16.23310,12.72210,0.05990,,2.31400,38.89380,2.87760,-2.58640,0.80820,1.28000,26.36330,1.45380,1.10500
2018-12-31,880.55500,313.07100,567.48390,400.49800,,400.49800,166.98600,-52.61500,114.37100,31.04800,83.32300,83.32300,,75.21500,334.61100,166.98600,158.67200,159.27100,0.47000,0.48000,1.03290,0.54500,1.39280,64.44620,18.96370,18.96370,12.98850,8.54180,0.06660,,2.52740,35.60940,1.99040,-1.79440,0.62980,0.90550,26.50220,2.7797,2.4239
2018-09-30,857.67000,265.01300,592.65700,369.49500,,369.49500,223.16200,-43.22200,179.94000,-6.08900,186.02900,186.02900,,176.37000,360.66500,223.16200,158.16800,158.70600,1.12000,1.11000,1.03440,0.52990,1.31390,69.10080,26.01960,26.01960,20.98010,20.56390,0.06200,,2.66640,33.75400,4.45520,-4.39340,1.34420,2.09420,26.39660,0.9914,0.6509
2018-06-30,833.16400,264.54400,568.62000,377.88300,,377.88300,190.73700,-45.15200,145.58500,27.85600,117.72900,117.72900,,109.06900,328.00700,190.73700,159.00300,159.67700,0.69000,0.68000,1.08760,0.51450,1.21440,68.24830,22.89310,22.89310,17.47380,13.09090,0.06770,,2.62640,34.26690,2.93150,-3.22260,0.95720,1.42340,25.40630,1.3956,1.0262
2018-03-31,794.97700,252.38600,542.59100,386.42100,,386.42100,156.17000,-33.91100,122.25900,24.67300,97.58600,97.58600,,91.39900,288.12600,156.17000,159.32100,160.03500,0.57000,0.57000,1.06370,0.50220,1.14300,68.25240,19.64460,19.64460,15.37890,11.49710,0.06160,,2.75940,32.61620,2.35730,-2.65800,0.75630,1.17340,25.94940,1.77800,1.50450
2017-12-31,1054.25400,509.06910,545.18510,395.61010,,395.60990,149.57520,-41.54900,108.02600,-142.28000,250.30600,250.30600,,241.96300,282.99820,149.57520,154.65200,155.52800,1.55000,1.54000,1.12790,0.53490,1.33530,51.71290,14.18780,14.18780,10.24670,22.95110,0.08110,,3.49220,25.77160,6.31250,-6.38460,1.92570,2.93630,24.91040,0.9771,0.6867
2017-09-30,1038.90700,493.88300,545.02400,372.55300,,372.55300,172.47090,-38.41700,134.05400,15.69200,118.36200,118.36200,,110.74000,299.30190,172.47090,154.56000,155.40200,0.72000,0.71000,1.13650,0.55870,1.42320,52.46130,16.60120,16.60120,12.90340,10.65930,0.08460,,3.50550,25.67400,3.20330,-2.78490,0.96370,1.41360,23.27340,0.5717,0.2756
2017-06-30,962.24000,469.14900,493.09100,361.23900,,361.23900,131.85200,-46.52900,85.32300,12.88000,72.44300,72.44300,,66.90900,249.86600,131.85200,152.52500,153.55500,0.44000,0.44000,1.19900,0.58150,1.52440,51.24410,13.70260,13.70260,8.86710,6.95350,0.09590,,3.33930,26.95150,2.41100,-1.90010,0.72180,1.00890,19.69520,-0.1724,-0.2125
2017-03-31,919.76200,455.93600,463.82600,358.85600,,358.85600,104.97000,-39.69000,65.28000,12.32100,52.95900,52.95900,,48.81300,222.95100,104.97000,152.30400,153.25500,0.32000,0.32000,1.14640,0.59470,1.62590,50.42890,11.41270,11.41270,7.09750,5.30710,0.09230,,3.38140,26.61590,1.84120,-1.33050,0.53170,0.74620,18.86060,1.91810,1.61660
2016-12-31,436.07390,19.41210,416.66180,221.27010,,4.26110,412.40080,-13.64800,77.68400,19.97000,108.24500,87.94800,,55.27900,356.41170,138.12680,132.28400,133.16700,0.55000,0.54000,1.09260,0.60520,1.73810,95.54850,94.57130,31.67510,17.81440,12.67650,0.04090,,1.58550,56.76300,3.16430,-2.13800,0.82470,1.24920,18.26280,3.1954,3.0483
2016-11-30,941.82100,468.38300,473.43800,368.17100,,368.17100,105.26700,-51.09500,54.17200,1.55700,52.61500,52.61500,,49.45200,221.94100,105.26700,153.17300,153.99100,0.32000,0.32000,1.16520,0.60640,1.77080,50.26840,11.17700,11.17700,5.75180,5.25070,0.09310,,3.42460,26.28050,1.87790,-1.27160,0.52030,0.73920,18.40080,-1.1209,-0.9987
2016-09-30,951.88500,469.98000,481.90500,361.51600,,361.51600,120.38900,-44.14400,76.24500,14.02100,62.22400,62.22400,,55.51000,234.92900,120.38900,153.66800,154.53000,0.36000,0.36000,,,,50.62640,12.64740,12.64740,8.00990,5.83160,,,,,,,,,,1.3726,0.9769
2016-08-31,939.49200,462.62600,476.86600,355.76000,,355.76000,121.10600,-0.60400,120.50200,28.04400,92.45800,92.45800,,85.09300,235.64600,121.10600,153.90100,154.87500,0.55000,0.55000,1.15800,0.59620,1.65350,50.75790,12.89060,12.89060,12.82630,9.05730,0.09180,,3.18880,28.22350,3.18250,-2.22480,0.90310,1.28510,18.90380,-0.6634,-0.5099
2016-06-30,842.64400,406.87300,435.77100,374.61000,,374.61000,61.16100,5.96800,67.12900,-0.00400,67.13300,67.13300,,62.23300,75.59300,61.16100,148.33800,149.41800,0.42000,0.42000,,,,51.71470,7.25820,7.25820,7.96650,7.38540,,,,,,,,,,1.6685,1.2478
2016-05-31,,,,,,,,,,,,,,,,,,,,0.00000,,,,,,,,,,,,,,,,,,-1.6,-1.4127
2016-03-31,626.25900,248.18700,378.07200,283.49900,,283.49900,94.57300,-11.79300,82.78000,19.33300,63.44700,63.44700,,59.91100,211.24700,94.57300,129.26800,130.13700,0.46000,0.46000,,,,60.36990,15.10130,15.10130,13.21820,9.56650,,,,,,,,,,1.60000,1.41270
2016-02-29,679.94000,258.72800,421.21200,313.40700,,313.40700,107.80500,-12.20800,95.59700,22.68500,72.91200,72.91200,,69.06100,224.47900,107.80500,129.28700,130.16000,0.53000,0.53000,1.18130,0.65230,2.16640,61.94840,15.85510,15.85510,14.05960,10.15690,0.14470,,3.76860,23.88160,7.65280,-5.83440,1.55160,2.66060,7.37090,6.74570,6.30360
2015-11-30,722.35000,270.56500,451.78500,328.62000,,328.62000,123.16500,-12.83400,110.33100,27.25300,83.07800,83.07800,,78.77100,225.97700,123.16500,129.50500,130.35300,0.61000,0.60000,1.17120,0.67410,2.80850,62.54380,17.05060,17.05060,15.27390,10.90480,0.13560,,3.42760,26.25720,8.97070,-6.30800,1.55920,2.92330,7.15900,-0.4313,-0.5808
2015-08-31,748.79600,272.66600,476.13000,338.35800,,338.35800,137.77200,-12.10100,125.67100,32.62300,93.04800,93.04800,,86.64600,137.77200,137.77200,130.32800,131.14600,0.66000,0.66000,1.14930,0.67810,2.49550,63.58610,18.39910,18.39910,16.78310,11.57140,0.13680,,3.48070,25.85660,10.14540,-6.77550,1.70020,3.26580,7.06140,3.9147,3.7861
2015-05-31,,,,,,,,,,,,,,,,,,,,0.00000,,,,,,,,,,,,,,,,,,-2.5784,-2.1569
2015-02-28,664.98300,250.25500,414.72800,310.11300,,310.11300,104.61490,-12.26900,92.34600,23.03100,69.31500,69.31500,,62.56800,207.42690,104.61490,133.78000,134.61200,0.47000,0.46000,1.28200,0.62150,2.18270,62.36670,15.73200,15.73200,13.88700,9.40900,0.16550,44.79240,3.87790,23.20830,7.36120,-6.94990,1.72500,2.78640,7.08440,2.57840,2.15690
2014-11-30,697.29100,257.79600,439.49500,315.51100,,315.51100,123.98400,-9.06800,114.91600,29.66000,85.25600,85.25600,,74.78100,211.18200,123.98400,134.75400,135.47400,0.55000,0.55000,1.20830,0.60320,2.08540,63.02890,17.78080,17.78080,16.48040,10.72450,0.15350,32.21650,3.52830,25.50830,8.34010,-8.48850,1.87720,3.30920,7.62510,2.1376,2.0242
2014-08-31,704.89500,259.83900,445.05600,320.65800,,320.65790,124.39810,-9.81800,114.58000,30.14600,84.43400,84.43400,,75.36600,124.39810,124.39810,136.29200,137.23400,0.55500,0.55000,1.27050,0.56470,1.93570,63.13790,17.64780,17.64780,16.25490,10.69180,0.16240,45.90800,3.39870,26.48040,7.88720,-11.03530,1.94580,3.43330,7.90950,-0.4625,-0.5948
2014-05-31,,,,,,,,,,,,,,,,,,,,0.00000,,,,,,,,,,,,,,,,,,-2.1703,-1.7473
2014-02-28,616.45200,232.93700,383.51500,286.22400,,286.22400,97.29100,-13.51300,83.77800,23.65700,60.12100,60.12100,,55.12100,184.48900,97.29100,143.67000,144.86800,0.38500,0.38000,2.22860,0.49770,1.20000,62.21330,15.78240,15.78240,13.59040,8.94170,0.17840,31.84370,3.50780,25.65690,4.75750,-36.28920,1.73980,2.38980,8.81730,2.17030,1.74730
2013-11-30,634.12200,235.17000,398.95200,294.04500,,287.04500,111.90700,-2.73700,109.17000,29.31300,79.85700,79.85700,,73.89700,194.85400,111.90700,144.34800,145.41200,0.51000,0.51000,1.30850,0.42820,1.17030,62.91410,17.64760,17.64760,17.21590,11.65340,0.15930,26.46520,3.22790,27.88190,6.48360,-37.85120,2.00570,3.70700,8.56420,2.9872,2.8404
2013-08-31,629.68500,230.74500,398.94000,291.55600,,291.55600,107.38400,-4.54100,102.84300,31.13500,71.70800,71.70800,,64.64300,107.38400,107.38400,147.53000,148.57800,0.44000,0.43500,1.52190,0.45370,1.16300,63.35550,17.05360,17.05360,16.33250,10.26590,0.17990,34.55820,3.31880,27.11830,5.95240,-31.16070,2.04910,3.25200,8.26030,-0.1561,-0.2924
2013-05-31,,,,,,,,,,,,,,,,,,,,0.00000,,,,,,,,,,,,,,,,,,-1.3072,-0.8283
2013-02-28,578.74600,217.46500,361.28100,271.69600,,270.50700,90.77400,-4.52700,86.24700,23.43300,62.81400,62.81400,,58.46200,173.72090,90.77400,155.51200,156.64800,0.37500,0.37500,1.70200,0.40740,0.87370,62.42480,15.68460,15.68460,14.90240,10.10150,0.18810,19.16160,3.46210,25.99610,4.88730,-35.01910,2.04190,2.89640,8.37300,1.30720,0.82830
2012-11-30,588.53800,210.26800,378.27000,276.17700,,261.68800,116.58200,-12.42200,104.16000,28.78900,75.37100,75.37100,,70.18300,190.07900,116.58200,157.50200,158.28800,0.44500,0.44500,1.43610,0.36140,0.79490,64.27280,19.80880,19.80880,17.69810,11.92500,0.17160,14.86310,3.19470,28.17180,5.48230,-74.70680,2.19820,3.50110,8.73170,0.3543,0.1956
2012-08-31,590.28700,204.39100,385.89600,281.41900,,305.40800,80.48800,-1.56200,78.92600,24.76400,54.16200,54.16200,,46.67500,80.48800,80.48800,157.20800,158.08600,0.29500,0.29500,1.27820,0.18200,0.42260,65.37430,13.63540,13.63540,13.37080,7.90720,0.21040,15.91950,3.26200,27.59020,4.22140,21.03350,1.93060,3.45310,8.13890,0.4341,0.2492
2012-05-31,,,,,,,,,,,,,,,,,,,,0.00000,,,,,,,,,,,,,,,,,,1.4346,1.8841
2012-02-29,533.53900,194.21800,339.32100,246.97300,,246.97300,92.34800,-1.33000,91.01800,25.32800,65.69000,65.69000,,57.92000,165.84500,92.34800,156.84200,158.13000,0.37000,0.36500,1.49730,0.11510,0.34820,63.59820,17.30860,17.30860,17.05930,10.85580,0.20390,15.68810,3.39420,26.51580,4.80430,22.84930,2.51020,4.25140,8.70400,-1.43460,-1.88410
2011-11-30,530.50500,185.93100,344.57400,247.99400,,247.99400,96.58000,-2.61900,93.96100,25.81200,68.14900,68.14900,,61.18100,144.82000,96.58000,156.69600,157.75200,0.39000,0.39000,1.47430,0.13570,0.39950,64.95210,18.20530,18.20530,17.71160,11.53260,0.20290,15.77020,3.24140,27.76610,5.26730,26.93070,2.60670,4.55230,8.25610,1.7569,1.6093
2011-08-31,542.77100,191.53600,351.23500,242.62500,,242.62500,108.61000,-1.58600,107.02400,34.94300,72.08100,72.08100,,63.97400,108.61000,108.61000,160.15200,161.66200,0.40000,0.39500,1.54240,0.17870,0.52580,64.71150,20.01030,20.01030,19.71810,11.78660,0.19990,18.32180,3.04160,29.59000,5.48670,34.12360,2.65480,4.50650,8.34120,-3.7478,-3.823
2011-05-31,,,,,,,,,,,,,,,,,,,,0.00000,,,,,,,,,,,,,,,,,,-4.5415,-4.064
2011-02-28,456.38200,168.33200,288.05000,209.85100,,209.85100,78.19900,-2.68400,75.51500,20.96200,54.55300,54.55300,-0.43000,47.78900,126.43900,78.19900,159.79400,161.46600,0.30000,0.29500,1.26800,0.19560,0.46000,63.11600,17.13460,17.13460,16.54650,10.47130,0.14950,17.11740,3.29480,27.31540,4.40170,43.29740,1.78720,3.54090,7.73950,4.54150,4.06400
2010-11-30,443.52600,154.20500,289.32100,206.17800,,206.17800,83.14300,-0.22700,82.91600,24.54600,58.37000,58.37000,-0.48700,53.50500,117.87100,83.14300,159.40200,160.68800,0.33500,0.33500,1.53250,0.16870,0.52740,65.23200,18.74590,18.74590,18.69470,12.06360,0.21570,19.93090,2.95140,30.49370,5.84600,27.94600,2.83820,4.85980,6.08600,0.2705,0.103
2010-08-31,440.13800,151.04100,289.09700,206.99000,,206.99000,82.10700,-3.30400,78.80300,24.98100,53.82200,53.82200,-0.02800,49.36800,82.10700,82.10700,159.19400,160.67800,0.31000,0.30500,1.58510,0.20360,0.49380,65.68330,18.65480,18.65480,17.90420,11.21650,0.23060,22.43960,2.90140,31.01940,5.77390,36.61440,2.81980,4.59860,5.84890,-0.6496,-0.8039
2010-05-31,,,,,,,,,,,,,,,,,,,,0.00000,,,,,,,,,,,,,,,,,,-1.9253,-1.7043
2010-02-28,398.53500,146.20200,252.33300,178.48400,,178.48400,73.84900,-2.82200,71.02700,20.29800,50.72900,50.72900,0.72200,48.46100,108.57700,73.84900,163.07800,165.27200,0.30000,0.29500,1.66080,0.24530,0.48430,63.31510,18.53010,18.53010,17.82200,12.15980,0.20130,12.03710,3.24940,27.69720,5.36700,32.17600,2.56250,4.05020,5.79180,1.92530,1.70430
2009-11-30,408.95100,144.88100,264.07000,175.36800,,175.36800,88.70200,-3.73300,84.96900,23.65500,61.31400,61.31400,4.86800,62.83500,139.09900,88.70200,162.47200,164.37600,0.38500,0.38000,1.32230,0.26840,0.49460,64.57250,21.69010,21.69010,20.77730,15.36490,0.16290,11.26780,3.08590,29.16500,6.57870,57.34150,2.44290,4.81280,5.71980,0.4933,0.4358
2009-08-31,409.93200,141.20400,268.72800,179.48500,,179.48500,89.24300,-3.45100,85.79200,25.53600,60.25600,60.25600,2.18800,57.83100,89.24300,89.24300,161.10800,162.59600,0.36000,0.35500,1.21630,0.31070,0.58070,65.55430,21.77020,21.77020,20.92840,14.10750,0.16860,10.63040,3.23910,27.78540,7.25380,-129.30210,2.47870,5.00030,5.12710,4.2837,4.2154
2009-05-31,,,,,,,,,,,,,,,,,,,,0.00000,,,,,,,,,,,,,,,,,,-1.6602,-1.5029
2009-02-28,359.52800,124.00100,235.52700,173.14400,,173.14400,62.38300,-1.15200,61.23100,18.53100,42.70000,42.70000,-141.41800,-106.77600,112.78000,62.38300,160.66600,161.89600,-0.66500,-0.66500,2.00380,0.15280,0.21210,65.51010,17.35140,17.35140,17.03090,-29.69890,0.24890,19.46640,3.39830,26.48370,4.66630,27.75360,2.95580,3.95350,5.69160,1.66020,1.50290
