Date,revenue,cost-goods-sold,gross-profit,selling-general-administrative-expenses,other-operating-income-expenses,operating-expenses,operating-income,total-non-operating-income-expense,pre-tax-income,total-provision-income-taxes,income-after-taxes,income-from-continuous-operations,income-from-discontinued-operations,net-income,ebitda,ebit,basic-shares-outstanding,shares-outstanding,eps-basic-net-earnings-per-share,eps-earnings-per-share-diluted,current-ratio,long-term-debt-capital,debt-equity-ratio,gross-margin,operating-margin,ebit-margin,pre-tax-profit-margin,net-profit-margin,asset-turnover,receiveable-turnover,days-sales-in-receivables,roe,return-on-tangible-equity,roa,roi,book-value-per-share,operating-cash-flow-per-share,free-cash-flow-per-share
2023-09-30,20.87900,15.35500,5.52400,6.66200,-5.60000,15.64500,-10.12100,-3.04000,-13.16100,,-13.16100,-13.16100,-1.07800,-14.23900,-6.00600,-10.12100,7.26200,7.26200,-1.96000,-1.96000,0.61980,3.98410,-1.37140,26.45720,-48.47460,-48.47460,-63.03460,-68.19770,0.23250,18.44440,4.87950,20.17720,20.17720,-14.65390,-60.21140,-8.92300,0.3057,-0.1132
2023-06-30,14.71000,11.14100,3.56900,7.04900,0.00800,10.20600,-6.63700,-3.11600,-9.75300,,-9.75300,-9.75300,-0.28900,-10.04200,-2.71600,-6.63700,6.39900,6.39900,-1.57000,-1.57000,0.76390,2.48250,-1.74280,24.26240,-45.11900,-45.11900,-66.30180,-68.26650,0.15600,14.22630,6.32630,18.83980,18.83980,-10.34290,-27.93040,-7.15320,-0.3174,-0.2259
2023-03-31,15.15700,9.73500,5.42200,9.01300,1.74400,11.08900,-5.66700,-3.17500,-8.84200,,-8.84200,-8.84200,0.67100,-8.17100,-1.19800,-5.66700,5.34270,5.34270,-1.50000,-1.50000,1.02370,2.13140,-2.00130,35.77230,-37.38870,-37.38870,-58.33610,-53.90910,0.15960,360.88100,0.24940,19.38020,19.38020,-9.30800,-21.92690,-7.62970,-0.11360,-1.21170
2022-12-31,16.01300,14.08900,1.92400,9.05700,-108.48200,130.97400,-129.05000,-6.03200,-135.08200,-0.03600,-135.04600,-135.04600,-4.53400,-139.58000,-114.72800,-129.05000,4.23730,4.23730,-32.45000,-32.45000,0.33490,2.25330,-3.22540,12.01520,-805.90810,-805.90800,-843.57760,-871.66720,0.09780,4.58300,19.63780,287.04490,287.04490,-82.46230,-359.75810,-10.17230,-1.9853,-1.7252
2022-09-30,21.88500,18.43500,3.45000,7.78900,-0.75900,22.05900,-18.60900,-5.30400,-23.91300,,-23.91300,-23.91300,0.73600,-23.17700,-3.94800,-18.60900,4.22400,4.22400,-5.49000,-5.49000,0.55410,0.51870,1.89530,15.76420,-85.03080,-85.03080,-109.26660,-105.90360,0.07120,4.65240,19.34480,-26.70140,-28.58560,-7.78050,-12.85150,20.84470,-1.4671,-5.4024
2022-06-30,22.92600,14.83600,8.09000,8.29100,-81.98000,94.80800,-86.71800,-6.89800,-93.61600,15.41900,-109.03500,-109.03500,1.15300,-107.88200,-80.69600,-86.71800,4.15600,4.15600,-25.96000,-25.96000,0.86780,0.50070,1.59160,35.28750,-378.25180,-378.25180,-408.33980,-470.56620,0.06680,3.51630,25.59540,-98.73500,-104.54280,-31.79180,-49.29610,26.34410,-1.1164,-8.8717
2022-03-31,29.15500,12.47900,16.67600,11.80900,,15.46200,1.21400,-3.34200,-2.12800,-0.38100,-1.74700,-1.74700,1.31800,-0.42900,5.29100,1.21400,4.10580,4.10580,-0.10000,-0.10000,1.13450,0.32320,0.78650,57.19770,4.16400,4.16400,-7.29890,-1.47140,0.06760,5.23520,17.19120,-0.80860,-0.83320,-0.40500,-0.54720,52.23320,1.15030,-16.17570
2021-12-31,34.33200,9.42400,24.90800,11.68700,,-12.57200,37.48000,-2.02000,35.46000,10.76100,24.69900,24.69900,,-40.73400,40.37900,37.48000,3.19950,3.66350,-12.90000,-10.90000,2.41100,0.26160,0.44640,72.55040,109.16930,109.16930,103.28560,-118.64730,0.10060,144.86070,0.62130,11.62730,11.62730,7.23740,8.58580,51.98170,3.4988,-19.3155
2021-09-30,35.75400,9.65900,26.09500,5.44600,,37.96000,-11.86500,-1.02000,-12.88500,-4.98900,-7.89600,-7.89600,,-7.89600,-9.14400,-11.86500,3.01160,3.01160,-2.60000,-2.60000,1.92580,0.03460,0.12320,72.98480,-33.18510,-33.18510,-36.03790,-22.08420,0.13840,6.49950,13.84710,-3.83670,-5.76520,-3.05680,-3.70410,53.22280,6.2003,-7.2838
2021-06-30,16.17600,4.72400,11.45200,3.62700,,6.16800,5.28400,-0.36900,4.91500,1.39700,3.51800,3.51800,,3.51800,6.88700,5.28400,2.83200,3.54250,1.20000,1.00000,,,,70.79620,32.66570,32.66570,30.38450,21.74830,,,,,,,,,1.7705,-4.5665
2021-03-31,11.06300,4.58300,6.48000,3.22900,,4.59500,1.88500,0.12600,2.01100,0.73200,1.27900,1.27900,,0.63200,3.14600,1.88500,2.81390,2.81470,0.20000,0.20000,,,,58.57360,17.03880,17.03880,18.17770,5.71270,,,,,,,,,0.88360,-1.12980
2020-12-31,,,,,,,,,,,,,,,,,,,,0.00000,,,,,,,,,,,,,,,,,0,0
2020-09-30,6.12300,4.07200,2.05100,1.49300,,2.55700,-0.50600,0.21700,-0.28900,,-0.28900,-0.28900,,-0.28900,-0.50600,-0.50600,,,,0.00000,,,,33.49670,-8.26390,-8.26390,-4.71990,-4.71990,,,,,,,,,0,0
2019-12-31,,,,,,,,,,,,,,,,,,,,0.00000,,,,,,,,,,,,,,,,,0,0
