Date,revenue,cost-goods-sold,gross-profit,research-development-expenses,selling-general-administrative-expenses,other-operating-income-expenses,operating-expenses,operating-income,pre-tax-income,total-provision-income-taxes,income-after-taxes,income-from-continuous-operations,net-income,ebitda,ebit,basic-shares-outstanding,shares-outstanding,eps-basic-net-earnings-per-share,eps-earnings-per-share-diluted,current-ratio,long-term-debt-capital,debt-equity-ratio,gross-margin,operating-margin,ebit-margin,pre-tax-profit-margin,net-profit-margin,asset-turnover,receiveable-turnover,days-sales-in-receivables,roe,return-on-tangible-equity,roa,roi,book-value-per-share,operating-cash-flow-per-share,free-cash-flow-per-share
2024-06-30,12731.00000,,12731.00000,153.00000,5377.00000,-2639.00000,,3916.00000,3916.00000,873.00000,3043.00000,3043.00000,2891.00000,,3916.00000,329.80000,335.50000,8.73000,8.62000,,,,,,,,,,,,,,,,,,
2024-03-31,14213.00000,,14213.00000,153.00000,5686.00000,-2510.00000,,5237.00000,5237.00000,1105.00000,4132.00000,4132.00000,3931.00000,5864.00000,5237.00000,335.60000,339.50000,11.67000,11.58000,0.74340,0.66370,7.27530,100.00000,36.84660,36.84660,36.84660,27.65780,0.00840,0.08860,1015.81000,3.84930,3.48560,0.24330,1.17230,365.86690,-82.58620,-82.87480
2023-12-31,11318.00000,,11318.00000,175.00000,4844.00000,-3265.00000,,2254.00000,2254.00000,246.00000,2008.00000,2008.00000,1867.00000,3034.00000,2254.00000,340.80000,345.80000,5.57000,5.53000,0.76450,0.67420,7.20020,100.00000,19.91520,19.91520,19.91520,16.49590,0.00690,0.08540,1053.59200,1.89970,1.71760,0.12230,0.55970,361.51410,-82.259,-77.677
2023-09-30,11817.00000,,11817.00000,136.00000,5300.00000,-2113.00000,,2756.00000,2756.00000,698.00000,2058.00000,2058.00000,1882.00000,4268.00000,2756.00000,338.70000,343.90000,5.52000,5.47000,0.76600,0.65640,6.68920,100.00000,23.32230,23.32230,23.32230,15.92620,0.00750,0.08390,1072.85600,1.94020,1.75480,0.13050,0.60300,359.07900,-73.1067,-73.1757
2023-06-30,10895.00000,,10895.00000,146.00000,4746.00000,-2673.00000,,1736.00000,1736.00000,520.00000,1216.00000,1216.00000,1071.00000,3330.00000,1736.00000,342.30000,347.20000,3.09000,3.08000,0.81260,0.66460,6.69250,100.00000,15.93390,15.93390,15.93390,9.83020,0.00690,0.06930,1299.21400,1.14940,1.04380,0.07740,0.35010,352.14260,92.1969,90.9782
2023-03-31,12224.00000,,12224.00000,172.00000,5204.00000,-1885.00000,,3993.00000,3993.00000,759.00000,3234.00000,3234.00000,3087.00000,4963.00000,3993.00000,346.60000,351.30000,8.87000,8.79000,0.81130,0.67200,6.48240,100.00000,32.66530,32.66530,32.66530,25.25360,0.00790,0.08450,1064.87000,3.02790,2.75210,0.21020,0.90260,353.00280,26.76910,26.25680
2022-12-31,10593.00000,,10593.00000,216.00000,5001.00000,-3119.00000,,1530.00000,1530.00000,204.00000,1326.00000,1326.00000,1185.00000,2257.00000,1530.00000,352.10000,358.10000,3.39000,3.32000,0.90090,0.67830,5.58450,100.00000,14.44350,14.44350,14.44350,11.18660,0.00730,0.07820,1150.79000,1.24520,1.13150,0.09200,0.36400,349.90250,-92.2474,-90.3632
2022-09-30,11975.00000,,11975.00000,199.00000,4785.00000,-2569.00000,,3756.00000,3756.00000,687.00000,3069.00000,3069.00000,2962.00000,4422.00000,3756.00000,352.80000,359.20000,8.35000,8.25000,0.84050,0.66800,6.22550,100.00000,31.36530,31.36530,31.36530,24.73490,0.00770,0.07240,1243.24800,2.82630,2.57270,0.19720,0.85430,351.78100,44.8309,42.9911
2022-06-30,11864.00000,,11864.00000,235.00000,4888.00000,-2627.00000,,3544.00000,3544.00000,617.00000,2927.00000,2927.00000,2786.00000,4114.00000,3544.00000,355.00000,360.50000,7.81000,7.73000,0.87230,0.68000,6.71640,100.00000,29.87190,29.87190,29.87190,23.48280,0.00740,0.07270,1238.41800,2.73120,2.48320,0.18280,0.79470,344.68930,126.6199,125.1408
2022-03-31,12933.00000,,12933.00000,162.00000,5195.00000,-2428.00000,,4656.00000,4656.00000,717.00000,3939.00000,3939.00000,3831.00000,5148.00000,4656.00000,351.20000,355.90000,10.87000,10.76000,0.87820,0.69160,6.73860,100.00000,36.00090,36.00090,36.00090,29.62190,0.00810,0.07410,1215.28900,3.76810,3.41810,0.24780,1.05420,335.58630,-54.88620,-56.36130
2021-12-31,12639.00000,,12639.00000,193.00000,4441.00000,-2492.00000,,5025.00000,5025.00000,1090.00000,3935.00000,3935.00000,3809.00000,5513.00000,5025.00000,350.50000,355.80000,11.09000,10.90000,0.87710,0.69800,6.48980,100.00000,39.75790,39.75790,39.75790,30.13690,0.00860,0.07870,1144.12300,3.96580,3.57970,0.26880,1.08100,329.54110,85.449,84.6208
2021-09-30,13608.00000,,13608.00000,165.00000,4236.00000,-1856.00000,,6842.00000,6842.00000,1464.00000,5378.00000,5378.00000,5284.00000,7351.00000,6842.00000,348.30000,353.90000,15.14000,14.93000,0.84720,0.69550,6.81670,100.00000,50.27930,50.27930,50.27930,38.83010,0.00940,0.07920,1136.11100,5.58210,5.05940,0.37260,1.54060,317.50070,-110.6806,-106.494
2021-06-30,15388.00000,,15388.00000,115.00000,6219.00000,-1694.00000,,6840.00000,6840.00000,1354.00000,5486.00000,5486.00000,5347.00000,7360.00000,6840.00000,350.80000,356.00000,15.22000,15.02000,0.84360,0.70100,7.03940,100.00000,44.45020,44.45020,44.45020,34.74790,0.01110,0.09490,948.04130,5.91880,5.38420,0.39530,1.60960,302.09680,57.2939,54.9759
2021-03-31,17704.00000,,17704.00000,80.00000,7025.00000,-1764.00000,,8337.00000,8337.00000,1501.00000,6836.00000,6836.00000,6711.00000,8835.00000,8337.00000,356.60000,360.90000,18.80000,18.60000,0.81370,0.69160,6.86980,100.00000,47.09110,47.09110,47.09110,37.90670,0.01360,0.10750,837.05490,7.72770,6.99950,0.52520,2.15850,287.23180,-14.36130,-17.46470
2020-12-31,11741.00000,,11741.00000,89.00000,3424.00000,-2189.00000,,5541.00000,5541.00000,1035.00000,4506.00000,4506.00000,4362.00000,6039.00000,5541.00000,356.40000,360.30000,12.22000,12.12000,0.75390,0.69000,6.19210,100.00000,47.19360,47.19360,47.19360,37.15190,0.01010,0.09680,930.05620,5.31810,4.69710,0.38740,1.45630,278.80000,31.1964,32.0264
2020-09-30,10781.00000,,10781.00000,70.00000,3990.00000,-1954.00000,,4299.00000,4299.00000,932.00000,3367.00000,3367.00000,3233.00000,4767.00000,4299.00000,355.90000,359.90000,9.07000,8.98000,0.73280,0.69780,6.12690,100.00000,39.87570,39.87570,39.87570,29.98790,0.00950,0.09700,928.14120,4.13400,3.63410,0.29740,1.09820,269.27580,99.1934,97.772
2020-06-30,13295.00000,,13295.00000,89.00000,5367.00000,-6049.00000,,1291.00000,1291.00000,918.00000,373.00000,373.00000,197.00000,1790.00000,1291.00000,355.70000,355.70000,0.53000,0.53000,0.75980,0.71210,6.21950,100.00000,9.71040,9.71040,9.71040,1.48180,0.01160,0.12480,720.87330,0.47320,0.41430,0.03270,0.11930,261.76170,-34.9734,-36.8756
2020-03-31,8743.00000,,8743.00000,153.00000,4141.00000,-2664.00000,,1348.00000,1348.00000,135.00000,1213.00000,1213.00000,1123.00000,1785.00000,1348.00000,358.00000,361.10000,3.12000,3.11000,0.78880,0.70940,5.90950,100.00000,15.41810,15.41810,15.41810,12.84460,0.00800,0.07230,1244.81600,1.49430,1.31310,0.11130,0.38160,268.65530,-146.85960,-153.63330
2019-12-31,9955.00000,,9955.00000,200.00000,4038.00000,-5370.00000,,2321.00000,2321.00000,404.00000,1917.00000,1917.00000,1724.00000,2785.00000,2321.00000,371.60000,375.50000,4.76000,4.72000,0.77460,0.69640,5.71890,124.49020,23.31490,23.31490,23.31490,17.31790,0.01000,0.13340,674.48020,2.42470,2.12370,0.19310,0.64470,259.87280,132.9275,133.0097
2019-09-30,8323.00000,853.00000,7470.00000,169.00000,3616.00000,-796.00000,5054.00000,2416.00000,2416.00000,539.00000,1877.00000,1877.00000,1793.00000,2889.00000,2416.00000,370.00000,374.30000,4.83000,4.79000,0.77560,0.70210,5.70630,89.75130,29.02800,29.02800,29.02800,21.54270,0.00830,0.10020,898.50780,2.32280,2.04000,0.18630,0.60770,257.36980,25.1781,22.0799
2019-06-30,9461.00000,823.00000,8638.00000,186.00000,4143.00000,-783.00000,5511.00000,3127.00000,3127.00000,706.00000,2421.00000,2421.00000,2198.00000,3526.00000,3127.00000,374.50000,378.00000,5.86000,5.81000,0.84520,0.70870,5.32920,91.30110,33.05150,33.05150,33.05150,23.23220,0.01000,0.11270,798.26130,3.03810,2.66360,0.25620,0.77590,252.09960,21.4828,19.315
2019-03-31,8807.00000,762.00000,8045.00000,184.00000,4068.00000,-706.00000,5326.00000,2719.00000,2719.00000,468.00000,2251.00000,2251.00000,2182.00000,3087.00000,2719.00000,379.80000,382.40000,5.73000,5.71000,0.85880,0.71320,5.24820,91.34780,30.87320,30.87320,30.87320,24.77580,0.00950,0.11990,750.47340,2.84680,2.49350,0.24330,0.71520,246.12840,-116.02510,-115.66420
2018-12-31,8080.00000,,8080.00000,208.00000,2651.00000,-4506.00000,,2708.00000,2708.00000,170.00000,2538.00000,2538.00000,2322.00000,3085.00000,2708.00000,385.40000,390.20000,6.12000,6.06000,0.93190,0.71310,5.38350,129.33170,33.51490,33.51490,33.51490,28.73760,0.00870,0.11150,807.04820,3.21340,2.81420,0.27240,0.80740,245.23990,36.5089,34.4263
2018-09-30,8820.00000,714.00000,8106.00000,167.00000,3782.00000,-762.00000,5028.00000,3078.00000,3078.00000,554.00000,2524.00000,2524.00000,2453.00000,3395.00000,3078.00000,385.40000,390.50000,6.35000,6.28000,0.89940,0.72560,5.91040,91.90480,34.89800,34.89800,34.89800,27.81180,0.00920,0.10590,850.15310,3.34040,2.90910,0.26370,0.79840,232.76880,-13.5036,-17.7691
2018-06-30,9636.00000,812.00000,8824.00000,183.00000,4146.00000,-884.00000,5548.00000,3276.00000,3276.00000,711.00000,2565.00000,2565.00000,2348.00000,3611.00000,3276.00000,387.80000,392.60000,6.04000,5.98000,0.90450,0.72420,6.00920,91.57330,33.99750,33.99750,33.99750,24.36700,0.00990,0.10870,827.86740,3.40200,2.96190,0.26480,0.81700,229.17120,21.8926,18.707
2018-03-31,10080.00000,844.00000,9236.00000,182.00000,4795.00000,-541.00000,5817.00000,3419.00000,3419.00000,587.00000,2832.00000,2832.00000,2737.00000,3718.00000,3419.00000,389.10000,393.80000,7.02000,6.95000,0.91750,0.72990,6.41020,91.62700,33.91870,33.91870,33.91870,27.15280,0.01040,0.09330,964.45530,3.91290,3.38840,0.29090,0.91510,221.28060,-2.44790,-3.85980
2017-12-31,8491.00000,732.00000,7759.00000,175.00000,2881.00000,-1245.00000,4651.00000,3108.00000,3108.00000,5036.00000,-1928.00000,-1928.00000,-2143.00000,3458.00000,3108.00000,401.60000,409.10000,-5.20000,-5.11000,0.92800,0.72580,6.08970,91.37910,36.60350,36.60350,36.60350,-25.23850,0.00930,0.10010,898.70680,-2.73900,-2.34430,-0.21030,-0.64280,219.42640,-22.023,-24.0326
2017-09-30,8326.00000,711.00000,7615.00000,138.00000,3796.00000,-425.00000,4639.00000,2976.00000,2976.00000,848.00000,2128.00000,2128.00000,2035.00000,3256.00000,2976.00000,398.20000,405.70000,5.09000,5.02000,0.89740,0.71060,5.72760,91.46050,35.74350,35.74350,35.74350,24.44150,0.00900,0.09450,952.78280,2.83400,2.46600,0.22880,0.71370,227.62390,6.0483,4.867
2017-06-30,7887.00000,741.00000,7146.00000,141.00000,3876.00000,-355.00000,4637.00000,2509.00000,2509.00000,678.00000,1831.00000,1831.00000,1631.00000,2774.00000,2509.00000,406.10000,413.30000,4.00000,3.95000,0.89310,0.70150,5.56870,90.60480,31.81180,31.81180,31.81180,20.67960,0.00870,0.08610,1045.65200,2.42610,2.11250,0.20200,0.63070,223.26660,-26.0413,-27.4188
2017-03-31,8026.00000,692.00000,7334.00000,134.00000,3895.00000,-509.00000,4795.00000,2539.00000,2539.00000,284.00000,2255.00000,2255.00000,2162.00000,2796.00000,2539.00000,412.50000,420.10000,5.23000,5.15000,0.91870,0.69640,5.42790,91.37800,31.63470,31.63470,31.63470,26.93750,0.00900,0.10010,899.43930,2.97830,2.59440,0.25220,0.78770,220.15900,-8.06710,-9.87860
2016-12-31,8352.00000,894.00000,7458.00000,131.00000,3035.00000,-628.00000,4061.00000,3397.00000,3397.00000,1050.00000,2347.00000,2347.00000,2153.00000,3664.00000,3397.00000,427.40000,435.10000,5.09000,5.01000,0.92220,0.68510,5.13690,89.29600,40.67290,40.67290,40.67290,25.77830,0.00970,0.12690,709.31040,3.10080,2.70100,0.27290,0.85040,221.30900,8.0332,6.3479
2016-09-30,8168.00000,613.00000,7555.00000,92.00000,3881.00000,-467.00000,4687.00000,2868.00000,2868.00000,774.00000,2094.00000,2094.00000,2100.00000,3115.00000,2868.00000,422.40000,430.20000,4.96000,4.88000,0.93370,0.68630,5.16820,92.49510,35.11260,35.11260,35.11260,25.71010,0.00930,0.10270,876.37610,2.75860,2.40390,0.23800,0.75410,218.20490,-10.28,-12.1179
2016-06-30,7932.00000,625.00000,7307.00000,112.00000,3948.00000,-539.00000,4844.00000,2463.00000,2463.00000,641.00000,1822.00000,1822.00000,1634.00000,2708.00000,2463.00000,431.90000,439.20000,3.77000,3.72000,0.94540,0.67990,5.27740,92.12050,31.05140,31.05140,31.05140,20.60010,0.00880,0.10110,890.02640,2.41930,2.10600,0.20320,0.67420,212.77840,22.8538,21.4794
2016-03-31,6338.00000,691.00000,5647.00000,122.00000,3262.00000,-448.00000,4071.00000,1576.00000,1576.00000,441.00000,1135.00000,1135.00000,1200.00000,1815.00000,1576.00000,440.80000,447.40000,2.71000,2.68000,0.92770,0.67480,5.32130,89.09750,24.86590,24.86590,24.86590,18.93340,0.00720,0.08760,1027.65900,1.50060,1.30700,0.12930,0.42510,207.95700,-5.68170,-6.49310
2015-12-31,7273.00000,626.00000,6647.00000,148.00000,2713.00000,-2429.00000,5575.00000,1072.00000,1072.00000,307.00000,765.00000,765.00000,574.00000,1357.00000,1072.00000,448.90000,458.60000,1.34000,1.32000,0.87220,0.66920,5.16430,91.39280,14.73950,14.73950,14.73950,7.89220,0.00840,0.10120,889.51880,1.01290,0.88210,0.08880,0.29180,206.75070,20.3118,19.1779
2015-09-30,6861.00000,665.00000,6196.00000,123.00000,2986.00000,-819.00000,4150.00000,2046.00000,2046.00000,620.00000,1426.00000,1426.00000,1330.00000,2268.00000,2046.00000,449.00000,458.60000,2.95000,2.90000,0.91590,0.66720,5.25410,90.30750,29.82070,29.82070,29.82070,19.38490,0.00780,0.06930,1298.67100,1.86400,1.62590,0.16190,0.54110,204.95950,2.7537,1.7938
2015-06-30,9069.00000,647.00000,8422.00000,147.00000,4448.00000,-1836.00000,6696.00000,1726.00000,1726.00000,678.00000,1048.00000,1048.00000,916.00000,1991.00000,1726.00000,451.40000,461.60000,2.01000,1.98000,0.88190,0.66010,5.24560,92.86580,19.03190,19.03190,19.03190,10.10030,0.01050,0.09580,939.64610,1.37080,1.19560,0.12190,0.40630,202.54270,-16.9434,-17.7251
2015-03-31,10617.00000,638.00000,9979.00000,139.00000,5072.00000,-615.00000,6045.00000,3934.00000,3934.00000,1090.00000,2844.00000,2844.00000,2748.00000,4153.00000,3934.00000,453.30000,462.90000,6.05000,5.94000,0.83720,0.65790,5.37460,93.99080,37.05380,37.05380,37.05380,25.88300,0.01230,0.10800,833.30320,3.74570,3.34090,0.32860,1.14300,197.01080,14.55170,13.92740
2014-12-31,7688.00000,669.00000,7019.00000,141.00000,2604.00000,-712.00000,3809.00000,3210.00000,3210.00000,1044.00000,2166.00000,2166.00000,2032.00000,3562.00000,3210.00000,458.90000,473.20000,4.50000,4.38000,0.86070,0.66890,5.56200,91.29810,41.75340,41.75340,41.75340,26.43080,0.00900,0.08140,1106.02400,2.94310,2.61600,0.25310,0.86610,192.43530,10.0725,9.7496
2014-09-30,8387.00000,624.00000,7763.00000,129.00000,3423.00000,-605.00000,4458.00000,3305.00000,3305.00000,1064.00000,2241.00000,2241.00000,2143.00000,3606.00000,3305.00000,455.50000,469.20000,4.69000,4.57000,0.83910,0.66770,5.76740,92.55990,39.40620,39.40620,39.40620,25.55150,0.00970,0.06710,1341.42600,3.06670,2.72380,0.25790,0.90520,188.81930,-19.0771,-19.4028
2014-06-30,9125.00000,613.00000,8512.00000,141.00000,4539.00000,-717.00000,5691.00000,2821.00000,2821.00000,784.00000,2037.00000,2037.00000,1953.00000,3115.00000,2821.00000,461.70000,475.90000,4.21000,4.10000,0.80280,0.67170,5.86210,93.28220,30.91510,30.91510,30.91510,21.40270,0.01060,0.07650,1176.10500,2.81240,2.49540,0.23690,0.81920,185.21110,0.9524,0.5597
2014-03-31,9328.00000,595.00000,8733.00000,138.00000,4633.00000,-551.00000,5712.00000,3021.00000,3021.00000,988.00000,2033.00000,2033.00000,1949.00000,3411.00000,3021.00000,468.60000,484.60000,4.15000,4.02000,0.83420,0.67680,6.63190,93.62140,32.38640,32.38640,32.38640,20.89410,0.01020,0.08120,1108.34700,2.82760,2.57020,0.22200,0.83070,176.54770,-8.71030,-9.03840
2013-12-31,8782.00000,594.00000,8188.00000,143.00000,2854.00000,-1165.00000,4636.00000,3552.00000,3552.00000,1220.00000,2332.00000,2332.00000,2248.00000,4026.00000,3552.00000,471.30000,499.60000,4.82000,4.59000,0.81820,0.67230,6.90000,93.23620,40.44640,40.44640,40.44640,25.59780,0.00960,0.08970,1003.09700,3.27220,2.97200,0.25580,0.97400,175.79350,4.5345,4.1338
2013-09-30,6722.00000,573.00000,6149.00000,117.00000,3000.00000,-585.00000,3982.00000,2167.00000,2167.00000,650.00000,1517.00000,1517.00000,1429.00000,2447.00000,2167.00000,463.40000,496.40000,3.07000,2.88000,0.82950,0.68410,6.98760,91.47580,32.23740,32.23740,32.23740,21.25860,0.00730,0.06880,1308.36100,2.15430,1.95450,0.16430,0.61740,175.80110,-6.6309,-6.9314
2013-06-30,8612.00000,613.00000,7999.00000,140.00000,4313.00000,-635.00000,5354.00000,2645.00000,2645.00000,714.00000,1931.00000,1931.00000,1861.00000,2911.00000,2645.00000,473.20000,503.50000,3.92000,3.70000,0.78760,0.67490,7.11710,92.88200,30.71300,30.71300,30.71300,21.60940,0.00920,0.08850,1017.43300,2.72570,2.47430,0.20580,0.80430,173.24370,22.3666,22.0808
2013-03-31,10090.00000,561.00000,9529.00000,141.00000,4991.00000,-722.00000,6156.00000,3373.00000,3373.00000,1113.00000,2260.00000,2260.00000,2188.00000,3675.00000,3373.00000,482.10000,509.80000,4.53000,4.29000,0.74590,0.68380,7.34490,94.44000,33.42910,33.42910,33.42910,21.68480,0.01050,0.10250,877.86130,3.18180,2.92640,0.23560,0.92530,167.60200,-11.17690,-11.47900
2012-12-31,9236.00000,550.00000,8686.00000,140.00000,2617.00000,-1116.00000,4373.00000,4313.00000,4313.00000,1421.00000,2892.00000,2892.00000,2833.00000,4813.00000,4313.00000,496.20000,516.10000,5.80000,5.58000,0.70730,0.68840,7.34110,94.04500,46.69770,46.69770,46.69770,30.67350,0.00980,0.10110,890.19700,4.16020,3.81950,0.30810,1.19000,162.77830,1.4098,0.9521
2012-09-30,8351.00000,547.00000,7804.00000,123.00000,4287.00000,-700.00000,5506.00000,2298.00000,2298.00000,786.00000,1512.00000,1512.00000,1458.00000,2694.00000,2298.00000,491.20000,510.90000,2.95000,2.85000,0.72100,0.69500,7.71570,93.44990,27.51770,27.51770,27.51770,17.45900,0.00880,0.10390,865.86880,2.21260,2.05190,0.15930,0.62590,156.30490,3.8657,3.5442
2012-06-30,6627.00000,544.00000,6083.00000,129.00000,3544.00000,-586.00000,4668.00000,1415.00000,1415.00000,453.00000,962.00000,962.00000,927.00000,1824.00000,1415.00000,501.50000,520.30000,1.83000,1.78000,0.75800,0.69620,7.70450,91.79120,21.35210,21.35210,21.35210,13.98820,0.00700,0.07630,1179.08600,1.41460,1.32040,0.10140,0.40110,151.46850,12.5437,12.2682
2012-03-31,9949.00000,567.00000,9382.00000,117.00000,5020.00000,-631.00000,6201.00000,3181.00000,3181.00000,1072.00000,2109.00000,2109.00000,2074.00000,3614.00000,3181.00000,510.80000,529.20000,4.05000,3.92000,0.76660,0.70540,8.17680,94.30090,31.97310,31.97310,31.97310,20.84630,0.01050,0.12120,742.66060,3.07630,2.94320,0.22180,0.86700,144.69790,7.13530,6.42290
2011-12-31,6049.00000,560.00000,5489.00000,138.00000,2911.00000,-679.00000,4242.00000,1247.00000,1247.00000,234.00000,1013.00000,1013.00000,978.00000,1761.00000,1247.00000,524.60000,556.90000,1.93000,1.94000,0.78890,0.71150,8.19340,90.74230,20.61500,20.61500,20.61500,16.16800,0.00660,0.08120,1107.92700,1.50570,1.43940,0.10970,0.41530,144.97150,35.7147,35.5156
2011-09-30,3587.00000,668.00000,2919.00000,140.00000,2302.00000,-818.00000,3649.00000,-730.00000,-730.00000,-337.00000,-393.00000,-393.00000,-428.00000,-341.00000,-730.00000,518.20000,518.20000,-0.84000,-0.84000,0.78610,0.71480,8.36970,81.37720,-20.35130,-20.35130,-20.35130,-11.93200,0.00380,0.04060,2216.78000,-0.58670,-0.56070,-0.04140,-0.15990,142.27510,-17.532,-18.4637
2011-06-30,7281.00000,615.00000,6666.00000,183.00000,3929.00000,-570.00000,5054.00000,1612.00000,1612.00000,525.00000,1087.00000,1087.00000,1052.00000,1984.00000,1612.00000,531.90000,569.50000,1.96000,1.85000,0.78170,0.70770,8.09670,91.55340,22.13980,22.13980,22.13980,14.44860,0.00780,0.07730,1163.80700,1.56950,1.50230,0.11600,0.43910,142.47350,18.9623,18.5668
2011-03-31,11894.00000,620.00000,11274.00000,179.00000,5931.00000,-534.00000,7234.00000,4040.00000,4040.00000,1305.00000,2735.00000,2735.00000,908.00000,4634.00000,4040.00000,540.60000,583.00000,1.66000,1.56000,0.77160,0.70570,8.18490,94.78730,33.96670,33.96670,33.96670,7.63410,0.01270,0.13570,662.99900,3.94270,3.77400,0.29300,1.11060,139.92400,3.25900,2.79930
2010-12-31,8642.00000,578.00000,8064.00000,175.00000,2978.00000,-712.00000,4590.00000,3474.00000,3474.00000,1087.00000,2387.00000,2387.00000,2227.00000,4205.00000,3474.00000,542.00000,585.30000,4.12000,3.83000,0.79800,0.69270,7.43180,93.31170,40.19900,40.19900,40.19900,25.76950,0.00950,0.11060,813.77000,3.39070,3.08570,0.26190,0.94810,152.41630,-14.5156,-15.0542
2010-09-30,8903.00000,519.00000,8384.00000,129.00000,4573.00000,-516.00000,5573.00000,2811.00000,2811.00000,913.00000,1898.00000,1898.00000,1737.00000,3169.00000,2811.00000,541.20000,582.70000,3.19000,2.98000,0.81460,0.70990,7.57830,94.17050,31.57360,31.57360,31.57360,19.51030,0.00980,0.11520,781.57360,2.76270,2.50870,0.20890,0.72780,147.90680,1.1435,0.4031
2010-06-30,8841.00000,622.00000,8219.00000,116.00000,4489.00000,-1729.00000,6771.00000,1448.00000,1448.00000,835.00000,613.00000,613.00000,453.00000,1888.00000,1448.00000,539.80000,580.40000,0.82000,0.78000,0.82300,0.70750,7.47330,92.96460,16.37820,16.37820,16.37820,5.12390,0.01000,0.12500,720.18320,0.91680,0.83040,0.06940,0.24290,143.20250,16.9381,16.6676
2010-03-31,12775.00000,562.00000,12213.00000,110.00000,6107.00000,-465.00000,7054.00000,5159.00000,5159.00000,1703.00000,3456.00000,3456.00000,3296.00000,5534.00000,5159.00000,546.00000,590.00000,6.02000,5.59000,0.81440,0.71210,7.59040,95.60080,40.38360,40.38360,40.38360,25.80040,0.01450,0.17880,503.31670,5.23740,4.73790,0.39250,1.36410,141.86170,-12.71860,-13.14240
2009-12-31,9615.00000,608.00000,9007.00000,108.00000,102.00000,-1028.00000,1630.00000,7377.00000,7377.00000,2429.00000,4948.00000,4948.00000,4787.00000,7771.00000,7377.00000,512.30000,550.90000,9.25000,8.56000,0.80430,0.72360,7.34400,93.67660,76.72390,76.72390,76.72390,49.78680,0.01130,0.14160,635.56940,7.76070,6.99720,0.58280,1.93430,137.27840,48.2401,47.3411
2009-09-30,12372.00000,580.00000,11792.00000,84.00000,5958.00000,-589.00000,6998.00000,4794.00000,4794.00000,1606.00000,3188.00000,3188.00000,3028.00000,5167.00000,4794.00000,525.90000,576.90000,5.74000,5.25000,0.79780,0.74380,8.43480,95.31200,38.74880,38.74880,38.74880,24.47460,0.01400,0.17690,508.74880,5.45920,4.87800,0.36140,1.24980,127.38180,11.404,10.7217
2009-06-30,13761.00000,574.00000,13187.00000,82.00000,7209.00000,-441.00000,8158.00000,5029.00000,5029.00000,1594.00000,3435.00000,3435.00000,2718.00000,5556.00000,5029.00000,514.10000,551.00000,5.27000,4.93000,0.79500,0.75280,8.87200,95.82880,36.54530,36.54530,36.54530,19.75150,0.01550,0.19030,472.95620,6.14970,5.46860,0.38620,1.35210,122.98500,22.5392,21.9559
2009-03-31,9425.00000,536.00000,8889.00000,68.00000,5261.00000,-382.00000,6260.00000,2629.00000,2629.00000,815.00000,1814.00000,1814.00000,1659.00000,3278.00000,2629.00000,477.40000,489.20000,3.48000,3.39000,0.81240,0.74790,9.00770,94.31300,27.89390,27.89390,27.89390,17.60210,0.01020,0.13370,673.07590,3.85580,2.85430,0.19600,0.71960,137.47940,6.53520,6.02410
