Date,revenue,cost-goods-sold,gross-profit,selling-general-administrative-expenses,other-operating-income-expenses,operating-expenses,operating-income,total-non-operating-income-expense,pre-tax-income,total-provision-income-taxes,income-after-taxes,income-from-continuous-operations,income-from-discontinued-operations,net-income,ebitda,ebit,basic-shares-outstanding,shares-outstanding,eps-basic-net-earnings-per-share,eps-earnings-per-share-diluted,current-ratio,long-term-debt-capital,debt-equity-ratio,gross-margin,operating-margin,ebit-margin,pre-tax-profit-margin,net-profit-margin,asset-turnover,inventory-turnover,receiveable-turnover,days-sales-in-receivables,roe,return-on-tangible-equity,roa,roi,book-value-per-share,operating-cash-flow-per-share,free-cash-flow-per-share
2023-09-30,179.92100,53.20900,126.71200,10.23800,-1.71700,66.97400,59.73800,-12.87800,46.86000,40.33300,6.52700,6.52700,,6.52700,116.35100,59.73800,33.28700,33.35000,0.20000,0.20000,0.64820,0.59820,1.61330,70.42650,33.20240,33.20240,26.04480,3.62770,0.12980,2.06850,9.39190,9.58270,1.65430,1.65430,0.47090,0.66470,11.85230,2.1065,0.8209
2023-06-30,157.90200,52.18200,105.72000,9.86600,-4.70700,70.78200,34.93800,-12.03100,22.90700,33.73200,-10.82500,-10.82500,,-10.82500,92.16600,34.93800,33.30000,33.30000,-0.33000,-0.33000,0.46370,0.60190,1.51210,66.95290,22.12640,22.12640,14.50710,-6.85550,0.12060,2.31590,23.10200,3.89580,-2.79410,-2.79410,-0.82670,-1.11230,11.63870,1.1869,-0.8534
2023-03-31,144.19000,44.43500,99.75500,12.69600,-0.61200,65.02900,34.72600,-11.54300,23.18300,32.88300,-9.70000,-9.70000,,-9.70000,87.22800,34.72600,34.45140,34.45140,-0.30000,-0.30000,0.58390,0.59380,1.46160,69.18300,24.08350,24.08350,16.07810,-6.72720,0.10870,2.21340,10.51790,8.55680,-2.43860,-2.43860,-0.73130,-0.99060,11.94250,1.42960,-0.63300
2022-12-31,162.63700,48.55200,114.08500,10.67100,-2.08500,64.53700,49.54800,-10.30700,39.24100,5.96600,33.27500,33.27500,,33.27500,102.08800,49.54800,36.44550,36.92800,0.91000,0.94000,0.69770,0.58540,1.41200,70.14700,30.46540,30.46540,24.12800,20.45970,0.12180,2.40450,15.19120,5.92450,7.96880,7.96880,2.49140,3.30380,12.06320,1.9988,0.0007
2022-09-30,168.39700,44.25400,124.14300,8.11400,-1.48900,54.92300,69.22000,-8.82300,60.39700,21.73400,38.66300,38.66300,,38.66300,115.29100,69.22000,36.73100,37.13100,1.05000,1.04000,0.72340,0.59210,1.45150,73.72040,41.10530,41.10530,35.86580,22.95940,0.13170,2.36600,15.67070,5.74320,9.74860,9.74860,3.02440,3.97650,11.07360,2.9827,1.4243
2022-06-30,205.78500,42.00700,163.77800,9.83600,-7.89400,59.94600,103.83200,-12.19400,91.63800,38.66600,52.97200,52.97200,,52.97200,147.17900,103.83200,36.85700,37.42300,1.44000,1.42000,0.70620,0.61590,1.60320,79.58690,50.45660,50.45660,44.53090,25.74140,0.16380,,18.65850,4.82350,14.25260,14.25260,4.21700,5.47500,10.07570,3.8126,2.0759
2022-03-31,174.56900,37.76900,136.80000,12.33600,-17.71400,71.01300,65.78700,-12.12800,53.65900,39.54000,14.11900,14.11900,,14.11900,107.63700,65.78700,36.73870,37.23750,0.40000,0.40000,0.59240,0.64910,1.97430,78.36440,37.68540,37.68540,30.73800,8.08790,0.14170,,2.99720,30.02850,4.44300,4.44300,1.14610,1.55920,8.62550,2.78820,1.67420
2021-12-31,146.28700,44.38200,101.90500,10.27200,-20.60600,31.09700,70.80800,,16.38300,-46.14100,62.52400,62.52400,,62.52400,113.50900,29.45300,36.70230,36.78730,1.70000,1.70000,0.44650,0.66040,2.16630,69.66100,48.40350,20.13370,11.19920,42.74070,0.12300,,2.49250,36.10840,20.69780,20.69780,5.25800,7.02920,8.22780,2.8804,-1.1938
2021-09-30,135.31900,41.57800,93.74100,6.49700,8.38100,49.77900,43.96200,,43.96200,8.95500,35.00700,35.00700,,35.00700,96.53200,57.57000,36.69930,36.77410,1.00000,1.00000,1.10520,0.75480,3.07870,69.27410,32.48770,42.54390,32.48770,25.87000,0.11460,,1.82360,49.35210,14.65540,14.65540,2.96350,3.59310,6.50800,1.6181,3.2579
2021-06-30,96.62300,29.24900,67.37400,9.00600,-23.94400,75.81200,-8.43800,,-8.43800,9.18900,-17.62700,-17.62700,,-17.62700,35.31800,5.49700,36.69820,36.69820,-0.50000,-0.50000,0.72550,0.78900,3.73930,69.72870,-8.73290,5.68910,-8.73290,-18.24310,0.08230,,2.66150,33.81560,-8.67460,-8.67460,-1.50080,-1.83040,5.53700,1.0143,0.3943
2021-03-31,95.49300,32.13100,63.36200,10.48800,-36.51500,92.13300,-28.77100,,-28.77100,8.65100,-37.42200,-37.42200,,-37.42200,17.24000,-14.95900,36.69820,36.69820,-1.00000,-1.00000,0.88800,0.77640,3.47320,66.35250,-30.12890,-15.66500,-30.12890,-39.18820,0.08130,,2.22550,40.44080,-16.99520,-16.99520,-3.18550,-3.79930,6.00000,1.14260,0.12280
2020-12-31,64.79300,29.20900,35.58400,8.87400,17.18300,-491.74790,527.33190,-588.36100,-61.02900,-13.15800,-47.87110,-47.87100,,-47.87100,1125.79300,513.96690,36.69820,36.69820,-1.30000,-1.30000,1.17800,0.75090,3.01430,54.91950,813.87190,793.24460,-94.19080,-73.88300,0.05390,,1.11770,80.52120,-18.62440,-18.62440,-3.98350,-4.63950,7.00400,0.5921,-0.4953
2020-09-30,53.14200,22.00700,31.13500,4.56200,-4.85900,145.49200,-114.35700,-14.02900,-128.38600,-20.56500,-107.82100,-107.82100,,-107.82100,-484.54100,-114.35700,36.69820,36.69820,-2.90000,-2.90000,1.69260,0.72050,2.57750,58.58830,-215.19140,-215.19140,-241.59050,-202.89230,0.04390,,1.00900,89.19730,-35.43340,-35.43340,-8.90030,-9.90450,8.29170,1.4286,1.2282
2020-06-30,33.82400,22.59000,11.23400,6.52900,2.37800,458.45800,-447.22400,,-447.22400,-76.57500,-370.64900,-370.64900,,-370.64900,8.17500,-433.85900,36.69820,36.69820,-10.10000,-10.10000,1.37700,0.65730,1.91810,33.21310,-1322.20900,-1282.69600,-1322.20900,-1095.81700,0.02450,,0.31420,286.47590,-90.07140,-90.07130,-26.87660,-30.86640,11.21330,0.0387,-0.0906
2020-03-31,86.07900,48.62500,37.45400,5.38500,-72.54700,135.22600,-97.77200,-118.95000,-216.72200,34.90400,-251.62600,-251.62600,,-251.62600,66.85100,-97.77200,36.69820,36.69820,-6.90000,-6.90000,1.25050,0.50160,1.00650,43.51120,-113.58400,-113.58400,-251.77100,-292.31990,0.04760,,0.98440,91.42400,-32.19580,-32.19580,-13.92270,-16.04610,21.29670,0.14980,-1.05670
2019-12-31,127.93400,88.20300,39.73100,3.97100,88.92000,-34.91000,74.64100,-36.02700,38.61400,11.61000,27.00400,27.00400,,27.00400,138.62000,64.07700,37.64950,37.65080,0.70000,0.70000,1.45820,0.40420,0.67830,31.05590,58.34340,50.08600,30.18280,21.10780,0.06260,,0.74320,121.09070,2.61510,2.90360,1.32070,1.55820,28.13790,0.9996,-2.7961
2019-09-30,132.49100,38.78200,93.70900,7.63700,-41.54900,98.99800,-5.28900,-12.02300,-17.31200,11.52100,-28.83300,-28.83300,,-28.83300,42.73800,-5.28900,37.21950,37.21950,-0.80000,-0.80000,0.97570,0.38820,0.63440,70.72860,-3.99200,-3.99200,-13.06660,-21.76220,0.06760,,1.03880,86.63620,-2.86880,-3.19490,-1.47120,-1.75530,27.38700,1.482,-2.1943
2019-06-30,157.99300,33.73300,124.26000,13.52600,4.13800,71.64900,52.61100,0.39700,53.00800,14.46800,38.54000,38.54000,,38.54000,115.81900,63.17500,37.99420,41.57570,1.00000,1.00000,1.80020,0.39810,0.66150,78.64910,33.29960,39.98600,33.55090,24.39350,0.07780,,1.25810,71.53780,3.68120,4.08110,1.89680,2.21560,27.79690,1.0669,-1.1593
2019-03-31,152.56500,42.88600,109.67900,9.59600,-7.69200,80.20900,29.47000,-7.80500,21.66500,19.68600,1.97900,1.97900,,1.97900,93.22900,29.47000,38.69300,38.69460,0.10000,0.10000,1.11810,0.33510,0.50400,71.89000,19.31640,19.31640,14.20050,1.29720,0.08360,,1.08730,82.77060,0.19290,0.21440,0.10850,0.12830,26.67560,1.17030,-1.27170
2018-12-31,136.63910,41.22200,95.41710,2.31000,-23.88800,78.96300,16.45400,-14.52900,1.92500,12.76500,-10.84000,-10.84000,,-10.84000,77.47710,9.05000,39.09300,42.71200,-0.30000,-0.20000,1.19570,0.27950,0.38790,69.83140,12.04200,6.62330,1.40880,-7.93330,0.08150,,1.30840,68.78880,-1.05270,-1.16920,-0.64660,-0.75850,26.60310,1.6791,-6.4473
2018-09-30,175.11800,37.01600,138.10200,13.81100,-8.34800,81.19300,56.90900,0.72500,57.63400,-17.66100,75.29500,75.29500,,75.29500,116.75900,64.31300,39.12100,42.79480,1.90000,1.80000,1.52260,0.27510,0.37940,78.86230,32.49750,36.72550,32.91150,42.99670,0.10000,,1.29840,69.31600,7.16050,7.93460,4.30100,5.19090,26.87010,1.9189,5.5939
2018-06-30,163.44600,33.25400,130.19200,12.20200,-16.32200,75.13100,55.06100,-6.76500,48.29600,27.99600,20.30000,20.30000,,20.30000,102.51100,55.06100,39.10540,42.74550,0.50000,0.50000,1.78450,0.28990,0.40820,79.65440,33.68760,33.68760,29.54860,12.42000,0.10080,,1.30010,69.22600,2.08140,2.32610,1.25150,1.47810,24.93370,1.2467,-0.571
2018-03-31,138.22800,28.77300,109.45500,11.16000,-10.49300,61.11400,48.34100,-4.70900,43.63200,25.77100,17.86100,17.86100,,17.86100,88.47200,48.34100,39.12940,39.13790,0.50000,0.50000,1.68550,0.29420,0.41690,79.18440,34.97190,34.97190,31.56520,12.92140,0.08600,,1.32580,67.88550,1.87290,2.09870,1.11160,1.32190,24.39800,1.81640,-0.04090
2017-12-31,127.17900,20.41400,106.76500,12.13800,-83.56000,134.57900,-27.81400,5.86400,-21.95000,18.85200,-40.80200,-40.80200,,-40.80200,10.10000,-27.81400,39.66840,39.66840,-1.00000,-1.00000,0.92530,0.21510,0.27400,83.94860,-21.87000,-21.87000,-17.25910,-32.08230,0.08900,,1.47570,60.98930,-4.35760,-4.89380,-2.85400,-3.42050,23.92870,1.6775,-1.0673
2017-09-30,103.76800,27.96900,75.79900,8.65100,-6.95800,50.88800,24.91100,-3.68800,21.22300,18.09300,3.13000,3.13000,,3.13000,60.83300,24.91100,39.47710,39.47750,0.10000,0.10000,0.83060,0.18890,0.23280,73.04660,24.00640,24.00640,20.45240,3.01630,0.07290,4.00820,1.41840,63.45140,0.31790,0.35490,0.21990,0.25790,24.93740,1.4088,-0.4324
2017-06-30,96.12800,33.70000,62.42800,9.51300,-2.45000,43.77600,18.65200,-12.16200,6.49000,13.29700,-6.80700,-6.80700,,-6.80700,51.08500,18.65200,39.85850,39.85850,-0.20000,-0.20000,1.33320,0.21180,0.26880,64.94260,19.40330,19.40330,6.75140,-7.08120,0.06720,4.70010,1.60160,56.19380,-0.69400,-0.77510,-0.47610,-0.54700,24.84420,0.4428,-1.0103
2017-03-31,94.65900,30.87900,63.78000,8.71200,6.06200,29.52600,34.25400,-2.68700,31.56700,18.79600,12.77100,12.77100,,12.77100,61.73500,34.25400,39.90070,39.90460,0.30000,0.30000,0.77510,0.16230,0.19380,67.37870,36.18670,36.18670,33.34810,13.49160,0.06610,4.23870,1.34850,66.74100,1.28100,1.42790,0.89160,1.07310,24.98560,1.25160,0.09480
2016-12-31,91.61400,31.93000,59.68400,12.60200,-16.77700,225.46790,-165.78390,8.28200,-157.50200,-30.14700,-127.35500,-127.35500,,-127.35500,19.03810,-151.63890,32.08520,32.08520,-3.80000,-3.80000,0.84940,0.18660,0.22940,65.14720,-180.95910,-165.51930,-171.91910,-139.01260,0.06700,4.11150,1.27080,70.82090,-14.82620,-16.83690,-9.31030,-12.05930,21.52820,0.2143,-0.8134
2016-09-30,68.53900,31.41100,37.12800,11.68000,-1.54400,368.92700,-331.79900,-4.39200,-336.19100,-106.57200,-229.61900,-229.61900,,-229.61900,26.08800,-331.79900,32.17250,32.17250,-7.10000,-7.10000,0.58150,0.16690,0.34820,54.17060,-484.10250,-484.10250,-490.51050,-335.01950,0.04610,2.66010,1.30570,68.93100,-26.62000,-30.21310,-15.44010,-22.17750,24.25210,1.3966,0.132
2016-06-30,71.71300,23.96500,47.74800,7.97500,0.01000,132.69200,-84.94400,-1.45200,-86.39600,-22.83700,-63.55900,-63.55900,,-63.55900,40.27200,-84.94400,29.65660,29.65660,-2.10000,-2.10000,4.01440,0.10540,0.11790,66.58210,-118.45000,-118.45000,-120.47470,-88.62970,0.06170,2.56610,0.96750,93.02080,-6.86390,-7.71900,-5.46780,-6.14010,31.09070,0.9209,0.9683
2016-03-31,57.40300,31.39500,26.00800,8.28600,6.01300,96.08300,-70.07500,-0.07000,-70.14500,-25.11300,-45.03200,-45.03200,,-45.03200,23.87500,-70.07500,29.38120,29.38120,-1.50000,-1.50000,1.98910,,,45.30770,-122.07550,-122.07550,-122.19740,-78.44890,0.05000,2.93690,0.81670,110.19720,-4.57370,-5.10560,-3.92170,-4.57370,33.24390,0.36800,-1.18290
2015-12-31,54.35600,26.45100,27.90500,6.89800,-7.17800,153.76000,-125.85500,1.22300,-124.63200,-41.91000,-82.72200,-82.72200,,-82.72200,13.82900,-125.85500,28.53340,28.53340,-2.90000,-2.90000,3.16850,,,51.33740,-231.53850,-231.53850,-229.28850,-152.18560,0.04740,1.38810,0.93960,95.78850,-8.25860,-9.20090,-7.21760,-8.25860,35.51750,0.1325,-1.3378
2015-09-30,75.65300,33.75100,41.90200,7.86300,9.79200,203.06400,-161.16200,0.26600,-160.89600,-59.01900,-101.87700,-101.87700,,-101.87700,43.83100,-161.16200,28.55920,28.55920,-3.60000,-3.60000,3.52480,,,55.38710,-213.02790,-213.02790,-212.67630,-134.66350,0.05950,1.76960,1.54610,58.21280,-9.37220,-10.34880,-8.01630,-9.37220,38.35200,1.8567,1.0258
2015-06-30,69.35000,24.13300,45.21700,10.29800,-3.59100,83.36200,-38.14500,0.38200,-37.76300,0.80100,-38.56400,-38.56400,,-38.56400,31.32800,-38.14500,28.63940,28.63940,-1.30000,-1.30000,3.08660,,,65.20120,-55.00360,-55.00360,-54.45280,-55.60780,0.04690,0.72130,0.86620,103.90430,-3.22830,-3.53160,-2.60700,-3.22830,41.70430,0.1125,-0.5097
2015-03-31,76.65200,31.43400,45.21800,7.29400,3.43300,90.01500,-44.79700,,-44.79700,0.06900,-44.86600,-44.86600,,-44.86600,41.35700,-44.79700,28.61940,28.61940,-1.60000,-1.60000,2.43870,,,58.99130,-58.44200,-58.44200,-58.44210,-58.53210,0.04950,1.95300,1.04880,85.80950,-3.64200,-3.97280,-2.89530,-3.64200,43.01430,0.08190,-2.48440
2014-12-31,96.72800,32.78800,63.94000,11.10400,27.98600,293.98400,-230.04400,,-227.18800,42.60100,-269.78900,-269.78900,0.00000,-269.78900,80.82200,-230.04400,28.47160,28.47160,-9.40000,-9.40000,2.06680,,,66.10290,-237.82560,-237.82560,-234.87300,-278.91510,0.05640,1.89550,0.97640,92.17910,-21.13200,-22.97830,-15.73990,-21.13200,44.60940,2.6568,-1.7612
2014-09-30,162.28900,33.94900,128.34000,13.35000,9.64800,57.63800,70.70200,,70.70200,26.51800,44.18400,44.18400,,44.18400,124.63800,70.70200,28.55770,28.80600,1.50000,1.50000,2.85230,,,79.08110,43.56550,43.56550,43.56550,27.22550,0.08440,2.44840,1.40660,63.98200,2.85910,3.06240,2.29710,2.85910,53.98800,4.1052,0.797
2014-06-30,148.52600,25.34600,123.18000,13.93200,-7.44000,63.30900,59.87100,,59.87100,28.38700,31.48400,31.48400,-22.34700,9.13700,101.80800,59.87100,28.37730,28.78570,0.30000,0.30000,2.85600,,,82.93500,40.31010,40.31010,40.31010,6.15180,0.07910,0.99750,1.17710,76.45930,2.10570,2.26090,1.67650,2.10570,52.42170,-0.4228,-4.0866
2014-03-31,151.85500,21.86600,129.98900,12.86300,6.61900,50.50800,79.48100,,79.48100,29.70900,49.77200,49.77200,-4.64300,45.12900,123.74500,79.48100,28.32350,28.86370,1.60000,1.60000,1.92200,,,85.60070,52.34010,52.34010,52.34010,29.71850,0.07750,1.51770,1.26090,71.38010,3.36830,3.61950,2.53940,3.36830,52.15550,1.25290,-1.10850
2013-12-31,119.66600,20.11800,99.54800,8.83600,5.67200,38.56800,60.98000,,56.58000,23.26700,33.31300,33.31300,-45.77800,-12.46500,106.50800,58.80600,28.28090,28.61280,-0.50000,-0.50000,1.92220,,,83.18820,50.95850,49.14180,47.28160,-10.41650,0.06280,1.46580,2.00500,44.88720,2.32970,2.50980,1.74910,2.32970,50.48930,6.0933,2.7316
2013-09-30,171.34400,25.06900,146.27500,11.76800,-0.43000,63.46700,82.80800,,82.80800,42.59500,40.21300,40.21300,-7.15600,33.05700,134.07700,82.80800,28.30920,28.60270,1.20000,1.20000,2.20110,,,85.36920,48.32850,48.32850,48.32850,19.29280,0.09040,1.52820,1.14240,78.78050,2.79260,3.00680,2.12270,2.79260,50.85510,3.4893,2.5842
2013-06-30,150.57400,23.97000,126.60400,9.09000,12.62200,52.06000,74.54400,,74.54400,24.96000,49.58400,49.58400,-1.80100,47.78300,122.18600,74.54400,28.28220,28.54500,1.70000,1.70000,2.25850,,,84.08090,49.50660,49.50660,49.50660,31.73390,0.08310,1.62840,1.23740,72.73570,3.53080,3.80910,2.73550,3.53080,49.61020,4.8634,-1.017
2013-03-31,205.37100,41.01500,164.35600,11.42100,0.82900,69.00400,95.35200,,95.35200,37.43900,57.91300,57.91300,,57.91300,153.76400,95.35200,28.21380,28.50260,2.10000,2.00000,2.39770,,,80.02880,46.42920,46.42920,46.42910,28.19920,0.11600,2.23880,1.26680,71.04480,4.27970,4.63070,3.27000,4.27970,47.87710,3.85200,3.85200
2012-12-31,65.14200,4.09200,61.05000,0.26500,8.47600,4.37700,56.67300,,56.67300,13.98700,42.68600,42.68600,,42.26300,69.26100,56.67300,28.07410,28.41720,1.40000,1.40000,2.16240,,,93.71840,86.99920,86.99920,86.99920,64.87830,0.03760,0.12230,0.40770,220.73230,3.30530,3.59050,2.46330,3.30530,45.81120,4.9411,4.3631
2012-09-30,168.93300,36.29500,132.63800,12.89600,1.31500,56.62500,76.01300,,76.01300,31.40800,44.60500,44.60500,,44.60500,121.05700,76.01300,28.16950,28.46050,1.60000,1.60000,2.21180,,,78.51520,44.99590,44.99590,44.99590,26.40400,0.10410,1.68040,0.87820,102.48410,3.57920,3.90020,2.74830,3.57920,44.23880,1.4485,-0.0688
2012-06-30,115.15000,27.33300,87.81700,17.59900,-4.80700,54.97700,32.84000,,32.84000,19.73600,13.10400,13.10400,,13.10400,65.41100,32.84000,28.07150,28.41410,0.50000,0.50000,2.33910,,,76.26310,28.51930,28.51930,28.51930,11.37990,0.07500,1.01030,1.00770,89.31300,1.09350,1.19590,0.85400,1.09350,42.54020,-0.4051,-3.8945
2012-03-31,155.95100,24.48700,131.46400,15.89900,-24.37500,100.64100,30.82300,,30.82300,31.13600,-0.31300,-0.31300,,-0.31300,91.19000,30.82300,27.87340,27.87340,0.00000,0.00000,1.69060,,,84.29830,19.76450,19.76450,19.76450,-0.20070,0.09470,1.70770,0.94450,95.28400,-0.02660,-0.02910,-0.01900,-0.02660,42.23790,-0.48360,-3.28140
2011-12-31,161.73500,25.21400,136.52100,14.02500,3.78400,81.30200,55.21900,,55.21900,22.66700,32.55200,32.55200,,32.55200,126.28000,55.21900,27.34920,28.12870,1.20000,1.20000,1.87040,,,84.41030,34.14160,34.14170,34.14170,20.12680,0.09940,3.54330,1.78030,50.55330,2.77200,3.03730,2.00100,2.77200,42.14660,7.6261,4.6994
2011-09-30,151.03300,21.72700,129.30600,16.31600,15.92100,50.24700,79.05900,,79.05900,29.97400,49.08500,49.08500,,49.08500,128.91100,79.05900,27.76090,28.40260,1.80000,1.70000,2.32120,,,85.61440,52.34550,52.34550,52.34550,32.49950,0.09810,3.43020,0.91680,98.16380,4.32270,4.75200,3.18780,4.32270,40.90030,3.7856,1.3234
2011-06-30,162.12000,23.16000,138.96000,16.41000,-16.02500,79.40000,59.56000,,59.56000,27.99300,31.56700,31.56700,,31.56700,106.52500,59.56000,27.72980,28.44520,1.10000,1.10000,2.09700,,0.02890,85.71430,36.73820,36.73820,36.73820,19.47140,0.10550,3.25780,0.91790,98.05180,2.91580,3.22100,2.05370,2.91580,38.98420,2.3304,-1.1949
2011-03-31,122.51900,16.39600,106.12300,13.63800,11.28100,65.71400,40.40900,,40.40900,26.69600,13.71300,13.71300,,13.71300,103.76600,40.40900,26.09310,26.78190,0.50000,0.50000,2.10800,,0.02980,86.61760,32.98180,32.98180,32.98180,11.19260,0.08230,2.54280,0.79700,112.91890,1.30870,1.45070,0.92140,1.30870,37.82630,-1.16590,-3.93880
2010-12-31,112.66700,20.33100,92.33600,12.48000,16.90200,51.91300,40.42300,,40.42300,27.30500,13.11800,13.11800,,13.11800,96.75800,40.42300,25.36970,26.43030,0.50000,0.40000,2.74530,,,81.95480,35.87830,35.87830,35.87830,11.64320,0.09020,3.58630,2.25290,39.94790,1.47910,1.67260,1.05010,1.47910,34.35840,3.7347,1.7009
2010-09-30,84.56900,19.40100,65.16800,10.97700,-16.32000,62.55100,2.61700,,2.61700,5.89400,-3.27700,-3.27700,,-3.27700,37.87100,2.61700,25.49520,25.49520,-0.10000,-0.10000,3.18250,,,77.05900,3.09450,3.09450,3.09450,-3.87490,0.06970,3.54100,1.12160,80.24110,-0.37710,-0.42750,-0.27020,-0.37710,33.83600,1.9693,0.4271
2010-06-30,84.11400,9.52900,74.58500,9.59400,-3.12600,44.36100,30.22400,,30.22400,12.85300,17.37100,17.37100,,17.37100,61.86500,30.22400,25.43440,26.38530,0.70000,0.70000,3.69760,,,88.67130,35.93220,35.93220,35.93220,20.65170,0.07090,1.38600,1.11230,80.91700,2.00630,2.27600,1.46350,2.00630,34.12480,1.9123,1.0588
2010-03-31,93.11000,10.18500,82.92500,7.19000,-14.25000,61.78300,21.14200,,21.14200,11.18200,9.96000,9.96000,,9.96000,61.48500,21.14200,24.88190,25.68630,0.40000,0.40000,3.70790,,,89.06130,22.70650,22.70650,22.70650,10.69700,0.07970,2.44830,1.04920,85.78080,1.17730,1.33980,0.85210,1.17730,33.38240,0.09520,-0.93540
2009-12-31,96.28600,15.72100,80.56500,9.56100,12.57300,37.38500,43.18000,,43.18000,12.35500,30.82500,30.82500,,30.82500,83.57700,43.18000,24.12590,25.35900,1.30000,1.20000,3.03760,,,83.67260,44.84560,44.84560,44.84560,32.01400,0.08420,3.22220,2.57520,34.94900,3.77560,4.31820,2.69490,3.77560,33.44670,5.0784,4.6097
2009-09-30,75.35400,9.09900,66.25500,7.07600,-18.79000,61.11200,5.14300,,5.14300,7.95900,-2.81600,-2.81600,,-2.81600,40.38900,5.14300,24.22330,24.22330,-0.10000,-0.10000,4.84570,,,87.92500,6.82510,6.82510,6.82510,-3.73700,0.07050,2.69600,0.95740,93.99990,-0.36040,-0.41220,-0.26340,-0.36040,32.24920,1.2354,0.1781
2009-06-30,58.51100,8.87800,49.63300,7.02500,-33.99200,73.70800,-24.07500,,-24.07500,4.12500,-28.20000,-28.20000,,-28.20000,8.61600,-24.07500,24.14270,24.14270,-1.20000,-1.20000,3.71660,,,84.82680,-41.14610,-41.14610,-41.14610,-48.19610,0.05540,3.90240,1.06300,84.66720,-3.60770,-4.12610,-2.66930,-3.60770,32.37250,0.5175,-0.0662
2009-03-31,33.56500,7.08600,26.47900,5.12500,20.22200,12.43200,14.04700,,14.04700,-0.08500,14.13200,14.13200,,14.13200,41.57600,14.04700,23.89070,24.89140,0.60000,0.60000,3.48850,,,78.88870,41.85020,41.85020,41.85010,42.10340,0.03200,2.69630,0.93040,96.73020,1.74920,1.99120,1.34530,1.74920,33.75920,-0.30690,-1.17570
