Date,revenue,cost-goods-sold,gross-profit,selling-general-administrative-expenses,other-operating-income-expenses,operating-expenses,operating-income,total-non-operating-income-expense,pre-tax-income,total-provision-income-taxes,income-after-taxes,income-from-continuous-operations,net-income,ebitda,ebit,basic-shares-outstanding,shares-outstanding,eps-basic-net-earnings-per-share,eps-earnings-per-share-diluted,current-ratio,long-term-debt-capital,debt-equity-ratio,gross-margin,operating-margin,ebit-margin,pre-tax-profit-margin,net-profit-margin,asset-turnover,receiveable-turnover,days-sales-in-receivables,roe,return-on-tangible-equity,roa,roi,book-value-per-share,operating-cash-flow-per-share,free-cash-flow-per-share
2023-12-31,2590.00000,2160.00000,430.00000,237.00000,-12.00000,343.00000,87.00000,-19.00000,68.00000,-5.00000,73.00000,73.00000,73.00000,180.00000,87.00000,118.90800,119.49000,0.62000,0.62000,0.97790,0.35480,0.55910,16.60230,3.35910,3.35910,2.62550,2.81850,0.27240,1.47750,60.91510,2.47790,-14.25780,0.76790,1.59880,24.74450,1.803,1.2653
2023-09-30,2471.00000,2012.00000,459.00000,258.00000,-3.00000,369.00000,90.00000,-7.00000,83.00000,15.00000,68.00000,68.00000,66.00000,191.00000,90.00000,118.94100,119.64500,0.55000,0.55000,1.01310,0.36530,0.58470,18.57550,3.64230,3.64230,3.35900,2.67100,0.27180,1.48770,60.49780,2.41390,-16.03770,0.74800,1.53220,23.68200,2.0294,1.5971
2023-06-30,2394.00000,1957.00000,437.00000,245.00000,-6.00000,338.00000,99.00000,-13.00000,86.00000,20.00000,66.00000,66.00000,65.00000,183.00000,99.00000,118.92700,119.41500,0.55000,0.54000,0.95960,0.36630,0.59050,18.25400,4.13530,4.13530,3.59230,2.71510,0.26230,1.39270,64.62410,2.34790,-12.33650,0.72320,1.48780,23.63540,0.5103,0.0256
2023-03-31,2323.00000,1906.00000,417.00000,258.00000,-13.00000,375.00000,42.00000,-13.00000,29.00000,3.00000,26.00000,26.00000,25.00000,125.00000,42.00000,118.78100,119.23100,0.21000,0.21000,0.95460,0.38430,0.65500,17.95090,1.80800,1.80800,1.24840,1.07620,0.25560,1.44740,62.18250,0.95620,-4.32610,0.28600,0.58880,22.87010,0.32710,-0.36060
2022-12-31,2467.00000,2035.00000,432.00000,249.00000,-4.00000,358.00000,74.00000,-15.00000,59.00000,13.00000,46.00000,46.00000,46.00000,161.00000,74.00000,117.05000,117.61600,0.39000,0.38000,0.95890,0.39370,0.67440,17.51120,2.99960,2.99960,2.39160,1.86460,0.26760,1.49790,60.08510,1.71770,-7.41940,0.49900,1.04140,22.55580,1.9542,1.209
2022-09-30,2287.00000,1885.00000,402.00000,227.00000,-14.00000,330.00000,72.00000,11.00000,83.00000,19.00000,64.00000,64.00000,63.00000,161.00000,72.00000,118.62100,119.06500,0.53000,0.53000,0.98550,0.40770,0.72450,17.57760,3.14820,3.14820,3.62920,2.75470,0.25970,1.51760,59.30480,2.46250,-11.03450,0.72680,1.45850,21.90860,0.9394,0.3857
2022-06-30,2156.00000,1775.00000,381.00000,220.00000,-24.00000,322.00000,59.00000,14.00000,73.00000,21.00000,52.00000,52.00000,51.00000,136.00000,59.00000,116.13100,116.64600,0.44000,0.44000,0.95430,0.41290,0.73600,17.67160,2.73650,2.73650,3.38590,2.36550,0.24760,1.38210,65.12060,2.03050,-6.79740,0.59730,1.19210,21.59180,1.3166,0.5842
2022-03-31,2083.00000,1748.00000,335.00000,190.00000,-19.00000,298.00000,37.00000,12.00000,49.00000,11.00000,38.00000,38.00000,37.00000,113.00000,37.00000,114.73100,115.56900,0.32000,0.32000,0.95660,0.27640,0.39540,16.08260,1.77630,1.77630,2.35240,1.77630,0.29230,1.39610,64.46470,1.60000,25.33330,0.53330,1.15780,20.68100,0.39800,-0.13840
2021-12-31,2262.00000,1912.00000,350.00000,195.00000,-17.00000,287.00000,63.00000,7.00000,70.00000,13.00000,57.00000,57.00000,56.00000,139.00000,63.00000,114.63200,115.59700,0.48000,0.48000,0.90120,0.27950,0.40210,15.47300,2.78510,2.78510,3.09460,2.47570,0.31110,1.50100,59.96020,2.38490,49.13790,0.78390,1.71840,20.84440,1.7635,1.1848
2021-09-30,1974.00000,1651.00000,323.00000,171.00000,-29.00000,287.00000,36.00000,6.00000,42.00000,-31.00000,73.00000,73.00000,72.00000,121.00000,36.00000,114.62900,115.52900,0.63000,0.62000,0.87220,0.28550,0.41680,16.36270,1.82370,1.82370,2.12770,3.64740,0.27670,1.41910,63.41950,3.12370,347.61900,1.02340,2.23170,20.32170,0.8989,0.4308
2021-06-30,1882.00000,1554.00000,328.00000,177.00000,-35.00000,306.00000,22.00000,-7.00000,15.00000,1.00000,14.00000,14.00000,11.00000,117.00000,22.00000,114.62600,114.62600,0.10000,0.10000,0.97710,0.16650,0.21210,17.42830,1.16900,1.16900,0.79700,0.58450,0.26630,1.45100,62.02440,0.48040,2.49550,0.19810,0.40050,,0.8637,0.4275
2021-03-31,1822.00000,1520.00000,302.00000,171.00000,-18.00000,272.00000,30.00000,-4.00000,26.00000,9.00000,17.00000,17.00000,14.00000,109.00000,30.00000,114.62600,114.62600,0.12000,0.12000,,,,16.57520,1.64650,1.64650,1.42700,0.76840,,,,,,,,,0.41000,-0.17450
2020-12-31,,,,,,,,,,,,,,,,,,,0.00000,,,,,,,,,,,,,,,,,-3,-1.713
2020-09-30,1584.00000,1297.00000,287.00000,157.00000,2.00000,238.00000,49.00000,-6.00000,43.00000,20.00000,23.00000,23.00000,18.00000,132.00000,49.00000,115.00000,115.00000,0.16000,0.16000,,,,18.11870,3.09340,3.09340,2.71460,1.13640,,,,,,,,,1.3391,0.8869
2020-06-30,1405.00000,1185.00000,220.00000,168.00000,-25.00000,305.00000,-85.00000,-4.00000,-89.00000,-24.00000,-65.00000,-65.00000,-65.00000,-85.00000,-85.00000,115.00000,115.00000,-0.57000,-0.57000,,,,15.65840,-6.04980,-6.04980,-6.33450,-4.62630,,,,,,,,,1.6609,0.8261
2019-12-31,,,,,,,,,,,,,,,,,,,0.00000,,,,,,,,,,,,,,,,,0,0
