Date,revenue,cost-goods-sold,gross-profit,selling-general-administrative-expenses,operating-expenses,operating-income,total-non-operating-income-expense,pre-tax-income,total-provision-income-taxes,income-after-taxes,income-from-continuous-operations,income-from-discontinued-operations,net-income,basic-shares-outstanding,shares-outstanding,eps-basic-net-earnings-per-share,eps-earnings-per-share-diluted,long-term-debt-capital,debt-equity-ratio,pre-tax-profit-margin,net-profit-margin,asset-turnover,roe,return-on-tangible-equity,roa,roi,book-value-per-share,operating-cash-flow-per-share,free-cash-flow-per-share
2023-12-31,103.86300,44.04300,59.82000,32.34100,32.34100,27.47900,,27.47900,8.84600,18.63300,18.63300,,18.63300,30.17000,30.25100,0.61000,0.61000,,,,,,,,,,,,
2023-09-30,105.30000,39.21700,66.08300,39.39900,39.39900,26.68400,,26.68400,7.88800,18.79600,18.79600,,18.67900,30.25200,30.29290,0.62000,0.62000,0.16370,0.44070,43.79520,30.65700,0.00830,2.83350,2.91380,0.25570,2.36960,21.81310,0.9802,1.2558
2023-06-30,98.70500,35.34800,63.35700,34.20300,34.20300,29.15400,,29.15400,8.53400,20.62000,20.62000,,20.49200,30.32430,30.38700,0.68000,0.67000,0.16250,0.38100,45.95960,32.30440,0.00860,3.08420,3.17210,0.28070,2.58310,21.93010,1.1207,1.0863
2023-03-31,95.63900,29.45000,66.18900,34.92400,34.92400,31.26500,,31.26500,9.27400,21.99100,21.99100,,21.87400,30.34730,30.43080,0.72000,0.72000,0.16360,0.72420,48.80890,34.14830,0.00860,3.32110,3.41780,0.29580,2.77760,21.67130,1.18720,1.16690
2022-12-31,89.69500,17.67800,72.01700,33.89400,33.89400,38.12300,,38.12300,9.64300,28.48000,28.48000,,28.91700,30.29920,30.39210,0.94000,0.93000,0.16870,0.75200,52.97440,40.18200,0.00980,4.46730,4.60010,0.38600,3.71350,20.91170,1.5442,1.5385
2022-09-30,80.36400,8.36400,72.00000,33.83800,33.83800,38.16200,,38.16200,10.99300,27.16900,27.16900,,27.00600,30.31440,30.39680,0.89000,0.89000,0.17510,0.37650,53.42050,37.80390,0.01000,4.46200,4.60330,0.38110,3.68070,19.97420,1.6361,1.6246
2022-06-30,72.53000,4.17600,68.35400,33.07100,33.07100,35.28300,,35.28300,10.23300,25.05000,25.05000,,24.90000,30.29690,30.41230,0.82000,0.82000,0.17270,0.44330,52.85210,37.29890,0.00960,4.05150,4.17760,0.36010,3.35160,20.28330,1.0038,0.978
2022-03-31,65.42400,5.94800,59.47600,30.31700,30.31700,29.15900,,29.15900,8.46400,20.69500,20.69500,,20.57100,30.25420,30.37760,0.68000,0.68000,0.17190,0.40870,47.91870,33.80550,0.00900,3.33010,3.43260,0.30720,2.75780,20.39690,0.66280,0.64250
2021-12-31,63.90500,5.11500,58.79000,15.68400,15.68400,43.10600,,43.10600,9.77500,33.33100,33.33100,,33.74400,30.39360,30.47180,1.09000,1.10000,0.25050,0.54790,57.67380,45.14790,0.01090,5.18030,5.33350,0.48600,3.88280,21.16020,0.9332,0.924
2021-09-30,67.90900,5.42000,62.48900,25.26800,25.26800,37.22100,,37.22100,10.65600,26.56500,26.56500,,26.42700,30.47440,30.55220,0.87000,0.86000,0.25760,0.56920,53.38410,37.90280,0.01030,4.29120,4.42180,0.39200,3.18560,20.33560,-2.1387,-2.1529
2021-06-30,63.49300,5.03500,58.45800,27.45600,27.45600,31.00200,,31.00200,8.88000,22.12200,22.12200,,21.94700,30.44300,30.52050,0.72000,0.72000,0.16510,0.44650,50.17720,35.52160,0.00940,3.66880,3.77980,0.33630,3.06310,19.64220,4.0648,4.0334
2021-03-31,61.86400,6.05500,55.80900,31.64400,31.64400,24.16500,,24.16500,7.50600,16.65900,16.65900,,16.55900,30.46170,30.47400,0.54000,0.54000,0.16990,0.46380,45.00000,30.83610,0.00830,2.86320,2.95310,0.25870,2.37660,18.96240,0.21660,0.18350
2020-12-31,63.16900,7.48300,55.68600,36.00600,36.00600,19.68000,,19.68000,5.35300,14.32700,14.32700,,14.49800,30.28040,30.28040,0.47000,0.47000,0.17090,0.46610,38.89100,28.65050,0.00820,2.48280,2.56200,0.23100,2.05840,18.78520,0.6662,0.7027
2020-09-30,61.98600,9.24100,52.74500,29.96200,29.96200,22.78300,,22.78300,6.43900,16.34400,16.34400,,16.24600,30.46430,30.46430,0.53000,0.53000,0.17420,0.47770,43.22580,30.82320,0.00860,2.90200,2.99790,0.26760,2.39640,18.33340,0.5356,0.455
2020-06-30,76.66700,11.29400,65.37300,51.73200,51.73200,13.64100,,13.64100,4.46600,9.17500,9.17500,,9.12000,30.42700,30.42700,0.30000,0.30000,0.17820,0.67680,33.45100,22.36450,0.00660,1.67600,1.73270,0.14760,1.37740,17.85620,-0.0098,-0.0436
2020-03-31,65.14800,14.95000,50.19800,46.80700,46.80700,3.39100,,3.39100,1.04100,2.35000,2.35000,,2.33200,30.46900,30.47290,0.08000,0.08000,0.17650,0.75710,9.84070,6.76750,0.00610,0.42500,0.43970,0.04180,0.35000,18.05700,0.79620,0.75680
2019-12-31,67.40800,16.76300,50.64500,44.84200,44.84200,5.80300,,5.80300,2.71900,3.08400,3.08400,,3.05000,30.72540,30.76040,0.09000,0.09000,0.17370,0.37010,14.54640,7.64550,0.00720,0.54750,0.56650,0.05570,0.45240,18.28790,0.1068,0.2023
2019-09-30,69.03700,18.11900,50.91800,34.20900,34.20900,16.70900,,16.70900,4.33300,12.37600,12.37600,,12.27500,30.83050,30.85910,0.40000,0.40000,0.17070,0.33630,33.88150,24.89050,0.00890,2.15410,2.22930,0.22390,1.78650,18.42970,0.5701,0.5245
2019-06-30,69.21100,18.49200,50.71900,46.84300,46.84300,3.87600,,3.87600,1.22000,2.65600,2.65600,,2.64000,30.68530,30.72770,0.09000,0.09000,0.17300,0.20920,11.39330,7.76010,0.00620,0.47050,0.48750,0.04820,0.38910,18.22300,0.5043,0.6339
2019-03-31,68.66800,17.52600,51.14200,30.18200,30.18200,20.96000,,20.96000,6.28800,14.67200,14.67200,,14.59300,30.66740,30.72080,0.48000,0.48000,0.17290,0.20900,41.89910,29.17140,0.00900,2.60010,2.69600,0.26340,2.15060,18.28500,0.73020,0.68320
2018-12-31,68.25600,16.31100,51.94500,31.49300,31.49300,20.45200,,19.60600,8.22200,11.38400,11.38400,,11.31100,31.92490,32.05130,0.36000,0.35000,0.17570,0.31300,40.09080,23.12900,0.00890,2.06020,2.14040,0.20690,1.69820,17.86630,0.56,0.5625
2018-09-30,66.25100,14.70700,51.54400,29.20800,29.20800,22.33600,,22.33600,6.25500,16.08100,16.08100,,15.98000,32.15510,32.27530,0.50000,0.50000,0.17170,0.48910,43.50270,31.12340,0.00940,2.83240,2.94200,0.29310,2.34620,17.69400,0.6239,0.5361
2018-06-30,63.26700,12.20800,51.05900,29.61000,29.61000,21.44900,,21.44900,5.90100,15.54800,15.54800,,15.45200,32.18910,32.33680,0.48000,0.48000,0.17050,0.67790,42.09070,30.32240,0.00940,2.71960,2.82650,0.28710,2.25580,17.58340,0.6344,0.6193
2018-03-31,61.14300,10.15800,50.98500,30.40600,30.40600,20.57900,,20.57900,5.72400,14.85500,14.85500,,14.76600,32.14520,32.30110,0.46000,0.46000,0.17220,0.59950,40.88330,29.33490,0.00950,2.63260,2.74100,0.28000,2.17920,17.36080,0.57270,0.55780
2017-12-31,63.46400,9.44000,54.02400,29.50900,29.50900,24.51500,0.03100,24.54600,13.04900,11.49700,11.49700,,11.42800,32.07160,32.24990,0.36000,0.35000,0.17250,0.47660,45.62110,21.24010,0.01030,2.04400,2.13020,0.22070,1.69140,17.34330,0.8014,0.7797
2017-09-30,62.67800,8.93600,53.74200,28.92900,28.92900,24.81300,,24.81300,9.89000,14.92300,14.92300,,14.83000,32.09530,32.25580,0.46000,0.46000,0.17320,0.40620,46.40290,27.73360,0.01050,2.66840,2.78320,0.29200,2.20630,17.25380,0.7702,0.7574
2017-06-30,61.02800,8.14800,52.88000,29.37500,29.37500,23.50500,0.00900,23.51400,9.05700,14.45700,14.45700,,14.36400,32.07800,32.24300,0.45000,0.45000,0.17540,0.25170,44.82440,27.38190,0.01050,2.62790,2.74350,0.29070,2.16700,16.98280,0.3355,0.3565
2017-03-31,55.56600,5.99500,49.57100,27.16000,27.16000,22.41100,,22.41100,8.62800,13.78300,13.78300,,13.69900,32.00180,32.19150,0.43000,0.43000,0.17790,0.31090,45.13710,27.59060,0.01030,2.55460,2.67040,0.28640,2.10000,16.65610,0.62490,0.61220
2016-12-31,55.38000,5.24700,50.13300,26.51500,26.51500,23.61800,,24.02700,9.61100,14.41600,14.41600,,14.21700,31.89960,32.04870,0.45000,0.44000,0.03450,0.63080,48.07130,28.44420,0.01060,2.71480,2.84020,0.30660,2.62110,16.42460,0.7028,0.6494
2016-09-30,52.99900,4.74300,48.25600,26.88700,26.88700,21.36900,,21.36900,8.24800,13.12100,13.12100,,13.04000,31.91250,32.08820,0.41000,0.41000,0.03430,0.14110,42.99080,26.23430,0.01130,2.47010,2.52860,0.29810,2.38530,16.46970,0.8091,0.8832
2016-06-30,53.53200,4.17900,49.35300,26.34800,26.34800,23.00500,,23.00500,8.85700,14.14800,14.14800,,14.05000,31.88250,32.02990,0.44000,0.44000,0.03460,0.57370,45.22490,27.62050,0.01150,2.69390,2.76160,0.31860,2.60070,16.27980,0.1574,0.1449
2016-03-31,49.63500,4.10500,45.53000,24.54300,24.54300,20.98700,,20.98700,6.18300,14.80400,14.80400,,14.72500,31.84640,31.92810,0.46000,0.46000,0.03540,0.53160,44.60100,31.29320,0.01090,2.89790,2.97400,0.34340,2.79520,15.84060,0.18270,0.15170
2015-12-31,53.77100,4.13100,49.64000,24.13000,24.13000,25.51000,-0.22400,25.28600,10.46000,14.82600,14.82600,,14.75900,31.78820,31.87680,0.46000,0.45000,0.03650,0.38930,47.28650,27.60030,0.01260,3.00170,3.08570,0.35010,2.89220,15.44750,0.941,0.9417
2015-09-30,53.58600,4.04000,49.54600,25.01800,25.01800,24.52800,,24.52800,10.56900,13.95900,13.95900,,13.88100,31.79960,31.90980,0.44000,0.44000,0.03700,0.35300,46.06200,26.06760,0.01260,2.87550,2.95950,0.33120,2.76900,15.18120,0.646,0.6497
2015-06-30,52.18300,3.95700,48.22600,24.48700,24.48700,23.73900,-0.13600,23.60300,9.61900,13.98400,13.98400,,13.98400,31.77470,31.90870,0.44000,0.44000,0.03790,0.04290,46.61950,27.62050,0.01280,2.95810,3.05510,0.35220,2.84600,14.78470,0.6671,0.6549
2015-03-31,52.28800,3.98100,48.30700,28.10800,28.10800,20.19900,-1.61100,18.58800,7.53400,11.05400,11.05400,,11.05400,31.74730,32.02670,0.35000,0.35000,0.03820,0.04530,37.19090,22.11680,0.01220,2.36460,2.44470,0.27070,2.27420,14.63860,-0.16700,-0.19520
2014-12-31,50.44500,4.10600,46.33900,35.47400,35.47400,10.86500,-3.07400,8.22800,2.30100,5.92700,5.92700,-0.00100,6.37200,31.69610,31.97810,0.18000,0.19000,0.03930,0.37580,18.09190,14.01090,0.01070,1.30730,1.35460,0.14000,1.25590,14.20830,0.0436,0.0307
2014-09-30,56.17300,3.47500,52.69800,22.11500,22.11500,30.58300,-3.41500,27.16800,5.36800,21.80000,21.80000,,21.80000,31.70860,32.00140,0.69000,0.68000,0.04080,0.30090,51.60110,41.40550,0.01250,5.00930,5.12730,0.51560,4.80490,13.64500,-0.0723,-0.0763
2014-06-30,35.83100,3.18300,32.64800,14.20100,14.20100,18.44700,-0.07200,18.37500,6.86600,11.50900,11.50900,-0.46500,11.04200,31.68100,31.97430,0.35000,0.35000,,0.23500,50.32320,30.24050,0.01180,2.69940,2.74030,0.37190,2.69940,13.38150,0.0966,0.0812
2014-03-31,36.58100,3.26900,33.31200,14.41400,14.41400,18.89800,-0.08500,18.81300,7.84400,10.96900,10.96900,0.02200,10.99100,31.65970,31.93420,0.35000,0.34000,,0.32420,51.38480,30.02020,0.01180,2.64490,2.69490,0.35420,2.64490,13.04340,0.72850,0.72480
2013-12-31,34.48500,3.33800,31.14700,15.40100,15.40100,15.74600,,15.54000,5.50800,10.03200,10.03200,-0.15700,9.80200,31.59890,31.69650,0.31000,0.31000,,0.32380,50.83250,32.06310,0.01000,2.50750,2.55870,0.32840,2.50750,12.59610,0.4037,0.3895
2013-09-30,37.68600,3.15300,34.53300,17.63600,17.63600,16.89700,,16.89700,6.58200,10.31500,10.31500,0.07000,10.38500,31.62110,31.73300,0.33000,0.33000,,0.01050,48.93000,30.07270,0.01210,2.59200,2.64240,0.36250,2.59200,12.53250,0.566,0.5579
2013-06-30,37.11700,3.22500,33.89200,18.60700,18.60700,15.28500,,15.28500,5.95800,9.32700,9.32700,0.16000,9.48700,31.59080,31.65590,0.30000,0.30000,,0.01040,45.09910,27.99190,0.01220,2.35890,2.40540,0.33630,2.35890,12.51060,0.3669,0.3617
2013-03-31,37.75200,3.79100,33.96100,19.12600,19.16700,14.79400,,14.79400,4.68400,10.11000,10.11000,,10.11000,31.53900,31.62670,0.32000,0.32000,0.11680,0.14520,43.56170,29.76940,0.01220,2.59830,2.64790,0.36210,2.29470,12.31770,0.57900,0.57440
2012-12-31,31.69200,3.70800,27.98400,13.42100,13.29800,14.68600,,14.68600,0.92400,13.76200,13.76200,,13.92900,31.47550,31.51560,0.45000,0.45000,0.17880,0.22910,52.48000,49.77490,0.00970,3.63720,3.70460,0.47740,2.98670,12.01270,0.3984,0.3903
2012-09-30,35.92200,4.48300,31.43900,18.76300,18.80400,12.63500,,12.63500,-0.64400,13.27900,13.27900,,13.27900,31.47600,31.54500,0.42000,0.42000,0.18460,0.24060,40.18890,42.23740,0.01110,3.64820,3.71480,0.46730,2.97470,11.55920,0.545,0.5443
2012-06-30,37.15400,4.79300,32.36100,23.71800,23.76300,8.59800,,8.59800,-47.17700,55.77500,55.77500,,55.77500,31.47560,31.49980,1.77000,1.77000,0.19130,0.24960,30.31630,196.66090,0.01000,16.00630,16.30680,1.95930,12.94500,11.06600,1.4032,1.3977
2012-03-31,33.92700,5.76100,28.16600,20.67500,20.74600,7.42000,,7.42000,0.07900,7.34100,7.34100,,7.34100,31.47050,31.48960,0.23000,0.23000,0.21910,0.29670,28.35740,28.05550,0.00940,2.49930,2.54240,0.26490,1.95180,9.32760,-0.67040,-0.67750
2011-12-31,36.98800,6.20600,30.78200,25.11800,25.24900,5.53300,,5.53300,0.02700,5.50600,5.50600,,5.50600,20.40360,20.42300,0.19000,0.19000,0.22390,0.30610,20.65940,20.55860,0.00980,1.92780,1.96390,0.20060,1.49610,9.07010,1.0649,1.0411
2011-09-30,37.65200,6.51500,31.13700,26.79100,26.95200,4.18500,,4.18500,-0.01800,4.20300,4.20300,,4.20300,18.88800,18.90700,0.22000,0.22000,0.33230,0.51720,18.16640,18.24460,0.00860,2.06840,2.11570,0.15640,1.38110,10.74740,1.0804,1.0657
2011-06-30,38.63500,7.14300,31.49200,22.69600,22.88600,8.60600,,8.60600,0.60500,8.00100,8.00100,,8.00100,18.88800,18.90700,0.42000,0.42000,0.29610,0.44640,27.32760,25.40650,0.01160,4.03350,4.12430,0.29510,2.83920,10.49150,-0.1173,-0.13
2011-03-31,39.38300,7.76600,31.61700,20.84300,21.06100,10.55600,,10.55600,0.11900,10.43700,10.43700,,10.43700,18.88260,18.91090,0.55000,0.55000,0.31280,1.29400,33.38710,33.01070,0.01100,5.67070,5.81970,0.36240,3.89670,9.73440,0.38330,0.37730
2010-12-31,40.66700,8.64200,32.02500,26.49000,26.73700,5.28800,,5.28800,-0.02300,5.31100,5.31100,,5.31100,11.79030,11.79030,5.82000,5.82000,0.32650,1.37560,19.56710,19.65220,0.00930,3.06540,3.15880,0.18270,2.06470,9.16700,7.1713,7.1134
2010-09-30,41.34600,9.40200,31.94400,45.80600,46.07900,-14.13500,,-14.13500,0.44200,-14.57700,-14.57700,,-14.57700,15.34860,15.34860,-0.96000,-0.96000,0.32980,1.39070,-142.14600,-146.59090,0.00330,-8.44400,-8.73110,-0.49110,-5.65890,9.13410,-12.1204,-12.094
2010-06-30,42.84700,9.87500,32.97200,61.96400,62.26500,-29.29300,,-29.29300,-0.03600,-29.25700,-29.25700,,-29.25700,6.37950,6.37950,-4.56000,-4.56000,0.53870,3.28440,646.93010,646.13510,-0.00160,-39.97950,-43.62160,-1.00370,-18.44150,11.43480,22.0521,22.0144
2010-03-31,45.05800,10.71900,34.33900,83.89200,84.22000,-49.88100,,-49.88100,-0.39500,-49.48600,-49.48600,,-49.48600,6.37490,6.37490,-7.76000,-7.76000,0.46220,2.40190,210.85090,209.18120,-0.00780,-48.98540,-52.43440,-1.63950,-26.34250,15.79020,2.10310,2.06810
2009-12-31,50.79600,14.51200,36.28400,99.35600,99.71000,-63.42600,,-63.42600,-27.54500,-35.88100,-35.88100,,-35.88100,5.94630,5.94630,-5.84000,-5.84000,0.35980,1.59690,155.77660,88.12510,-0.01290,-23.96160,-25.17610,-1.13450,-15.34050,23.40570,2.6747,2.6773
2009-09-30,53.70800,18.97700,34.73100,72.81000,73.18900,-38.45800,,-38.45800,21.20700,-59.66500,-59.66500,,-59.66500,5.92660,5.92660,-10.08000,-10.08000,0.30960,1.31780,260.39680,403.98810,-0.00430,-31.88600,-33.25310,-1.72570,-22.01480,29.23690,4.9159,4.901
2009-06-30,55.26000,24.54400,30.71600,49.13300,49.53900,-18.82300,,-18.82300,-9.28800,-9.53500,-9.53500,,-9.53500,5.74060,5.74060,-1.68000,-1.68000,0.26210,1.24540,-277.54350,-140.59270,0.00180,-3.98740,-4.11760,-0.24630,-2.94230,41.46900,3.6477,3.6087
2009-03-31,56.49300,24.88500,31.60800,63.87400,64.30300,-32.69500,,-32.69500,-15.49900,-17.19600,-17.19600,,-17.19600,5.73640,5.73640,-2.96000,-2.96000,0.24050,1.52710,227.91910,119.87450,-0.00370,-6.60770,-6.82130,-0.44170,-5.01850,45.31780,4.27660,4.16170
