Date,revenue,cost-goods-sold,gross-profit,selling-general-administrative-expenses,operating-expenses,operating-income,pre-tax-income,total-provision-income-taxes,income-after-taxes,income-from-continuous-operations,net-income,basic-shares-outstanding,shares-outstanding,eps-basic-net-earnings-per-share,eps-earnings-per-share-diluted,long-term-debt-capital,debt-equity-ratio,pre-tax-profit-margin,net-profit-margin,asset-turnover,roe,return-on-tangible-equity,roa,roi,book-value-per-share,operating-cash-flow-per-share,free-cash-flow-per-share
2023-09-30,68.53100,10.76200,57.76900,30.43100,31.15100,26.61800,26.61800,6.90300,19.71500,19.71500,19.70500,31.82900,31.96600,0.62000,0.62000,0.16820,0.65490,46.46270,34.39580,0.01150,4.32110,5.55550,0.39500,3.59450,14.35930,0.5234,0.5113
2023-06-30,66.68200,7.89600,58.78600,33.02300,33.74300,25.04300,25.04300,6.57000,18.47300,18.47300,18.46200,31.98010,31.98010,0.58000,0.58000,0.16980,0.68430,42.43430,31.28300,0.01190,4.09740,5.29740,0.37130,3.40170,14.14840,0.4376,0.4251
2023-03-31,59.21600,4.94200,54.27400,41.63300,42.14300,12.13100,12.13100,2.92300,9.20800,9.20800,9.20300,30.97700,31.04700,0.30000,0.30000,0.17000,0.44940,25.23930,19.14740,0.00960,2.04580,2.65060,0.18370,1.69810,14.02390,0.69220,0.67240
2022-12-31,52.83700,2.76500,50.07200,32.31700,32.45700,17.61500,17.61500,4.47500,13.14000,13.14000,13.12500,28.85400,28.85400,0.45000,0.45000,0.17120,0.75010,34.72650,25.87480,0.01180,3.51680,3.94480,0.30650,2.91480,12.99450,0.8141,0.8038
2022-09-30,47.24800,1.62400,45.62400,24.14100,24.38400,21.24000,21.24000,5.61300,15.62700,15.62700,15.61000,28.78800,28.86000,0.54000,0.54000,0.17680,0.51600,46.95170,34.50640,0.01070,4.35200,4.91260,0.37090,3.58240,12.48820,0.6356,0.6295
2022-06-30,44.30800,1.38400,42.92400,23.74200,23.98700,18.93700,18.93700,4.85200,14.08500,14.08500,14.06800,28.89120,28.89120,0.49000,0.49000,0.17100,0.34290,44.26710,32.88530,0.01010,3.76800,4.23040,0.33350,3.12370,12.96550,0.3343,0.3524
2022-03-31,43.37800,1.40700,41.97100,23.32800,23.57300,18.39800,18.39800,4.79400,13.60400,13.60400,13.58700,28.98700,29.03000,0.47000,0.47000,0.16750,0.33380,43.23350,31.92810,0.00980,3.55050,3.97300,0.31280,2.95600,13.22680,0.73160,0.74120
2021-12-31,43.70900,1.49600,42.21300,23.28300,23.53800,18.67500,18.67500,5.08100,13.59400,13.59400,13.57100,27.79600,27.79600,0.47000,0.47000,0.15760,0.33570,43.37370,31.51940,0.01000,3.30050,3.64820,0.31510,2.78050,14.20970,0.5719,0.5631
2021-09-30,40.50700,1.40000,39.10700,20.24800,20.50000,18.60700,18.60700,4.89200,13.71500,13.71500,13.69000,27.34100,27.35500,0.50000,0.50000,0.16890,0.32980,45.63450,33.57530,0.01030,3.62040,3.96570,0.34740,3.00890,13.85900,0.1129,0.1056
2021-06-30,39.92100,1.44700,38.47400,19.73400,19.99200,18.48200,18.48200,4.76500,13.71700,13.71700,13.69200,27.36260,27.36260,0.50000,0.50000,0.17100,0.33150,45.48180,33.69430,0.01030,3.67560,4.03440,0.34690,3.04720,13.64260,0.627,0.6219
2021-03-31,41.41400,1.47700,39.93700,18.85000,19.13900,20.79800,20.79800,5.55300,15.24500,15.24500,15.21400,27.43100,27.43300,0.55000,0.55000,0.17710,0.33270,47.98580,35.10220,0.01120,4.26550,4.71040,0.39440,3.51000,13.05260,0.23600,0.22080
2020-12-31,41.83800,1.58200,40.25600,22.79000,23.09500,17.16100,17.16100,4.51900,12.64200,12.64200,12.61100,27.45700,27.45700,0.46000,0.46000,0.17440,0.33700,43.09000,31.66530,0.01090,3.47390,3.81280,0.34480,2.86790,13.25410,1.3231,1.3086
2020-09-30,40.29000,1.36700,38.92300,24.35400,24.65900,14.26400,14.26400,3.70100,10.56300,10.56300,10.53500,27.45700,27.45700,0.38000,0.38000,0.17780,0.34420,38.81470,28.66750,0.01040,2.97300,3.27030,0.29880,2.44430,12.94000,0.2747,0.2691
2020-06-30,38.42100,1.45300,36.96800,26.76700,27.07200,9.89600,9.89600,2.47700,7.41900,7.41900,7.40000,27.45730,27.45730,0.27000,0.27000,0.09760,0.25580,29.63320,22.15900,0.00950,2.13290,2.35540,0.21190,1.92470,12.66850,-0.9154,-0.9324
2020-03-31,37.97200,2.05800,35.91400,27.34500,27.66200,8.25200,8.25200,2.03100,6.22100,6.22100,6.20600,27.45700,27.45700,0.23000,0.23000,0.09960,0.23070,26.14790,19.66480,0.00980,1.83070,2.03210,0.19360,1.64830,12.37620,0.45590,0.42530
2019-12-31,44.93600,2.32400,42.61200,21.75200,22.08800,20.52400,20.52400,4.43700,16.08700,16.08700,16.08700,20.09000,20.09000,0.51000,0.51000,0.10140,0.24640,48.32130,37.87490,0.01310,4.83210,5.42110,0.49570,4.34200,12.12510,1.2563,1.2309
2019-09-30,43.21800,2.49500,40.72300,22.65200,22.98700,17.73600,17.73600,0.29900,17.43700,17.43700,17.43700,18.02800,18.02800,0.97000,0.97000,0.09720,0.20010,44.29680,43.55000,0.01260,4.99720,5.57070,0.55070,4.51150,19.35630,1.0178,0.9749
2019-06-30,43.89600,2.61900,41.27700,25.99100,26.36700,14.91000,14.91000,0.30500,14.60500,14.60500,14.60500,18.02750,18.02750,0.81000,0.81000,,,37.77460,37.00190,,,,,,,1.0691,1.0654
2019-03-31,44.43600,2.49700,41.93900,22.61200,22.98800,18.95100,18.95100,0.21500,18.73600,18.73600,18.73600,18.02800,18.02800,1.04000,1.04000,,,46.03890,45.51660,,,,,,,1.09140,1.11900
2018-12-31,,,,,,,,,,,,,,,0.00000,,,,,,,,,,,-3.127,-3.1908
2018-09-30,43.13900,2.13100,41.00800,22.78600,23.17500,17.83300,17.83300,0.24100,17.59200,17.59200,17.59200,18.02800,18.02800,0.98000,0.98000,,,44.84030,44.23430,,,,,,,3.127,3.1908
2017-12-31,,,,,,,,,,,,,,,0.00000,,,,,,,,,,,0,0
