Date,revenue,cost-goods-sold,gross-profit,selling-general-administrative-expenses,other-operating-income-expenses,operating-expenses,operating-income,pre-tax-income,total-provision-income-taxes,income-after-taxes,income-from-continuous-operations,net-income,ebitda,ebit,basic-shares-outstanding,shares-outstanding,eps-basic-net-earnings-per-share,eps-earnings-per-share-diluted,long-term-debt-capital,debt-equity-ratio,operating-margin,ebit-margin,pre-tax-profit-margin,net-profit-margin,asset-turnover,roe,return-on-tangible-equity,roa,roi,book-value-per-share,operating-cash-flow-per-share,free-cash-flow-per-share
2024-03-31,206.61400,102.06100,104.55300,16.27400,-7.70000,27.12300,77.43000,77.43000,20.47400,56.95600,56.95600,47.61100,79.43400,80.57900,9.75100,12.61800,4.76000,3.81000,0.31710,0.59000,37.47570,38.99980,37.47570,23.04350,0.11220,14.31520,14.57330,3.09270,9.77590,38.71840,14.42300,14.34800
2023-12-31,162.67000,88.11400,74.55600,12.23000,-5.34400,20.39600,54.16000,54.16000,13.24700,40.91300,40.91300,36.30900,57.80000,56.98200,8.36700,11.04400,4.37000,3.46000,0.38920,0.63730,33.29440,35.02920,33.29440,22.32070,0.08980,12.50530,12.80510,2.25870,7.63790,33.59670,13.8402,13.7238
2023-09-30,131.64400,89.49400,42.15000,13.86400,-5.37100,22.06200,20.08800,20.08800,4.41900,15.66900,15.66900,12.74600,23.22600,22.91500,8.31700,10.97500,1.53000,1.34000,0.50890,1.03620,15.25930,17.40680,15.25930,9.68220,0.07640,7.79330,8.12770,0.90910,3.82740,23.40320,6.5009,6.2814
2023-06-30,127.32700,84.50800,42.81900,14.27200,-5.61400,22.55300,20.26600,20.26600,5.38400,14.88200,14.88200,12.01600,25.10600,22.93300,8.30200,10.92100,1.45000,1.28000,0.52460,1.10350,15.91650,18.01110,15.91650,9.43710,0.07370,7.88940,8.19670,0.86180,3.75060,21.94700,-8.5818,-8.6994
2023-03-31,129.02900,83.28500,45.74400,13.50200,-6.30500,22.60800,23.13600,23.13600,5.34300,17.79300,17.79300,15.33800,26.32200,25.93700,8.27800,10.86000,1.78000,1.54000,0.52170,1.09060,17.93090,20.10170,17.93090,11.88730,0.07290,9.89290,10.33450,1.00460,4.73200,20.92090,9.12610,8.99080
2022-12-31,119.94300,96.16300,23.78000,11.32800,-6.87000,21.03700,2.74300,2.74300,0.09200,2.65100,2.65100,1.11700,7.89400,5.58200,8.81700,8.81700,0.37000,0.37000,0.56760,1.31280,2.28690,4.65390,2.28690,0.93130,0.06650,1.64400,1.75940,0.14700,0.71080,18.75270,2.1656,2.0909
2022-09-30,126.65400,164.47200,-37.81800,15.84800,-7.12300,25.78400,-63.60200,-63.60200,-12.09900,-51.50300,-51.50300,-47.67000,-59.35800,-60.78900,8.42700,8.42700,-5.66000,-5.66000,0.55000,1.22230,-50.21710,-47.99610,-50.21710,-37.63800,0.05910,-29.74060,-32.28560,-2.40140,-13.38290,19.39890,-4.5644,-4.74
2022-06-30,125.92600,113.69300,12.23300,15.30100,-6.97700,23.79300,-11.56000,-11.56000,-3.01800,-8.54200,-8.54200,-9.34600,-8.25200,-10.04500,9.02200,9.02200,-1.04000,-1.04000,0.46870,0.88210,-9.18000,-7.97690,-9.18000,-7.42180,0.09830,-3.56010,-3.78670,-0.66700,-1.89160,26.51800,-3.4743,-3.7526
2022-03-31,127.04000,102.11200,24.92800,14.03400,-6.29200,20.92700,4.00100,4.00100,1.21000,2.79100,2.79100,0.85100,6.11500,4.60200,9.47900,9.76700,0.09000,0.09000,0.12330,0.18720,3.14940,3.62250,3.14940,0.66990,0.10810,0.86670,0.90930,0.23750,0.75980,31.80210,5.87170,5.68120
2021-12-31,112.32000,87.35100,24.96900,13.69500,-8.07900,22.43100,2.53800,2.53800,1.10300,1.43500,1.43500,0.02200,4.45700,3.19500,8.09200,8.58000,-0.12000,-0.06000,0.12300,0.18650,2.25960,2.84460,2.25960,0.01960,0.09540,0.44220,0.45720,0.12190,0.38780,32.03070,5.181,5.1162
2021-09-30,99.21700,86.00400,13.21300,11.53700,-6.51600,19.71700,-6.50400,-6.50400,-1.63600,-4.86800,-4.86800,-6.23700,-3.45600,-4.84000,8.02300,8.02300,-0.72000,-0.72000,0.21070,0.26690,-6.55530,-4.87820,-6.55530,-6.28620,0.09220,-1.66410,-1.72800,-0.45240,-1.31350,30.50030,-5.9677,-6.1292
2021-06-30,101.50400,79.08600,22.41800,10.54600,-4.77500,17.32100,5.09700,5.09700,1.26700,3.83000,3.83000,1.91700,8.72900,7.09700,7.52600,7.94800,0.25000,0.24000,0.42410,0.73640,5.02150,6.99180,5.02150,1.88860,0.09400,1.75650,1.84920,0.35460,1.01160,26.37900,8.3946,8.3044
2021-03-31,94.87400,68.81600,26.05800,9.65000,-4.22700,15.95600,10.10200,10.10200,3.25700,6.84500,6.84500,6.13000,13.62100,12.18100,7.47400,9.93000,0.82000,0.75000,0.42450,0.73770,10.64780,12.83910,10.64780,6.46120,0.09330,3.14560,3.31710,0.67340,1.81010,26.24950,3.63950,3.56930
2020-12-31,70.31300,55.20400,15.10900,5.86000,-3.44900,12.19700,2.91200,2.91200,0.20500,2.70700,2.70700,2.58800,7.96900,5.80000,7.35100,9.69400,0.35000,0.64000,0.43760,0.89620,4.14150,8.24890,4.14150,3.68070,0.07470,1.34590,1.37020,0.28760,0.75690,25.83300,-0.0367,-0.0881
2020-09-30,104.02700,65.95300,38.07400,9.87100,-3.81100,16.53800,21.53600,21.53600,6.14600,15.39000,15.39000,14.52500,26.57100,24.39200,7.35600,9.67700,1.97000,1.70000,0.43800,0.82320,20.70230,23.44780,20.70230,13.96270,0.11720,7.70530,7.85170,1.73350,4.33020,25.62640,-3.3447,-3.405
2020-06-30,80.71700,52.83400,27.88300,9.73100,-3.30900,16.06000,11.82300,11.82300,2.88700,8.93600,8.93600,8.47100,16.98000,14.84300,7.32400,9.68500,1.16000,1.08000,0.46650,1.00270,14.64750,18.38900,14.64750,10.49470,0.09090,4.82810,4.93130,1.00590,2.57580,23.74710,3.8473,3.3428
2020-03-31,55.38000,39.90400,15.47600,8.36700,-3.48200,14.81900,0.65700,0.65700,0.11000,0.54700,0.54700,0.53400,5.78900,3.62700,7.36900,7.37800,0.07000,0.07000,0.47990,1.05530,1.18640,6.54930,1.18630,0.96420,0.06620,0.30520,0.31220,0.06540,0.15870,23.17470,7.50920,7.46140
2019-12-31,63.23100,40.65700,22.57400,7.79900,-3.07200,13.79800,8.77600,8.77600,2.34400,6.43200,6.43200,6.12200,13.84700,11.70300,7.58000,10.23800,0.84000,0.86000,0.46870,0.93480,13.87930,18.50830,13.87930,9.68200,0.07880,3.46660,3.54670,0.80140,1.84170,23.89480,0.2262,0.2315
2019-09-30,59.97900,38.31500,21.66400,7.95100,-3.08700,13.94500,7.71900,7.71900,1.86600,5.85300,5.85300,5.52800,12.64500,10.62600,7.53100,7.53900,0.73000,0.73000,0.46950,0.93780,12.86950,17.71620,12.86950,9.21660,0.07110,3.17740,3.25420,0.69390,1.68580,23.36740,2.1773,2.0209
2019-06-30,58.63000,34.37000,24.26000,7.99800,-3.06300,13.94500,10.31500,10.31500,2.76200,7.55300,7.55300,7.14800,15.23100,13.19900,7.66600,10.02700,0.93000,0.90000,0.46530,0.92120,17.59340,22.51240,17.59340,12.19170,0.07800,4.05000,4.15010,1.00420,2.16550,23.15550,1.5094,1.4602
2019-03-31,60.63400,36.66900,23.96500,7.36400,-2.98100,14.68200,9.28300,9.28300,2.54500,6.73800,6.73800,6.33000,16.41700,13.62000,7.73600,7.75500,0.82000,0.82000,0.46360,0.90690,15.30990,22.46270,15.30990,10.43970,0.08270,3.60240,3.69430,0.91870,1.93250,22.37320,1.36620,1.28450
2018-12-31,52.99700,51.89600,1.10100,5.00400,-2.87300,12.44600,-11.34500,-11.34500,-2.87900,-8.46600,-8.46600,-7.65900,-3.55800,-6.77600,7.87800,7.89500,-0.95000,-0.69000,0.57960,1.37870,-21.40690,-12.78560,-21.40690,-14.45180,0.06360,-4.66600,-4.79280,-1.01650,-1.96160,21.71130,1.0867,0.9521
2018-09-30,61.74300,35.59800,26.14500,6.78100,-2.88900,14.22200,11.92300,11.92300,2.92600,8.99700,8.99700,8.40600,19.04700,16.47500,7.79100,11.61600,1.08000,1.00000,0.56400,1.29360,19.31070,26.68320,19.31070,13.61450,0.07560,4.68260,4.80650,1.10210,2.04160,22.96070,0.1856,0.1322
2018-06-30,58.81300,31.76200,27.05100,7.84000,-3.18600,15.53100,11.52000,11.52000,5.11700,6.40300,6.40300,7.60500,19.06900,16.02500,7.92300,11.74300,0.96000,0.92000,0.55780,1.26160,19.58750,27.24740,19.58750,12.93080,0.06990,3.35200,3.44400,0.76070,1.48220,22.42560,3.5761,3.5267
2018-03-31,57.73900,29.01500,28.72400,6.28300,-3.16700,13.92000,14.80400,14.80400,4.01300,10.79100,10.79100,10.09000,22.19700,19.27400,8.08200,11.89800,1.25000,1.11000,0.55380,1.24100,25.63950,33.38120,25.63950,17.47520,0.07470,5.59400,5.73810,1.39560,2.49620,22.44610,-1.22650,-1.26610
2017-12-31,61.62300,33.22200,28.40100,4.10600,-2.90900,11.45400,16.94700,16.94700,4.85600,12.09100,12.09100,11.11500,24.40000,21.38600,8.55800,8.55800,1.37000,1.61000,0.55080,1.22610,27.50110,34.70460,27.50110,18.03710,0.07320,6.23330,6.39800,1.43550,2.80010,22.13820,-4.1017,-4.1554
2017-09-30,47.49000,99.15700,-51.66700,6.67200,-3.19500,14.27500,-65.94200,-66.01800,-25.47200,-40.54600,-40.54600,-37.80900,-58.62000,-61.53400,8.51900,8.51900,-4.44000,-4.44000,0.55040,1.22410,-138.85450,-129.57250,-139.01450,-79.61470,0.04610,-21.00220,-21.50320,-3.93940,-9.44320,21.36520,3.4938,3.3791
2017-06-30,67.58000,37.73500,29.84500,7.37400,-3.78800,15.54000,14.30500,14.30500,4.76300,9.54200,9.54200,8.97000,21.46700,18.68300,8.50300,12.33400,1.05000,0.93000,0.49620,0.98490,21.16750,27.64580,21.16750,13.27320,0.08530,4.00210,4.08180,1.20370,2.01630,25.99200,0.3645,0.317
2017-03-31,67.71300,35.17800,32.53500,6.97500,-2.87600,13.39300,19.14200,19.14200,7.12200,12.02000,12.02000,11.31200,24.81500,22.68400,8.91800,11.14000,1.27000,1.15000,0.54040,1.17580,28.26930,33.50020,28.26930,16.70580,0.08590,5.17720,5.28600,1.52510,2.37950,25.63150,2.18720,2.12970
2016-12-31,72.37100,55.52300,16.84800,9.19100,1.98700,10.17100,6.67700,5.90100,1.29300,4.60800,4.60800,4.22300,11.33500,9.64400,9.32600,10.87300,0.47000,0.51000,0.36290,0.56970,9.22610,13.32580,8.15380,5.83520,0.10800,1.89050,1.92930,0.68770,1.20440,25.22470,-0.455,-0.4838
2016-09-30,69.80800,36.44500,33.36300,5.94500,-4.71700,13.33400,20.02900,20.02900,8.69600,11.33300,11.33300,10.77600,24.23300,22.70100,9.20900,10.71800,1.17000,1.10000,0.36110,0.56510,28.69160,32.51920,28.69160,15.43660,0.10200,4.63490,4.68400,1.65620,2.96150,25.38280,2.1159,2.1097
2016-06-30,61.52000,37.15100,24.36900,5.68000,-4.84900,13.14000,11.22900,11.22900,4.20500,7.02400,7.02400,6.71800,15.27400,13.84000,9.39900,10.90700,0.71000,0.71000,0.34830,0.53440,18.25260,22.49680,18.25260,10.92000,0.09180,2.92960,2.92960,1.04760,1.90930,24.37050,3.6271,3.6108
2016-03-31,60.74700,38.19000,22.55700,5.38400,-4.64700,12.86000,9.69700,9.69700,3.64100,6.05600,6.05600,5.75900,14.00300,12.52600,9.57800,9.64100,0.60000,0.60000,0.34940,0.53700,15.96290,20.62000,15.96290,9.48030,0.09640,2.55270,2.55270,0.96140,1.66080,23.87170,2.83070,2.80250
2015-12-31,63.41200,32.48700,30.92500,13.10200,2.51800,13.30000,17.62500,17.62500,6.53500,11.09000,11.09000,10.85800,21.93100,20.34100,11.35500,11.35500,1.12000,1.05000,0.35250,0.54450,27.79440,32.07750,27.79440,17.12290,0.09960,4.66510,4.66510,1.74100,3.02060,23.09780,-5.3632,-5.3874
2015-09-30,61.26200,36.87500,24.38700,5.04000,-4.71100,12.44900,11.93800,11.93800,4.56700,7.37100,7.37100,6.93400,16.03300,14.63600,9.63500,11.37100,0.72000,0.71000,0.36490,0.57450,19.48680,23.89080,19.48680,11.31860,0.08720,3.21680,3.21680,1.04870,2.04300,22.31590,2.4956,2.479
2015-06-30,79.06800,31.00800,48.06000,5.23600,-4.56200,12.47700,35.58300,35.58300,13.56100,22.02200,22.02200,20.79100,39.86200,38.26200,9.58000,11.34500,2.17000,1.93000,0.36710,0.58000,45.00300,48.39130,45.00300,26.29510,0.11270,9.75520,9.75520,3.13820,6.17420,21.99620,1.6445,1.6314
2015-03-31,82.21000,28.83800,53.37200,4.89800,-4.76700,12.32600,41.04600,41.04600,15.66800,25.37800,25.37800,23.88000,45.22600,43.70700,9.53900,11.32300,2.50000,2.21000,0.38730,0.63210,49.92820,53.16510,49.92820,29.04760,0.12800,12.31850,12.31850,3.95080,7.54750,20.32320,5.21090,5.19090
2014-12-31,64.75200,29.80700,34.94500,3.86900,-4.93800,11.45100,23.49400,23.49400,8.93200,14.56200,14.56200,13.65100,27.54200,26.13800,9.88800,11.69400,1.43000,1.30000,0.40810,0.68950,36.28310,40.36630,36.28300,21.08200,0.10820,7.97550,7.97550,2.43290,4.72070,17.91980,2.0414,2.0308
2014-09-30,66.95500,31.97700,34.97800,4.35700,-5.22000,12.20300,22.77500,22.77500,8.72300,14.05200,14.05200,13.02800,26.86100,25.40100,9.73600,11.51800,1.34000,1.23000,0.41780,0.71760,34.01540,37.93740,34.01540,19.45780,0.11240,7.82520,7.82520,2.35920,4.55590,17.18730,0.4284,0.4143
2014-06-30,66.28400,27.94200,38.34200,4.07200,-5.27800,11.95900,26.38300,26.38300,9.95300,16.43000,16.43000,15.22800,30.45900,28.99200,9.92500,11.71000,1.53000,1.39000,0.42130,0.72810,39.80300,43.73910,39.80300,22.97390,0.11050,9.33030,9.33030,2.73990,5.39930,16.47270,2.2287,2.2222
2014-03-31,68.11700,27.69400,40.42300,4.18500,-5.35400,12.11300,28.31000,28.31000,10.69000,17.62000,17.62000,16.44300,32.29300,30.88400,10.26100,12.13800,1.60000,1.44000,0.43050,0.75610,41.56080,45.33960,41.56080,24.13940,0.12390,10.44380,10.44380,3.20470,5.94730,15.37940,2.88910,2.88150
2013-12-31,65.25200,26.80400,38.44800,,2.72600,13.21600,25.23200,25.23200,9.67000,15.56200,15.56200,13.15600,27.22600,26.46000,10.69100,11.12200,1.34000,1.29000,0.44160,0.79080,38.66850,40.55050,38.66860,20.16180,0.12400,9.69470,9.69470,2.95680,5.41380,14.67420,0.7793,0.7511
2013-09-30,54.69200,23.37600,31.31600,,-8.82500,9.67200,21.64400,21.64400,8.26600,13.37800,13.37800,12.53300,22.98500,22.49100,10.74900,11.07800,1.17000,1.13000,0.19460,0.24170,39.57430,41.12300,39.57430,22.91560,0.11680,8.03320,8.03320,2.85640,6.46960,14.51020,0.3577,0.321
2013-06-30,59.33300,24.72200,34.61100,,-7.35800,8.20400,26.40700,26.40700,10.17200,16.23500,16.23500,16.20300,27.73700,27.25300,10.68700,11.04800,1.44000,1.40000,0.20770,0.26210,44.50640,45.93230,44.50640,27.30860,0.12850,10.57070,10.57070,3.51570,8.37570,13.43230,2.4657,2.4363
2013-03-31,61.81100,21.84000,39.97100,,-6.11500,6.80100,33.17000,33.17000,12.78300,20.38700,20.38700,20.35300,34.55100,33.85600,10.65000,11.03100,1.87000,1.81000,0.22360,0.28810,53.66360,54.77340,53.66360,32.92780,0.15170,14.59050,14.59050,5.00220,11.32750,12.81090,1.38490,1.17060
2012-12-31,51.07700,22.16800,28.90900,,2.86200,7.52200,21.38700,21.06500,7.96400,13.10100,13.10100,12.57700,22.17300,21.38700,8.49700,9.81300,1.23000,1.13000,,,41.87210,41.87210,41.24170,24.62360,0.15100,10.80470,10.80470,3.87270,10.80470,11.14660,7.2695,7.2384
2012-09-30,31.48100,21.62800,9.85300,,-4.72800,4.72800,5.12500,5.12500,2.29900,2.82600,2.82600,2.78400,5.62200,5.12500,9.23800,10.48500,0.30000,0.27000,,,16.27970,16.27970,16.27970,8.84340,0.11150,2.79560,2.80010,1.00100,2.79560,10.52880,1.0755,1.0344
2012-06-30,38.85500,22.44000,16.41500,,-4.40600,4.40600,12.00900,12.00900,4.74700,7.26200,7.26200,7.19900,12.40500,12.00900,8.32500,9.65100,0.85000,0.74000,,,30.90720,30.90720,30.90720,18.52790,0.13840,7.41010,7.42230,2.58590,7.41010,10.64650,0.2692,0.257
2012-03-31,41.65200,26.00400,15.64800,,-4.26700,4.26700,11.38100,11.38100,4.41300,6.96800,6.96800,6.78700,11.73300,11.38100,6.32600,7.90100,1.07000,0.88000,,,27.32400,27.32400,27.32400,16.29450,0.18840,9.98310,10.00620,3.15140,9.98310,10.60600,2.21490,2.17740
2011-12-31,36.56600,24.44300,12.12300,,-4.10000,4.10000,8.02300,8.02300,3.22700,4.79600,4.79600,4.57700,8.35400,8.02300,6.13200,7.44500,0.74000,0.65000,,,21.94110,21.94110,21.94120,12.51710,0.17020,7.51370,7.53270,2.23260,7.51370,10.29180,5.1082,5.0806
2011-09-30,19.71300,13.96000,5.75300,,-2.44700,2.44700,3.30600,3.30600,1.23200,2.07400,2.07400,1.85600,3.52700,3.30600,6.10800,7.65400,0.30000,0.27000,,,16.77070,16.77070,16.77070,9.41510,0.11320,3.50460,3.50460,1.19080,3.50460,9.68240,-0.5422,-0.6985
2011-06-30,19.48100,13.30300,6.17800,,-2.35700,2.35700,3.82100,3.82100,1.52000,2.30100,2.30100,1.94000,3.95100,3.82100,6.07100,7.73000,0.32000,0.30000,,,19.61400,19.61400,19.61400,9.95840,0.11270,3.96500,3.96500,1.33130,3.96500,9.51050,3.392,3.2513
2011-03-31,18.04900,14.66600,3.38300,,-2.12800,2.12800,1.25500,1.25500,0.46200,0.79300,0.79300,0.77600,1.34400,1.25500,6.17200,6.69500,0.13000,0.12000,,,6.95330,6.95330,6.95330,4.29940,0.12690,1.38130,1.38130,0.55730,1.38130,9.34710,-0.43170,-0.52940
2010-12-31,17.14500,12.39600,4.74900,,-1.88100,1.88100,2.86800,2.86800,1.08300,1.78500,1.78500,1.78500,2.94600,2.86800,6.17900,6.67400,0.29000,0.27000,,,16.72790,16.72790,16.72790,10.41120,0.12160,3.82810,3.82810,1.26640,3.82810,7.51470,-1.585,-1.5851
2010-09-30,17.07200,12.51300,4.55900,,-2.02100,2.02100,2.53800,2.53800,0.88100,1.65700,1.65700,1.65700,2.59200,2.53800,6.10000,6.56900,0.27000,0.25000,,,14.86650,14.86650,14.86650,9.70600,0.10900,3.52230,3.52230,1.05770,3.52230,7.73610,-0.1649,-0.1966
2010-06-30,17.41100,13.53100,3.88000,,-1.88600,1.88600,1.99400,1.99400,0.71200,1.28200,1.28200,1.28200,2.00400,1.99400,6.15300,6.65200,0.21000,0.19000,,,11.45250,11.45250,11.45250,7.36320,0.11560,2.79900,2.79900,0.85120,2.79900,7.48150,2.3622,1.2789
2010-03-31,16.98700,14.10500,2.88200,,-1.69600,1.69600,1.18600,1.18600,0.48800,0.69800,0.69800,0.69800,1.19400,1.18600,6.28500,6.81400,0.11000,0.10000,,0.11660,6.98180,6.98180,6.98180,4.10900,0.13250,1.56190,1.56150,0.54460,1.56150,,1.80470,1.79090
2009-12-31,12.92200,10.82000,2.10200,0.75000,0.00000,0.75000,1.35200,1.37000,0.56000,0.81000,0.80700,0.80700,1.32500,1.35200,6.72500,6.72500,0.12000,0.11000,,,10.46280,10.46280,10.60210,6.24520,0.09370,1.77840,1.77840,0.58520,1.77840,7.02770,-2.5456,-2.5584
2009-09-30,12.78100,10.08000,2.70100,,-1.36500,1.36500,1.33600,1.33600,0.52100,0.81500,0.81500,0.81500,1.32400,1.33600,6.69800,7.18000,0.12000,0.11000,,,10.45300,10.45300,10.45300,6.37670,0.08760,1.77290,1.77210,0.55870,1.77250,,-0.6852,-0.7068
2009-06-30,20.35200,13.92500,6.42700,,-1.51500,1.51500,4.91200,4.91200,1.90700,3.00500,3.00500,3.00500,4.91200,4.91200,6.84300,7.23900,0.44000,0.42000,,,24.13520,24.13520,24.13520,14.76510,,,,,,,1.2278,1.2161
2009-03-31,22.32300,10.02000,12.30300,2.16000,,2.16000,10.14300,10.13000,3.85000,6.28000,6.28400,6.28400,10.14300,10.14300,6.90500,6.90500,0.91000,0.87000,,,45.43740,45.43740,45.37920,28.15030,0.13800,14.35360,14.35360,3.88360,14.35360,,0.00000,
