Date,revenue,cost-goods-sold,gross-profit,selling-general-administrative-expenses,other-operating-income-expenses,operating-expenses,operating-income,total-non-operating-income-expense,pre-tax-income,total-provision-income-taxes,income-after-taxes,income-from-continuous-operations,net-income,ebitda,ebit,basic-shares-outstanding,shares-outstanding,eps-basic-net-earnings-per-share,eps-earnings-per-share-diluted,current-ratio,long-term-debt-capital,debt-equity-ratio,gross-margin,operating-margin,ebit-margin,pre-tax-profit-margin,net-profit-margin,asset-turnover,inventory-turnover,receiveable-turnover,days-sales-in-receivables,roe,return-on-tangible-equity,roa,roi,book-value-per-share,operating-cash-flow-per-share,free-cash-flow-per-share
2024-04-30,91.51680,65.51900,25.99770,16.71190,-2.29490,24.53430,1.46340,-1.98410,-0.52070,-0.64660,0.12590,0.12590,-0.01840,6.96620,1.46340,78.98100,78.98100,0.00000,0.00000,1.17080,0.17490,0.47550,28.40760,1.59910,1.59910,-0.56900,-0.02010,0.53000,3.16410,30.27750,2.97250,0.12020,0.38810,0.07290,0.09920,1.31970,0.1184,0.0992
2024-01-31,94.78310,68.14400,26.63920,17.11560,-2.38900,24.57280,2.06640,-2.24250,-0.17610,-0.17240,-0.00370,-0.00370,-0.25160,7.13460,2.06640,78.15000,78.15000,0.00000,0.00000,1.12970,0.16990,0.46620,28.10540,2.18010,2.18010,-0.18580,-0.26550,0.56340,3.61870,28.61220,3.14550,-0.00360,-0.01230,-0.00220,-0.00300,1.31990,0.06510,0.04710
2023-10-31,91.81210,68.01530,23.79680,15.68590,-27.22500,49.11290,-25.31610,-1.68660,-27.00280,-3.36660,-23.63610,-23.63610,-22.90790,-19.14450,-25.31620,74.32900,74.32900,-0.31080,-0.31080,1.18070,0.23180,0.54260,25.91900,-27.57390,-27.57390,-29.41090,-24.95090,0.53060,3.53200,16.35230,5.50380,-23.85080,-105.63070,-13.65910,-18.32240,1.31610,0.0959,0.0744
2023-07-31,93.17700,67.26770,25.90930,17.71570,-2.32580,26.40530,-0.49600,-2.02910,-2.52510,0.15290,-2.67800,-2.67800,-2.14600,5.81990,-0.49600,74.98400,74.98400,-0.03000,-0.03000,1.15630,0.18670,0.42900,27.80660,-0.53240,-0.53240,-2.71000,-2.30310,0.46900,3.37220,12.80260,7.02980,-2.20220,-15.56690,-1.34790,-1.79110,1.61950,0.0751,0.0645
2023-04-30,88.88550,65.13300,23.75250,17.08780,-2.85990,25.74040,-1.98780,-0.72760,-2.71540,-1.53560,-1.17980,-1.17980,-1.16170,3.88320,-1.98780,74.62400,74.62400,-0.01500,-0.01500,1.09670,0.19420,0.42760,26.72260,-2.23640,-2.23640,-3.05500,-1.30700,0.44070,3.18300,12.15770,7.40270,-0.95390,-7.91440,-0.58490,-0.76860,1.65650,0.0134,0.0026
2023-01-31,87.68320,63.78560,23.89760,18.36000,-2.51960,26.81010,-2.91250,-0.87330,-3.78580,-0.91790,-2.86790,-2.86790,-2.92880,3.01790,-2.91250,72.40900,72.40900,-0.03710,-0.03710,1.04890,0.20120,0.41780,27.25450,-3.32160,-3.32160,-4.31760,-3.34020,0.43120,3.45420,10.99400,8.18630,-2.35870,-22.11910,-1.41030,-1.88420,1.63040,0.02170,0.00690
2022-10-31,82.10980,59.76590,22.34390,18.03350,-39.86760,64.11960,-41.77570,-0.16990,-41.94560,-1.36100,-40.58460,-40.58460,-41.59000,-35.37670,-41.77570,62.77500,62.77500,-0.64550,-0.64550,1.06870,0.21040,0.43130,27.21220,-50.87790,-50.87790,-51.08480,-50.65170,0.38470,3.28600,12.89060,6.98190,-32.24400,-315.81890,-19.01630,-25.46110,1.77230,0.1024,0.0917
2022-07-31,74.10910,54.09230,20.01680,16.57380,-1.49070,23.64640,-3.62950,2.08600,-1.54350,0.56810,-2.11170,-2.11170,-1.81170,1.76960,-3.62950,62.68400,62.68400,-0.03110,-0.03110,1.22850,0.18030,0.31200,27.00990,-4.89750,-4.89750,-2.08280,-2.44460,0.30790,2.95680,7.04140,12.78160,-1.34170,-13.29580,-0.87740,-1.09980,2.31170,0.0034,-0.0193
2022-04-30,63.98210,46.06290,17.91920,16.35100,-1.52950,23.90280,-5.98360,-1.18360,-7.16720,-0.63170,-6.53550,-6.53550,-6.53550,0.04080,-5.98360,60.05000,60.05000,-0.10900,-0.10900,1.13850,0.18960,0.32230,28.00660,-9.35200,-9.35200,-11.20190,-10.21460,0.26830,2.56090,7.62210,11.80770,-4.38520,-79.90160,-2.74040,-3.55370,2.38960,-0.0284,-0.0589
2022-01-31,57.00170,38.86200,18.13970,15.82780,-1.48070,22.92130,-4.78160,-1.86120,-6.64270,-0.83980,-5.80290,-5.80290,-5.80290,0.83110,-4.78160,57.39100,57.39100,-0.10000,-0.10000,1.10280,0.19680,0.31900,31.82310,-8.38850,-8.38850,-11.65360,-10.18030,0.24850,2.28400,8.40620,10.70630,-4.03260,-107.50100,-2.53020,-3.23920,2.41800,-0.02180,-0.05390
2021-10-31,42.66010,28.74770,13.91240,12.91340,-1.46820,15.50120,-1.58880,-3.13250,-4.72130,-1.12150,-3.59980,-3.59980,-3.59980,-0.84260,-1.58880,42.43200,42.43200,-0.58560,-0.60120,1.13480,0.22110,0.36470,32.61220,-3.72430,-3.72430,-11.06720,-8.43830,0.21790,2.12110,7.47600,12.03850,-2.97780,-46.54800,-1.83840,-2.31930,2.22390,0.079,-0.0073
2021-07-31,39.12820,25.55150,13.57670,11.80790,-0.92880,19.49200,-5.91530,4.67320,-1.24220,0.18230,-1.42450,-1.42450,-1.42450,1.10930,-5.91530,48.36600,48.36600,-0.02440,-0.02440,1.61950,0.22300,0.35930,34.69800,-15.11790,-15.11790,-3.17460,-3.64060,0.20530,2.08590,8.44950,10.65160,-1.19200,-8.41710,-0.74730,-0.92620,2.33360,-0.1286,-0.1894
2021-04-30,32.46960,20.55370,11.91590,8.74030,-0.63080,15.49990,-3.58400,-6.25990,-9.84390,-0.09850,-9.74530,-9.74530,-9.74530,2.64900,-3.58400,619.81300,619.81300,-0.01590,-0.01590,1.30930,0.28610,0.51920,36.69860,-11.03800,-11.03800,-30.31710,-30.01370,0.20430,2.18290,8.50710,10.57940,-11.51280,-93.46240,-6.13090,-8.21930,0.12540,-0.0049,-0.008
2021-01-31,29.78920,18.30860,11.48060,7.29360,-1.03940,13.07040,-1.58980,-11.04840,-12.63820,0.45710,-13.09530,-13.09530,-13.09530,3.14770,-1.58980,406.36300,697.39400,-0.03110,-0.01550,0.77650,0.52650,1.57180,38.53960,-5.33680,-5.33680,-42.42540,-43.95990,0.23000,2.42220,11.10050,8.10770,-31.31100,68.94360,-10.11260,-14.82600,0.08760,0.00160,-0.00020
2020-07-31,16.97140,10.22210,6.74940,3.22550,-0.62830,5.20610,1.54330,1.77440,3.31760,0.19600,3.12160,3.12160,3.12160,1.54330,1.54330,234.50900,234.50900,0.01460,0.01460,0.65150,0.66500,3.58100,39.76900,9.09330,9.09330,19.54840,18.39340,0.30580,2.17050,5.48170,16.41830,31.26510,-71.06230,5.62510,10.47230,0.04220,0.0181,0.0124
2020-04-30,14.24000,,14.24000,,,,14.24000,,14.24000,,14.24000,-3.67100,-3.67100,14.24000,14.24000,219.22100,219.22100,-0.02000,-0.02000,,,,100.00000,100.00000,100.00000,100.00000,-25.77950,,,,,,,,,,0.0552,0.0853
2019-10-31,8.58400,,8.58400,,,,8.58400,,8.58400,,8.58400,-11.48300,-11.48300,8.58400,8.58400,202.02600,202.02600,-0.06000,-0.06000,1.17950,0.67720,2.55260,100.00000,100.00000,100.00000,100.00000,-133.77210,0.28000,,4.78480,18.80940,-162.25800,551.53730,-37.45880,-52.36710,,-0.0552,-0.0853
