Date,revenue,cost-goods-sold,gross-profit,research-development-expenses,selling-general-administrative-expenses,operating-expenses,operating-income,total-non-operating-income-expense,pre-tax-income,total-provision-income-taxes,income-after-taxes,income-from-continuous-operations,income-from-discontinued-operations,net-income,ebitda,ebit,basic-shares-outstanding,shares-outstanding,eps-basic-net-earnings-per-share,eps-earnings-per-share-diluted,current-ratio,long-term-debt-capital,debt-equity-ratio,gross-margin,operating-margin,ebit-margin,pre-tax-profit-margin,net-profit-margin,asset-turnover,inventory-turnover,receiveable-turnover,days-sales-in-receivables,roe,return-on-tangible-equity,roa,roi,book-value-per-share,operating-cash-flow-per-share,free-cash-flow-per-share
2023-12-31,167.09200,85.22500,81.86700,30.25200,41.98200,72.23400,9.63300,-0.82000,8.81300,-75.02800,83.84100,83.84100,,83.84100,,9.63300,112.29400,115.69100,0.75000,0.72000,,,,,,,,,,,,,,,,,,,
2023-09-30,127.20300,65.51900,61.68400,30.31600,39.24500,70.28700,-8.60300,-0.27600,-8.87900,-2.38400,-6.49500,-6.49500,,-6.49500,-5.28800,-8.60300,112.03100,112.03100,-0.06000,-0.06000,1.19590,0.02850,0.37990,48.49260,-6.76320,-6.76320,-6.98020,-5.10600,0.18880,0.63150,1.15280,78.07250,-1.90580,-6.26690,-0.96390,-1.85150,3.03820,0.0931,0.0739
2023-06-30,155.96300,71.02300,84.94000,32.20500,42.77300,74.97800,9.96200,-0.93600,9.02600,7.47100,1.55500,1.55500,,1.55500,13.68000,9.96200,111.46200,119.25500,0.01000,0.01000,1.15230,0.02980,0.37870,54.46160,6.38740,6.38740,5.78730,0.99700,0.22590,0.62530,1.30840,68.78730,0.45360,1.49390,0.22520,0.44010,3.07210,-0.1392,-0.1515
2023-03-31,157.64900,73.59500,84.05400,33.50900,39.28200,72.87400,11.18000,-0.99900,10.18100,5.08800,5.09300,5.09300,,5.09300,14.86800,11.18000,110.79400,117.75800,0.05000,0.04000,1.10530,0.03270,0.38790,53.31720,7.09170,7.09170,6.45800,3.23060,0.22400,0.55910,1.78870,50.31530,1.51670,5.23150,0.72360,1.46710,3.01610,0.05320,0.03340
2022-12-31,164.33400,78.63700,85.69700,31.08800,36.92700,69.21990,16.47700,-1.14100,15.33600,9.20500,6.13100,6.13100,,6.13100,20.22200,16.47700,105.08000,112.37800,0.06000,0.04000,1.07210,0.03330,0.40030,52.14810,10.02650,10.02650,9.33220,3.73080,0.23150,0.65020,1.51560,59.38170,1.88930,7.06610,0.86350,1.82650,2.95350,0.1713,0.1543
2022-09-30,155.73800,77.13400,78.60400,30.46600,36.37900,67.18000,11.42400,-1.40200,10.02200,1.28200,8.74000,8.74000,,8.74000,15.25700,11.42400,105.22800,113.18500,0.08000,0.08000,1.51700,0.29180,0.55190,50.47190,7.33540,7.33540,6.43520,5.61200,0.22320,0.77890,1.47510,61.01460,2.90730,13.09420,1.25240,2.05900,2.85160,-0.0707,-0.0855
2022-06-30,157.44600,75.04500,82.40100,29.92000,36.76800,67.31900,15.08200,2.88000,17.96200,3.12200,14.84000,14.84000,,14.84000,18.83200,15.08200,104.63000,108.98400,0.14000,0.14000,1.52460,0.29570,0.56230,52.33600,9.57920,9.57920,11.40840,9.42550,0.22540,0.90810,1.48040,60.79280,4.99940,24.77260,2.12470,3.52130,2.82540,0.2124,0.1853
2022-03-31,147.43900,78.25700,69.18200,28.83300,36.64300,66.64600,2.53600,-1.37100,1.16500,2.69400,-1.52900,-1.52900,,-1.52900,6.37300,2.53600,103.99400,103.99400,-0.01000,-0.01000,1.40950,0.30690,0.59190,46.92250,1.72000,1.72000,0.79020,-1.03700,0.21050,0.95650,1.27550,70.56110,-0.53710,-3.39610,-0.21830,-0.37230,2.72130,-0.26430,-0.28770
2021-12-31,155.80400,77.86600,77.93800,27.36800,35.35700,62.79200,15.14600,-2.67800,12.46800,-7.38900,19.85700,19.85700,,19.85700,20.35900,15.14600,101.48400,106.17100,0.20000,0.19000,1.43960,0.27600,0.52250,50.02310,9.72120,9.72120,8.00240,12.74490,0.22460,1.09370,1.75990,51.13870,6.71040,35.64990,2.86250,4.85830,2.87410,0.07,0.0472
2021-09-30,126.32100,60.16700,66.15400,26.55200,34.23100,60.78300,5.37100,-2.89900,2.47200,0.94200,1.53000,1.53000,,1.53000,10.63300,5.37100,102.09900,106.42100,0.01000,0.01000,1.42920,0.29080,0.56210,52.36980,4.25190,4.25190,1.95690,1.21120,0.19620,1.16030,1.67440,53.75020,0.55900,4.72530,0.23760,0.39650,2.66880,0.1341,0.1107
2021-06-30,113.44800,52.94300,60.50500,24.78300,33.58600,58.36900,2.13600,-2.77700,-0.64100,1.36800,-2.00900,-2.00900,,-2.00900,7.23800,2.13600,101.21800,101.21800,-0.02000,-0.02000,1.61570,0.35410,0.56940,53.33280,1.88280,1.88280,-0.56500,-1.77090,0.17420,1.23030,1.12770,79.80670,-0.75150,-8.01160,-0.30850,-0.48540,2.62610,0.1654,0.1259
2021-03-31,111.57600,56.43100,55.14500,23.52800,34.91100,58.98900,-3.84400,-1.58400,-5.42800,0.69600,-6.12400,-6.12400,,-6.12400,1.68100,-3.84400,99.86800,99.86800,-0.06000,-0.06000,1.35370,0.30100,0.59060,49.42370,-3.44520,-3.44520,-4.86480,-5.48860,0.18300,1.58790,1.30190,69.13100,-2.35750,-34.16840,-1.00440,-1.64790,2.57220,0.01680,-0.01970
2020-12-31,131.52800,59.96600,71.56200,20.66700,32.61500,54.78700,16.77500,-3.34900,13.42600,-0.03900,13.46500,13.46500,,13.46500,22.63100,16.77500,96.97100,96.97100,0.15000,0.15000,1.61600,0.35080,0.58600,54.40820,12.75400,12.75400,10.20770,10.23740,0.22240,1.71180,1.98600,45.31680,5.21290,92.04950,2.27630,3.38410,2.63030,0.4287,0.3649
2020-09-30,94.89200,45.96800,48.92400,20.20600,28.77300,50.54500,-1.62100,-2.97400,-4.59500,0.78600,-5.38100,-5.38100,,-5.38100,4.38400,-1.62100,97.56300,97.56300,-0.06000,-0.06000,1.46840,0.37020,0.67040,51.55760,-1.70830,-1.70830,-4.84230,-5.67070,0.16960,1.24910,1.16640,77.15900,-2.29510,65.43050,-0.96190,-1.44550,2.39900,-0.034,-0.0877
2020-06-30,73.99400,36.22100,37.77300,19.49800,27.00500,47.32700,-9.55400,-4.26900,-13.82300,1.57800,-15.40100,-15.40100,,-15.40100,-3.67100,-9.55400,96.72700,96.72700,-0.16000,-0.16000,1.42970,0.37900,0.67190,51.04870,-12.91190,-12.91190,-18.68120,-20.81390,0.13270,1.12850,0.98950,90.95720,-6.68790,133.60800,-2.76240,-4.15310,2.37740,0.1247,0.0276
2020-03-31,78.41700,41.67900,36.73800,22.12300,31.21800,54.78700,-18.04900,-3.17600,-21.22500,0.72900,-21.95400,-21.95400,,-21.95400,-11.28200,-18.04900,95.57500,95.57500,-0.23000,-0.23000,1.17740,0.30080,0.64320,46.84950,-23.01670,-23.01670,-27.06680,-27.99650,0.13610,1.19580,0.84270,106.80360,-9.28990,432.08210,-3.80960,-6.49570,2.44730,-0.11550,-0.23300
2019-12-31,122.17800,60.48300,61.69500,21.70300,30.55700,54.98900,6.70600,-2.78900,3.91700,-1.65300,5.57000,5.57000,,5.57000,13.82500,6.70600,89.57500,89.57500,0.06000,0.07000,1.30990,0.28690,0.60070,50.49600,5.48870,5.48870,3.20600,4.55890,0.20800,2.08260,1.38050,65.19180,2.20640,67.88530,0.94840,1.57350,2.74770,0.3377,0.2734
2019-09-30,115.72500,40.18500,75.54000,20.19700,31.14800,52.99100,22.54900,-10.28900,12.26000,0.60300,11.65700,11.65700,,11.65700,42.18000,22.54900,89.96400,97.59600,0.13000,0.12000,1.61750,0.36840,0.61220,65.27540,19.48500,19.48500,10.59410,10.07300,0.20370,1.38710,1.14690,78.47440,4.83590,-277.41480,2.05150,3.05440,2.66900,0.0639,0.046
2019-06-30,84.86500,40.93700,43.92800,21.31300,29.31900,51.69200,-7.76400,-3.38400,-11.14800,0.69700,-11.84500,-11.84500,,-11.84500,-1.13500,-7.76400,88.93100,88.93100,-0.13000,-0.13000,1.34120,0.38860,0.64200,51.76220,-9.14860,-9.14860,-13.13620,-13.95750,0.16110,1.48010,1.20250,74.84110,-5.58550,32.09250,-2.24880,-3.41520,2.38080,-0.1,-0.1141
2019-03-31,80.10600,38.25700,41.84900,21.40100,28.01100,50.25700,-8.40800,-3.21700,-11.62500,-0.31900,-11.30600,-11.30600,,-11.30600,-1.84900,-8.40800,88.16500,88.16500,-0.13000,-0.13000,1.35020,0.36870,0.61630,52.24200,-10.49610,-10.49610,-14.51200,-14.11380,0.15580,1.30460,1.35930,66.20850,-5.12600,37.69800,-2.19890,-3.23610,2.48420,0.04780,0.02880
2018-12-31,113.65500,53.33400,60.32100,21.91300,30.07800,52.99600,7.32500,-2.74700,4.57800,1.24800,3.33000,3.33000,,3.33000,14.04300,7.32500,85.61500,85.61500,0.03000,0.03000,1.44200,0.35840,0.59000,53.07380,6.44500,6.44500,4.02800,2.92990,0.22250,2.08030,1.38950,64.77100,1.45890,-13.22220,0.65190,0.93610,2.62180,0.0778,0.05
2018-09-30,100.61600,50.51400,50.10200,22.25100,29.72300,53.75300,-3.65100,-3.23700,-6.88800,0.87000,-7.75800,-7.75800,,-7.75800,3.89300,-3.65100,86.32100,86.32100,-0.09000,-0.09000,1.36370,0.36170,0.60110,49.79530,-3.62860,-3.62860,-6.84580,-7.71050,0.19870,2.16490,1.29020,69.75770,-3.47850,23.21300,-1.53190,-2.22030,2.57280,0.0276,0.0104
2018-06-30,99.16000,47.55700,51.60300,21.54200,27.98800,50.96100,0.64200,-2.66400,-2.02200,0.89100,-2.91300,-2.91300,,-2.91300,7.83700,0.64200,85.30400,85.30400,-0.03000,-0.03000,1.29060,0.36340,0.57870,52.04010,0.64740,0.64740,-2.03910,-2.93770,0.19610,2.06820,1.20000,75.00150,-1.31970,7.77820,-0.57590,-0.84010,2.58350,0.117,0.1009
2018-03-31,90.12700,42.94400,47.18300,23.45700,31.16300,56.51000,-9.32700,-3.28900,-12.61600,1.07800,-13.69400,-13.69400,,-13.69400,-2.20800,-9.32700,83.91200,83.91200,-0.16000,-0.16000,1.27670,0.35730,0.58930,52.35170,-10.34870,-10.34870,-13.99800,-15.19410,0.17460,1.71270,1.20560,74.65470,-6.06000,36.94590,-2.65270,-3.89480,2.65250,-0.07890,-0.10010
2017-12-31,100.97400,52.40200,48.57200,22.75200,31.89300,56.66300,-8.09100,-3.93800,-12.02900,-0.18400,-11.84500,-11.84500,,-11.84500,-0.90300,-8.09100,80.97400,80.97400,-0.14000,-0.14000,1.20890,0.36240,0.60320,48.10350,-8.01300,-8.01300,-11.91300,-11.73070,0.19870,2.01730,1.44570,62.25330,-5.42500,25.88340,-2.33140,-3.45910,2.64490,0.1111,0.0818
2017-09-30,92.01400,44.98900,47.02500,21.28900,37.12100,61.23100,-14.20600,-3.29200,-17.49800,-1.91500,-15.58300,-15.58300,,-15.58300,-7.20600,-14.20600,81.44500,81.44500,-0.19000,-0.19000,1.20320,0.35750,0.59020,51.10640,-15.43900,-15.43900,-19.01670,-16.93550,0.17970,1.41680,1.28540,70.01520,-7.06400,34.90030,-3.04380,-4.53850,2.70320,-0.1057,-0.1434
2017-06-30,82.31500,48.50000,33.81500,27.05500,32.62500,61.23700,-27.42200,-3.49900,-30.92100,0.57900,-31.50000,-31.50000,,-31.50000,-20.44700,-27.42200,80.59000,80.59000,-0.39000,-0.39000,1.18950,0.33610,0.53760,41.08000,-33.31350,-33.31350,-37.56420,-38.26760,0.16200,1.38060,1.36220,66.06850,-13.84120,82.23250,-6.20060,-9.18880,2.82120,0.0712,0.0378
2017-03-31,82.94300,42.53500,40.40800,24.88200,34.63100,61.56600,-21.15800,-3.10100,-24.25900,-0.23200,-24.02700,-24.02700,,-24.02700,-13.75800,-21.15800,79.81000,79.81000,-0.30000,-0.30000,1.36010,0.32010,0.49780,48.71780,-25.50910,-25.50910,-29.24780,-28.96810,0.15630,1.06550,1.18880,75.70730,-9.55700,175.23890,-4.52740,-6.49820,3.12300,-0.03880,-0.07910
2016-12-31,113.10200,55.40900,57.69300,24.12900,38.88300,73.92200,-16.22900,-2.84800,-19.07700,-8.63400,-10.44300,-10.44300,,-10.44300,-7.18800,-16.22900,77.70500,77.70500,-0.12000,-0.12000,1.49650,0.30210,0.45980,51.00970,-14.34900,-14.34900,-16.86710,-9.23330,0.20410,1.34510,1.30350,69.04250,-3.85860,-252.79900,-1.88480,-2.69280,3.44960,0.1674,0.1193
2016-09-30,101.40600,50.04300,51.36300,24.20200,36.11200,63.29600,-11.93300,-4.32100,-16.25400,-0.24200,-16.01200,-16.01200,,-16.01200,-0.83100,-11.93300,78.09200,78.09200,-0.21000,-0.21000,1.57600,0.29530,0.44320,50.65090,-11.76760,-11.76760,-16.02860,-15.79000,0.17930,1.39680,1.02350,87.93390,-5.68910,-189.44640,-2.83170,-4.00940,3.59400,-0.0546,-0.1012
2016-06-30,109.57100,58.53100,51.04000,26.50700,36.51600,69.15800,-18.11800,-2.31900,-20.43700,0.24200,-20.67900,-20.67900,,-20.67900,-6.92900,-18.11800,77.34200,77.34200,-0.27000,-0.27000,1.56110,0.28580,0.42700,46.58170,-16.53540,-16.53540,-18.65180,-18.87270,0.18630,1.59820,1.06720,84.33000,-7.08000,-121.14250,-3.51660,-5.05630,3.74390,-0.037,-0.1021
2016-03-31,81.83200,41.17800,40.65400,23.56300,32.87000,61.41000,-20.75600,-3.90600,-24.66200,0.51800,-25.18000,-25.18000,,-25.18000,-13.46900,-20.75600,76.99600,76.99600,-0.33000,-0.33000,1.58430,0.27140,0.40090,49.67980,-25.36420,-25.36420,-30.13740,-30.77040,0.13400,0.97080,0.85710,105.00700,-8.08940,-92.12660,-4.12320,-5.89390,4.02620,-0.07020,-0.10480
2015-12-31,86.60300,39.53500,47.06800,21.72100,29.51700,53.42900,-6.36100,-0.41800,-6.77900,0.42000,-7.19900,-7.19900,,-7.19900,-1.51600,-6.36100,87.51400,87.51400,-0.09000,-0.09000,3.37100,0.23050,0.29950,54.34920,-7.34500,-7.34500,-7.82770,-8.31260,0.16500,1.01840,1.24580,72.24170,-2.19370,-5.70040,-1.37140,-1.68810,4.31710,-0.0247,-0.0707
2015-09-30,83.30500,37.07400,46.23100,21.67900,28.96600,52.48800,-6.25700,0.17800,-6.07900,-1.26800,-4.81100,-4.81100,,-4.81100,-1.51200,-6.25700,87.99100,87.99100,-0.05000,-0.05000,2.53830,,,55.49610,-7.51100,-7.51100,-7.29730,-5.77520,0.17840,0.92980,1.29900,69.28180,-1.33690,-3.07580,-1.03040,-1.33690,4.11390,-0.0564,-0.0896
2015-06-30,103.10300,48.71800,54.38500,21.81600,31.28100,54.72800,-0.34300,0.07600,-0.26700,0.72700,-0.99400,-0.99400,,-0.99400,4.62600,-0.34300,88.42600,88.42600,-0.01000,-0.01000,2.50140,,,52.74820,-0.33270,-0.33270,-0.25900,-0.96410,0.21080,1.49910,1.35520,66.41040,-0.26780,-0.59820,-0.20320,-0.26780,4.19520,0.1325,0.0888
2015-03-31,104.01600,48.98800,55.02800,22.32900,31.19600,55.01500,0.01300,-2.95600,-2.94300,-0.28600,-2.65700,-2.65700,,-2.65700,5.41300,0.01300,88.65500,88.65500,-0.03000,-0.03000,2.52780,,,52.90340,0.01250,0.01250,-2.82940,-2.55440,0.21370,1.55430,1.37110,65.64140,-0.71520,-1.60980,-0.54580,-0.71520,4.18620,0.02120,-0.02000
2014-12-31,107.87500,51.08400,56.79100,22.88500,32.68200,58.95300,-2.16200,-0.03900,-2.20100,2.65300,-4.85400,-4.85400,,-4.85400,3.79800,-2.16200,92.50800,92.50800,-0.06000,-0.06000,2.58740,,,52.64520,-2.00410,-2.00410,-2.04030,-4.49970,0.22450,1.56000,1.45490,61.85830,-1.30550,-2.97190,-1.01020,-1.30550,4.23960,0.2123,0.2
2014-09-30,108.06100,54.63300,53.42800,22.80300,32.11400,56.96600,-3.53800,-0.21400,-3.75200,-4.83000,1.07800,1.07800,,1.07800,6.12900,-3.53800,90.61800,91.80000,0.01000,0.01000,2.67370,,,49.44250,-3.27410,-3.27410,-3.47210,0.99760,0.22070,1.68040,1.42860,62.99780,0.28360,0.63640,0.22010,0.28360,4.29990,0.0148,-0.0127
2014-06-30,109.58900,59.77200,49.81700,23.48500,32.97900,58.46600,-8.64900,-0.06000,-8.70900,28.35300,-37.06200,-37.06200,,-37.06200,1.81000,-8.64900,93.96600,93.96600,-0.39000,-0.39000,2.83570,,,45.45800,-7.89220,-7.89220,-7.94700,-33.81910,0.20580,1.98120,1.37090,65.64830,-9.15540,-19.66590,-6.96070,-9.15540,4.37750,0.1702,0.1362
2014-03-31,108.03200,55.72000,52.31200,23.88800,33.54700,59.53400,-7.22200,0.08900,-7.13300,-1.72300,-5.41000,-5.41000,,-5.41000,3.67100,-7.22200,97.92100,97.92100,-0.06000,-0.06000,3.62870,,,48.42270,-6.68510,-6.68510,-6.60270,-5.00780,0.18800,1.83870,1.39370,64.57670,-1.16980,-2.25420,-0.94130,-1.16980,4.83080,0.11480,0.07980
2013-12-31,120.22200,60.62600,59.59600,24.30700,33.79400,60.59400,-0.99800,-0.19900,-1.19700,0.98200,-2.17900,-2.17900,-0.18100,-2.36000,10.03800,-0.99800,106.52900,107.80800,-0.04000,-0.05000,3.86380,,,49.57160,-0.83010,-0.83010,-0.99570,-1.96300,0.19840,1.64180,1.60190,56.18510,-0.44090,-0.82220,-0.35950,-0.44090,4.97080,0.1567,0.1309
2013-09-30,122.91800,66.12600,56.79200,24.56000,32.52700,59.34700,-2.55500,0.27700,-2.27800,-38.95300,36.67500,36.67500,0.09100,36.76600,8.43400,-2.55500,101.14400,102.72300,0.36000,0.36000,3.75450,,,46.20320,-2.07860,-2.07860,-1.85330,29.91100,0.19920,1.63800,1.44490,62.28710,7.25510,13.59980,5.94260,7.25510,5.00990,0.1684,0.1386
2013-06-30,117.12800,59.23600,57.89200,25.82000,34.42400,62.49600,-4.60400,-0.10300,-4.70700,-1.30300,-3.40400,-3.40400,-0.39600,-3.80000,6.26800,-4.60400,109.93800,109.93800,-0.03000,-0.03000,3.48740,,,49.42630,-3.93070,-3.93070,-4.01870,-3.24430,0.18680,1.33470,1.35800,66.27210,-0.72500,-1.49940,-0.54290,-0.72500,4.65240,0.2234,0.1808
2013-03-31,101.67200,55.50700,46.16500,25.25100,33.26900,61.03200,-14.86700,-0.10300,-14.97000,-5.46700,-9.50300,-9.50300,15.92400,6.42100,-3.79400,-14.86700,115.21900,115.21900,0.06000,0.06000,4.33840,,,45.40580,-14.62250,-14.62250,-14.72380,6.31540,0.14220,1.19670,1.06250,84.70650,-1.70900,-3.09720,-1.32880,-1.70900,4.86340,-0.04980,-0.08690
2012-12-31,117.98100,57.87000,60.11100,25.42200,33.25500,60.83400,-0.72300,-0.26000,-0.98300,-1.87300,0.89000,0.89000,3.91400,4.80400,10.33500,-0.72300,116.45700,116.45700,0.04000,0.04000,3.85710,,,50.94970,-0.61280,-0.61280,-0.83320,4.07180,0.16440,0.90040,1.37320,65.54280,0.16080,0.31510,0.12400,0.16080,4.84630,0.1777,0.154
2012-09-30,120.39100,65.51300,54.87800,25.58600,31.13200,58.89700,-4.01900,-0.03600,-4.05500,0.41400,-4.46900,-4.46900,-3.76100,-8.23000,7.02600,-4.01900,116.51700,116.51700,-0.07000,-0.07000,3.78890,,,45.58310,-3.33830,-3.33830,-3.36820,-6.83610,0.16640,0.95960,1.27210,70.74800,-0.80770,-1.62430,-0.61770,-0.80770,4.78090,0.19,0.1627
2012-06-30,122.06000,66.97900,55.08100,24.85600,31.32700,58.37300,-3.29200,-0.00400,-3.29600,0.57900,-3.87500,-3.87500,3.89200,0.01700,7.66700,-3.29200,117.05600,117.05600,0.00000,0.00000,3.73460,,,45.12620,-2.69700,-2.69700,-2.70030,0.01390,0.16730,0.98490,1.18800,75.76050,-0.69070,-1.40540,-0.53100,-0.69070,4.82810,0.1731,0.1475
2012-03-31,116.43900,65.97700,50.46200,26.76300,31.40300,60.34500,-9.88300,0.52200,-9.36100,-0.62600,-8.73500,-8.73500,1.20700,-7.52800,1.45400,-9.88300,117.27500,117.27500,-0.06000,-0.06000,3.68030,,,43.33770,-8.48770,-8.48770,-8.03940,-6.46520,0.15950,1.00660,1.04190,86.37800,-1.54840,-3.21700,-1.19650,-1.54840,4.79940,0.06730,0.03560
2011-12-31,85.17200,36.00000,49.17200,21.86500,28.71600,52.81100,-3.63900,-0.37100,-4.01000,-1.57600,-2.43400,-2.43400,,4.32700,7.57500,-3.63900,115.17500,116.42700,0.05000,0.05000,3.47350,,,57.73260,-4.27260,-4.27260,-4.70810,5.08030,0.11600,0.50960,0.77510,116.11490,-0.43130,-0.92110,-0.33150,-0.43130,4.85400,0.2125,0.1707
2011-09-30,138.87100,74.91000,63.96100,25.63800,32.25400,60.12100,3.84000,0.47100,4.31100,0.76500,3.54600,3.54600,,3.54600,14.99700,3.84000,115.79100,116.20800,0.03000,0.03000,3.54460,,,46.05790,2.76520,2.76520,3.10430,2.55340,0.18930,1.14970,1.19280,75.45570,0.64000,1.43970,0.48350,0.64000,4.78070,0.0969,0.0635
2011-06-30,133.99600,72.16800,61.82800,25.66200,32.54300,60.43500,1.39300,-0.22500,1.16800,0.77800,0.39000,0.39000,,0.39000,12.53500,1.39300,114.93900,116.29800,0.00000,0.00000,3.22070,,,46.14170,1.03960,1.03960,0.87170,0.29110,0.18200,1.18180,1.13690,79.16270,0.07140,0.16870,0.05300,0.07140,4.72400,0.1448,0.1144
2011-03-31,132.83500,70.98000,61.85500,26.14900,33.56400,61.94200,-0.08700,-0.01500,-0.10200,-0.61800,0.51600,0.51600,,0.51600,10.68700,-0.08700,113.83600,116.10900,0.00000,0.00000,3.17460,,,46.56530,-0.06550,-0.06550,-0.07680,0.38850,0.18430,1.20680,1.18680,75.83550,0.09610,0.24130,0.07160,0.09610,4.67870,-0.06620,-0.10890
2010-12-31,138.19400,76.81300,61.38100,24.25200,37.23200,64.36900,-2.98800,0.22500,-2.76300,10.97500,-13.73800,-13.73800,,-13.73800,8.82700,-2.98800,101.48700,101.48700,-0.15000,-0.14000,2.66780,,,44.41660,-2.16220,-2.16220,-1.99940,-9.94110,0.19180,1.32290,1.35950,66.20170,-2.64090,-7.22080,-1.90700,-2.64090,4.62980,0.161,0.1076
2010-09-30,104.78400,57.25200,47.53200,19.00200,25.99900,45.96000,1.57200,-0.24000,1.33200,1.69300,-0.36100,-0.36100,,-0.36100,7.53700,1.57200,100.24600,100.24600,0.00000,0.00000,2.87880,,,45.36190,1.50020,1.50020,1.27120,-0.34450,0.14900,1.00130,1.13360,79.39590,-0.06830,-0.18930,-0.05130,-0.06830,4.72740,-0.0441,-0.2067
2010-06-30,95.54400,49.86200,45.68200,16.97700,24.07400,41.58500,4.09700,0.29900,4.39600,-0.04900,4.44500,4.44500,,4.44500,8.78300,4.09700,96.99800,97.57000,0.05000,0.05000,4.34940,,,47.81250,4.28810,4.28810,4.60100,4.65230,0.16050,1.16460,1.33880,67.22210,1.04170,1.29950,0.74680,1.04170,4.37510,0.0868,-0.0364
2010-03-31,84.82200,44.01600,40.80600,16.96600,20.84500,38.34500,2.46100,0.01300,2.47400,-2.84500,5.31900,5.31900,,5.31900,7.41000,2.46100,96.68400,97.34400,0.06000,0.05000,4.48750,,,48.10780,2.90140,2.90140,2.91670,6.27080,0.14930,1.11130,1.21100,74.31670,1.27420,1.61100,0.93630,1.27420,4.30880,-0.03060,-0.04240
2009-12-31,86.65600,47.30800,39.34800,15.61000,19.70800,35.85000,3.49800,0.43000,3.92800,3.88200,0.04600,0.04600,,0.04600,8.53600,3.49800,95.83300,95.83300,,0.00000,4.49240,,,45.40710,4.03670,4.03660,4.53290,0.05310,0.15580,1.34910,1.33650,67.34000,0.01130,0.01450,0.00830,0.01130,4.23970,0.2167,0.1954
2009-09-30,83.86100,47.78100,36.08000,15.87900,19.40500,36.65100,-0.57100,0.37100,-0.20000,-2.77700,2.57700,2.57700,,2.57700,5.21500,-0.57100,96.10400,96.73200,0.03000,0.03000,4.86610,,,43.02360,-0.68090,-0.68090,-0.23850,3.07290,0.15640,1.55540,1.19210,75.49670,0.63680,0.82440,0.48060,0.63680,4.21050,0.0361,0.0124
2009-06-30,81.29300,47.74600,33.54700,15.45000,20.73500,37.71900,-4.17200,0.63500,-3.53700,4.38200,-7.91900,-7.91900,,-7.91900,1.82200,-4.17200,95.70300,95.70300,-0.08000,-0.08000,4.57210,,,41.26680,-5.13210,-5.13210,-4.35090,-9.74130,0.15110,1.38950,1.26030,71.41170,-1.98100,-2.60010,-1.47180,-1.98100,4.15990,-0.0875,-0.1116
2009-03-31,67.75600,42.37100,25.38500,14.49600,21.29000,36.17500,-10.79000,0.86400,-9.92600,8.91700,-18.84300,-18.84300,,-18.84300,-7.04900,-10.79000,95.30600,95.30600,-0.20000,-0.20000,4.55400,,,37.46530,-15.92480,-15.92480,-14.64960,-27.81010,0.12540,1.10880,1.28570,69.99850,-4.68790,-6.19960,-3.48620,-4.68790,4.20990,-0.04960,-0.06490
