Date,revenue,cost-goods-sold,gross-profit,selling-general-administrative-expenses,operating-expenses,operating-income,total-non-operating-income-expense,pre-tax-income,total-provision-income-taxes,income-after-taxes,income-from-continuous-operations,income-from-discontinued-operations,net-income,ebitda,ebit,basic-shares-outstanding,shares-outstanding,eps-basic-net-earnings-per-share,eps-earnings-per-share-diluted,current-ratio,long-term-debt-capital,debt-equity-ratio,gross-margin,operating-margin,ebit-margin,pre-tax-profit-margin,net-profit-margin,asset-turnover,receiveable-turnover,days-sales-in-receivables,roe,return-on-tangible-equity,roa,roi,book-value-per-share,operating-cash-flow-per-share,free-cash-flow-per-share
2023-09-30,9.27100,,9.27100,6.35400,,2.21800,-0.10200,2.11600,0.51800,1.59800,1.59800,-0.11500,1.48300,2.91700,2.21800,13.75100,13.82000,0.11000,0.11000,1.51440,0.00350,0.24030,100.00000,23.92410,23.92410,22.82390,15.99610,0.08810,0.18480,487.04460,2.53660,3.41190,1.51850,2.52780,4.51860,0.1457,0.1457
2023-06-30,8.99000,,8.99000,5.62500,,2.66500,-0.14700,2.51800,0.46500,2.05300,2.05300,-0.04500,2.00800,3.36500,2.66500,13.72000,13.81700,0.15000,0.15000,1.42540,0.00560,0.27970,100.00000,29.64410,29.64410,28.00890,22.33590,0.08340,0.17600,511.45830,3.30880,4.48030,1.90430,3.29040,4.46410,-0.0448,-0.0463
2023-03-31,9.85700,,9.85700,5.84400,,3.31600,-0.45100,2.86500,0.54700,2.31800,2.31800,0.31200,2.63000,4.01300,3.31600,13.70700,13.78200,0.19000,0.19000,1.32840,0.00850,0.36800,100.00000,33.64110,33.64110,29.06560,26.68160,0.08920,0.20490,439.34460,3.83690,5.44200,2.09680,3.80420,4.35030,0.02830,0.02270
2022-12-31,8.06000,,8.06000,4.88500,,2.65200,-0.09100,2.56100,0.02300,2.53800,2.53800,0.18000,2.71800,2.91500,2.65200,13.65400,13.72100,0.20000,0.20000,1.41190,0.05350,0.28390,100.00000,32.90320,32.90320,31.77420,33.72210,0.07800,0.17630,510.61040,4.35680,6.08720,2.45730,4.12380,4.19760,0.4032,0.4032
2022-09-30,7.84900,,7.84900,2.11100,,5.24100,-0.14700,5.09400,0.94600,4.14800,4.14800,0.09800,4.24600,5.99800,5.24100,13.61000,13.67700,0.31000,0.31000,1.98650,0.05780,0.11330,100.00000,66.77280,66.77280,64.90000,54.09610,0.08740,0.17180,523.85530,7.42170,9.59140,4.62090,6.99270,4.03100,0.1635,0.1627
2022-06-30,8.00000,,8.00000,3.22300,,4.25600,1.40300,5.65900,0.86100,4.79800,4.79800,0.09300,4.89100,3.38500,4.25600,13.60700,13.69100,0.36000,0.36000,1.77410,0.06560,0.13760,100.00000,53.20000,53.20000,70.73750,61.13750,0.08900,0.17510,513.85500,9.24680,12.13210,5.33730,8.63990,3.75270,0.2649,0.2643
2022-03-31,7.04300,,7.04300,2.65500,,3.88900,-3.33300,0.55600,0.06500,0.49100,0.49100,0.11200,0.60300,8.01300,3.88900,13.52600,13.65900,0.04000,0.04000,1.66740,0.07430,0.21230,100.00000,55.21800,55.21800,7.89440,8.56170,0.08260,0.17050,527.75800,1.04480,1.35500,0.57550,0.96710,3.39980,0.39850,0.39260
2021-12-31,6.53800,,6.53800,4.40100,,1.65100,0.76000,2.41100,0.22600,2.18500,2.18500,,2.19400,2.18100,1.65100,13.49400,13.60600,0.16000,0.17000,1.95630,0.05760,0.06930,100.00000,25.25240,25.25240,36.87670,33.55770,0.08450,0.17100,526.38580,4.67530,5.65230,2.82470,4.40600,3.41010,0.1896,0.139
2021-09-30,6.88100,,6.88100,3.04400,,3.47100,0.04800,3.51900,0.32500,3.19400,3.19400,0.00000,3.19400,3.79300,3.47100,13.48200,13.62200,0.24000,0.23000,2.14240,,0.00470,100.00000,50.44330,50.44330,51.14080,46.41770,0.09200,0.17900,502.69410,7.07860,7.20320,4.27250,7.07860,3.29500,0.2707,0.2697
2021-06-30,5.70700,,5.70700,2.04100,,3.30000,0.10600,3.40600,0.68600,2.72000,2.72000,0.00000,2.72000,3.66700,3.30000,13.61100,13.86400,0.20000,0.20000,2.09290,0.06800,0.07530,100.00000,57.82370,57.82370,59.68110,47.66080,0.08190,0.16280,552.83430,6.49190,6.59710,3.90140,6.05070,3.07170,-0.0426,-0.0742
2021-03-31,3.40300,,3.40300,3.84200,,-0.77200,3.91200,3.14000,-0.60200,3.74200,3.74200,0.00000,3.74200,0.78300,-0.77200,13.60300,13.79900,0.28000,0.27000,1.93360,,,100.00000,-22.68590,-22.68590,92.27150,109.96180,0.05460,0.11450,785.92010,9.42710,9.55130,6.00840,9.42710,2.91760,0.85980,0.84010
2020-12-31,3.40550,,3.40550,2.15830,,1.21470,0.22790,1.44250,0.08640,1.35610,1.35610,,1.35610,1.24720,1.21470,13.54240,13.65410,0.10000,0.09000,4.12100,,,100.00000,35.66830,35.66830,42.35970,39.82120,0.06940,0.15950,564.09330,3.72920,3.76470,2.76220,3.72920,2.67460,0.2856,0.2665
2020-09-30,3.38270,,3.38270,1.35770,,1.99250,0.38270,2.37520,0.40410,1.97110,1.97110,,1.97110,2.02500,1.99250,13.57310,13.57490,0.15000,0.15000,3.86430,,,100.00000,58.90350,58.90350,70.21630,58.27130,0.06880,0.14080,639.20060,5.56540,5.59490,4.01070,5.56540,2.60750,-0.2021,-0.2169
2020-06-30,2.90100,,2.90100,1.93110,,0.93750,0.27100,1.20850,0.05150,1.15700,1.15700,,1.15700,0.96990,0.93750,13.54800,13.54970,0.09000,0.09000,3.70950,,,100.00000,32.31700,32.31700,41.65820,39.88300,0.06020,0.14770,609.52380,3.41510,3.41750,2.40070,3.41510,2.49570,0.3069,0.2866
2020-03-31,4.12000,,4.12000,3.25340,,0.83480,0.23940,1.07420,0.19900,0.87520,0.87520,0.00000,0.87520,0.86660,0.83480,13.53330,13.53500,0.06000,0.06000,3.35900,,,100.00000,20.26210,20.26210,26.07330,21.24230,0.08360,0.16870,533.58740,2.69450,2.69450,1.77600,2.69450,2.39940,0.40650,0.35650
2019-12-31,5.87270,,5.87270,3.13130,,2.41690,-0.03840,2.37850,-1.39940,3.77790,3.77790,-0.31510,3.46280,2.74140,2.41690,13.48840,13.49060,0.26000,0.26000,3.36190,,,100.00000,41.15430,41.15430,40.50100,58.96520,0.12520,0.20820,432.19100,12.07690,12.07690,8.05310,12.07690,2.31410,0.4603,0.4548
2019-09-30,3.29290,,3.29290,7.39340,,-4.14070,0.39840,-3.74230,4.71670,-8.45910,-8.45910,0.68270,-7.77640,-4.10050,-4.14070,12.92760,12.92760,-0.60000,-0.60000,1.92010,,0.24000,100.00000,-125.74740,-125.74740,-113.64940,-236.15810,0.05620,0.09220,976.02890,-29.10640,-29.10640,-14.44920,-29.10640,2.15730,-0.2485,-0.2566
2019-06-30,3.23870,,3.23870,0.87140,,2.34580,-0.01190,2.33390,0.04820,2.28570,2.28570,0.02040,2.30610,2.36720,2.34580,9.93970,9.93970,0.23000,0.23000,3.63240,,,100.00000,72.43200,72.43200,72.06350,71.20510,0.12930,0.31660,284.30870,12.35450,15.62990,9.12630,12.35450,3.99680,-0.007,0.038
2019-03-31,3.47230,,3.47230,1.55240,,1.90580,-0.15660,1.74920,0.05140,1.69780,1.69780,0.01970,1.71750,1.91980,1.90580,9.93970,9.93970,0.17000,0.17000,3.32240,,,100.00000,54.88640,54.88640,50.37680,49.46310,0.13850,0.38310,234.91670,9.41270,12.01270,6.77030,9.41270,3.89320,0.16270,0.14820
2018-12-31,3.53520,,3.53520,1.33950,,2.12940,0.03610,2.16550,-0.01330,2.17880,2.17880,0.01140,2.19020,2.19570,2.12940,9.93970,9.93970,0.22000,0.22000,1.75350,,0.70860,100.00000,60.23510,60.23510,61.25660,61.95520,0.14510,0.17060,527.63160,19.94720,19.94720,8.94200,19.94720,1.09890,0.4777,0.4679
2018-09-30,2.34210,,2.34210,1.27050,,1.06310,0.01600,1.07920,0.01380,1.06540,1.06540,0.02020,1.08560,0.90900,1.06310,9.93970,9.93970,0.11000,0.11000,4.37460,,,100.00000,45.39210,45.39210,46.07700,46.35290,0.10300,0.23900,376.58290,5.95770,7.65100,4.68750,5.95770,3.79270,0.0504,0.0885
2018-06-30,24.17600,17.89870,6.27730,5.36890,5.45680,0.82050,-0.00030,0.82020,0.25700,0.56320,0.56320,,0.56320,0.90840,0.82050,4.92420,4.93120,0.11000,0.11000,4.84650,,,25.96510,3.39380,3.39380,3.39270,2.32980,1.06740,2.55830,35.18030,3.09530,3.96310,2.48680,3.09530,3.72970,0.0161,0.0163
2018-03-31,22.46740,16.87330,5.59410,7.21360,7.30620,-1.71210,-0.00220,-1.71430,-0.49660,-1.21770,-1.21770,,-1.21770,-1.61960,-1.71210,4.98320,4.98320,-0.24000,-0.24000,4.05610,,,24.89860,-7.62060,-7.62060,-7.63020,-5.41980,0.97050,2.42750,37.07500,-6.75310,-8.69770,-5.26010,-6.75310,3.62740,-0.03370,-0.04720
2017-12-31,24.51700,18.50700,6.01000,5.35570,5.45400,0.55610,-0.00410,0.55190,0.64070,-0.08880,-0.08880,,-0.08880,0.65430,0.55610,5.04330,5.10500,-0.03000,-0.02000,3.74840,,,24.51360,2.26800,2.26810,2.25120,-0.36220,0.96660,2.60980,34.48600,-0.45310,-0.57250,-0.35010,-0.45310,3.92390,0.4391,0.4388
2017-09-30,26.70330,19.51380,7.18950,5.48390,5.58020,1.60930,-0.00630,1.60300,0.75220,0.85080,0.85080,,0.85080,1.70570,1.60930,5.05200,5.10810,0.17000,0.17000,4.11970,,,26.92370,6.02650,6.02650,6.00310,3.18610,1.02090,2.42050,37.18260,4.11030,5.13830,3.25260,4.11030,4.10000,0.3068,0.3066
2017-06-30,24.50370,18.01080,6.49290,5.16450,5.26080,1.23210,-0.00120,1.23080,0.49590,0.73490,0.73490,,0.73490,1.32830,1.23210,5.02570,5.08000,0.15000,0.14000,4.22560,,,26.49750,5.02810,5.02810,5.02310,2.99910,0.98660,2.32920,38.64060,3.71180,4.71010,2.95890,3.71180,3.92090,-0.0873,-0.089
2017-03-31,22.34830,16.61000,5.73820,5.34360,5.43920,0.29910,0.00000,0.29910,0.11660,0.18250,0.18250,,0.18250,0.39460,0.29910,5.05300,5.11400,0.04000,0.04000,4.38970,,,25.67640,1.33830,1.33830,1.33820,0.81640,0.92960,2.19690,40.96750,0.95740,1.23240,0.75890,0.95740,3.77280,0.27140,0.25330
2016-12-31,26.08350,19.40990,6.67350,6.46800,6.55510,0.11840,0.04050,0.15900,0.17670,-0.01780,-0.01780,,-0.01780,0.20550,0.11840,5.19590,5.25800,0.11000,0.11000,3.51530,,,25.58530,0.45400,0.45400,0.60940,-0.06810,1.08880,2.53550,35.49650,-0.09800,-0.12850,-0.07420,-0.09800,3.58890,0.4258,0.4304
2016-09-30,26.43370,19.59670,6.83690,5.60570,5.71580,1.12110,-0.00060,1.12050,0.28230,0.83820,0.83820,,0.83820,1.23130,1.12110,5.16540,5.22860,0.12000,0.12000,5.25490,,,25.86450,4.24120,4.24120,4.23890,3.17110,1.10850,2.11150,42.62320,4.40270,5.67560,3.51510,4.40270,3.74320,-0.1839,-0.2004
2016-06-30,21.67590,16.22380,5.45210,5.03100,5.09270,0.35940,-0.02450,0.33490,0.06000,0.27490,0.27490,,0.27490,0.42110,0.35940,5.29440,5.35760,0.00000,0.00000,4.40370,,,25.15280,1.65810,1.65810,1.54480,1.26800,0.90040,2.06360,43.61220,1.46610,1.92350,1.14170,1.46610,3.61250,0.0072,0.0007
2016-03-31,19.06650,14.35000,4.71650,5.17180,5.21110,-0.49460,-0.04040,-0.53500,0.00380,-0.53880,-0.53880,,-0.53880,-0.45530,-0.49460,5.34540,5.34540,-0.12000,-0.12000,6.50790,,,24.73730,-2.59410,-2.59410,-2.80590,-2.82570,0.81260,2.04110,44.09340,-2.83350,-3.26240,-2.29630,-2.83350,3.57760,-0.33740,-0.33810
2015-12-31,21.85990,16.30210,5.55780,5.38770,5.43040,0.12740,0.06690,0.19430,0.06880,0.12550,0.12550,,0.12550,0.17000,0.12740,5.42610,5.50570,,0.00000,3.99410,,,25.42450,0.58280,0.58290,0.88870,0.57410,0.83360,2.45120,36.71630,0.64410,0.73890,0.47860,0.64410,3.63770,0.3666,0.3511
2015-09-30,24.85600,18.36480,6.49120,5.05910,5.10170,1.38950,-0.03610,1.35340,0.53310,0.82030,0.82030,,0.82030,1.43220,1.38950,5.41410,5.52640,0.12000,0.12000,4.08740,,,26.11530,5.59020,5.59020,5.44500,3.30040,0.94110,2.43730,36.92660,4.24610,4.87720,3.10590,4.24610,3.61790,0.4355,0.4354
2015-06-30,22.80420,16.61550,6.18880,5.21290,5.25610,0.93260,-0.07170,0.86090,0.33080,0.53010,0.53010,,0.53010,0.97580,0.93260,5.49140,5.60360,0.12000,0.12000,4.15410,,,27.13870,4.08970,4.08970,3.77530,2.32470,0.87010,2.22270,40.49200,2.74710,3.15590,2.02280,2.74710,3.53040,-0.2943,-0.2941
2015-03-31,18.97880,13.61030,5.36850,5.13610,5.17900,0.18950,-0.04130,0.14820,0.06670,0.08150,0.08150,,0.08150,0.23250,0.18950,5.47670,5.58150,0.00000,0.00000,3.49720,,,28.28700,0.99840,0.99840,0.78100,0.42960,0.70170,2.23960,40.18610,0.43260,0.49870,0.30150,0.43260,3.43140,0.09780,0.09100
2014-12-31,24.02070,16.89530,7.12540,5.37400,5.41610,1.70920,-0.03910,1.67010,0.55160,1.11850,1.11850,,1.11850,1.75140,1.70920,5.32010,5.46350,0.24010,0.24010,3.08470,,,29.66350,7.11560,7.11560,6.95270,4.65640,0.85180,2.65790,33.86070,5.96080,6.87700,3.96620,5.96080,3.43210,0.8051,0.8016
2014-09-30,27.69880,20.02030,7.67850,4.76780,5.13270,2.54590,-0.85300,1.69290,-4.30760,6.00050,6.00050,,6.00050,3.71750,2.54590,5.44490,5.58960,1.08040,1.08040,2.37710,,,27.72150,9.19130,9.19130,6.11160,21.66340,0.94990,2.36160,38.10920,34.64500,40.48930,20.57700,34.64500,3.17570,0.2555,0.2532
2014-06-30,21.66220,15.82430,5.83790,4.13250,4.20150,1.63640,-0.11010,1.52620,0.03020,1.49610,1.49610,,1.49610,1.70540,1.63640,5.39530,5.51180,0.24010,0.24010,2.19430,,,26.94960,7.55410,7.55410,7.04570,6.90630,1.05660,2.29490,39.21760,13.31280,19.66300,7.29700,13.31280,2.06750,-0.0461,-0.0794
2014-03-31,18.45820,13.58020,4.87800,4.21720,4.28200,0.59600,-0.05310,0.54280,0.03210,0.51070,0.51070,,0.51070,0.66080,0.59600,4.97390,5.12990,0.12000,0.12000,1.70730,,,26.42730,3.22870,3.22870,2.94090,2.76680,0.85360,2.11760,42.50090,6.43090,11.93240,2.36190,6.43090,1.59660,0.40550,0.39960
2013-12-31,24.63880,18.17750,6.46130,4.95380,5.02120,1.44010,-0.07480,1.36530,,1.22810,1.22810,,1.22810,1.50740,1.44010,4.96580,5.10690,0.24010,0.24010,1.45290,,,26.22410,5.84470,5.84470,5.54120,4.98460,1.03750,2.32330,38.73840,16.56530,33.01260,5.17140,16.56530,1.49060,0.5697,0.5655
2013-09-30,25.91020,19.22610,6.68410,4.41590,4.48270,2.20140,-0.97350,1.22790,0.00000,1.22790,1.22790,,1.22790,2.26820,2.20140,4.96560,5.11950,0.24010,0.24010,1.33690,,,25.79730,8.49630,8.49630,4.73920,4.73920,1.13310,2.10460,42.76270,19.95230,50.57400,5.37010,19.95230,1.23940,0.2317,0.2299
2013-06-30,23.29460,17.41230,5.88230,5.20420,5.33230,0.55000,-0.07740,0.47260,0.00000,0.47260,0.47260,,0.47260,0.67810,0.55000,4.96560,5.20500,0.12000,0.12000,1.21530,,,25.25160,2.36110,2.36110,2.02870,2.02870,1.19990,2.09280,43.00360,9.63600,41.29540,2.43420,9.63600,0.98760,-0.0892,-0.0854
2013-03-31,19.90470,14.68510,5.21960,4.95380,5.04290,0.17680,-0.16450,0.01220,,0.01220,0.01220,,0.01220,0.26580,0.17680,4.96560,5.21830,0.00000,0.00000,1.20430,,,26.22290,0.88800,0.88800,0.06130,0.06130,1.08480,1.82000,49.45180,0.27800,2.04690,0.06650,0.27800,0.88420,0.30750,0.30600
2012-12-31,26.68390,19.78320,6.90070,6.37970,6.46520,0.43550,0.38080,0.81630,0.26000,0.55630,0.55630,,0.55630,0.52100,0.43550,4.93440,5.25830,0.24010,0.12000,1.14640,,,25.86110,1.63220,1.63220,3.05910,2.08490,1.21560,1.94500,46.27180,13.88600,313.96490,2.53450,13.88600,0.80690,0.0397,0.0203
2012-09-30,28.38490,21.04730,7.33770,6.27720,6.35910,0.97860,0.15100,1.12950,0.40770,0.72180,0.72180,,0.72180,1.06040,0.97860,4.93980,5.23170,0.12000,0.12000,1.25610,,,25.85060,3.44750,3.44750,3.97940,2.54310,2.12040,5.58870,16.10390,21.48240,-144.71200,5.39240,21.48240,0.67880,-0.1369,-0.1548
2012-06-30,24.26950,18.25630,6.01330,5.06700,5.14990,0.86330,0.26970,1.13310,0.29050,0.84260,0.84260,,0.84260,0.94630,0.86330,4.92690,5.33000,0.12000,0.12000,1.27690,,0.00990,24.77700,3.55730,3.55730,4.66870,3.47180,2.06610,5.57680,16.13840,33.22820,-62.09270,7.17310,33.22820,0.51390,-0.2904,-0.2946
2012-03-31,19.09370,14.45210,4.64160,4.31930,4.43980,0.20180,-0.76330,-0.56150,0.00000,-0.56150,-0.56150,,-0.56150,0.32220,0.20180,4.91840,4.91840,-0.12000,-0.12000,1.21680,,0.06160,24.30940,1.05670,1.05670,-2.94070,-2.94070,1.79770,5.95200,15.12100,-34.57290,24.34720,-5.28670,-34.57290,0.32970,0.03880,0.02450
2011-12-31,20.26860,15.45800,4.81070,4.51910,4.60660,0.20400,-0.04990,0.15410,,1.06630,1.06630,,1.06630,0.28190,0.20400,4.73640,5.11200,0.36010,0.24010,1.18880,,,23.73460,1.00640,1.00650,0.76040,5.26090,1.38630,2.44380,36.82730,60.42630,-136.32840,7.29330,60.42630,0.36770,0.074,0.0628
2011-09-30,24.97260,19.07090,5.90170,4.55990,4.65520,1.24650,0.17280,1.41930,,1.41930,1.41930,,1.41930,1.34180,1.24650,4.79260,5.09940,0.24010,0.24010,1.19470,,,23.63270,4.99160,4.99160,5.68330,5.68330,2.77100,6.31980,14.24110,211.66060,-74.21860,15.74840,211.66150,0.13980,0.0216,-0.0078
2011-06-30,20.29990,15.57630,4.72360,4.22220,4.34920,0.37440,0.29530,0.66970,,0.66970,0.66970,,0.66970,0.50140,0.37440,4.77330,5.14520,0.12000,0.12000,1.08240,,,23.26930,1.84450,1.84450,3.29920,3.29920,2.58420,7.49240,12.01220,-82.95640,-19.54780,8.52570,-82.95670,-0.16860,-0.0836,-0.0898
2011-03-31,16.37980,13.17400,3.20580,4.38230,4.51370,-1.30780,-0.99360,-2.30140,,-2.30140,-2.30140,,-2.30140,-1.17660,-1.30780,4.58530,4.58530,-0.48020,-0.48020,1.05770,,,19.57150,-7.98450,-7.98450,-14.05040,-14.05040,1.93180,7.11730,12.64530,147.43300,54.75910,-27.14210,147.43310,-0.32990,-0.20780,-0.21560
2010-12-31,18.79700,14.50600,4.29100,4.77640,4.91510,-0.62410,-0.62890,-1.25300,,-1.25300,-1.25300,,-1.25750,-0.72110,-0.62410,3.78890,3.78890,-0.12000,-0.12000,1.15390,,-0.03060,22.82830,-3.32020,-3.32020,-6.66610,-6.69000,2.02190,9.92930,9.06410,708.25680,43.91600,-13.47810,708.25690,-0.03890,0.4359,0.4249
2010-09-30,19.70090,14.76050,4.94040,3.57640,3.72060,1.21980,-0.15020,1.06960,,1.06960,1.06960,,1.07410,1.48280,1.21980,4.29490,4.71340,0.24010,0.24010,1.09030,,0.06560,25.07720,6.19170,6.19170,5.42940,5.45220,1.80160,6.02180,14.94560,55.74960,-134.57120,9.78180,55.74960,0.42410,0.2594,0.2504
2010-06-30,19.03920,13.99750,5.04170,3.38730,3.53100,1.51070,-1.17460,0.33610,,0.33610,0.33610,,0.33610,1.77140,1.51070,3.95040,3.95040,0.12000,0.12000,0.77800,,1.42380,26.48080,7.93460,7.93460,1.76540,1.76540,1.75020,6.24180,14.41890,58.03060,-15.49830,3.08980,58.03090,0.13520,0.0289,0.0184
2010-03-31,11.89980,9.02630,2.87350,3.28140,3.42450,-0.55110,-1.16200,-1.71310,,-1.71310,-1.71310,,-1.71310,-0.40790,-0.55110,3.12090,3.12090,-0.60020,-0.60020,0.55880,,-0.57620,24.14740,-4.63100,-4.63100,-14.39590,-14.39590,1.29840,5.67550,15.85770,108.09930,39.17790,-18.69230,108.09950,-0.49860,-0.02730,0.02290
2009-12-31,13.15930,9.88740,3.27190,3.70860,3.88520,-0.61330,-1.53020,-2.14350,,-2.14350,-2.14350,,-2.14350,-0.38050,-0.61330,3.06400,3.06400,-0.60020,-0.60020,0.72800,-0.26630,-12.36310,24.86350,-4.66060,-4.66060,-16.28910,-16.28910,1.02090,2.59950,34.62150,630.90440,67.75420,-16.62920,798.90860,-0.10960,0.0071,0.0071
2009-09-30,13.18690,9.46820,3.71870,3.48910,3.68310,0.03560,-0.28540,-0.24980,,-0.24980,-0.24980,,-0.24980,0.22960,0.03560,3.08550,3.08550,-0.12000,-0.12000,0.81770,0.40060,2.92920,28.20020,0.26990,0.26990,-1.89410,-1.89410,0.88620,2.62510,34.28450,-13.95420,23.15140,-1.67870,-8.36370,0.57960,-0.0519,-0.0576
2009-06-30,12.39140,9.50920,2.88220,3.51680,3.72160,-0.83940,-0.64280,-1.48230,,-1.48230,-1.48230,,-1.48230,-0.62470,-0.83940,3.03950,3.03950,-0.48020,-0.48020,0.86080,0.37050,2.59370,23.25950,-6.77430,-6.77430,-11.96210,-11.96210,0.82070,2.69850,33.35200,-72.92660,168.25650,-9.81700,-45.90490,0.65920,-0.204,-0.204
2009-03-31,12.82330,9.71520,3.10810,4.66630,4.87710,-1.76900,-0.31880,-2.08780,,-2.08780,-2.08780,,-2.08780,-1.49320,-1.76900,3.02620,3.02620,-0.72030,-0.72030,0.98150,0.25680,1.41670,24.23770,-13.79540,-13.79540,-16.28120,-16.28120,0.80990,2.69300,33.41960,-60.16910,-408.27350,-13.18540,-44.71900,1.14440,-0.21850,-0.21850
