Date,revenue,cost-goods-sold,gross-profit,research-development-expenses,selling-general-administrative-expenses,operating-expenses,operating-income,total-non-operating-income-expense,pre-tax-income,total-provision-income-taxes,income-after-taxes,income-from-continuous-operations,net-income,ebitda,ebit,basic-shares-outstanding,shares-outstanding,eps-basic-net-earnings-per-share,eps-earnings-per-share-diluted,current-ratio,long-term-debt-capital,debt-equity-ratio,gross-margin,operating-margin,ebit-margin,pre-tax-profit-margin,net-profit-margin,asset-turnover,inventory-turnover,receiveable-turnover,days-sales-in-receivables,roe,return-on-tangible-equity,roa,roi,book-value-per-share,operating-cash-flow-per-share,free-cash-flow-per-share
2023-09-30,160.26800,32.29600,127.97200,17.49900,45.96400,63.46300,64.50900,-12.67700,51.83200,13.37100,38.46100,38.46100,38.46100,71.14500,64.50900,59.86300,60.68200,0.64000,0.63000,4.11890,0.27450,0.40960,79.84880,40.25070,40.25070,32.34080,23.99790,0.20610,6.34870,2.38270,37.77270,7.99050,11.37020,4.94510,5.79700,8.21780,1.0412,1.0412
2023-06-30,134.21600,25.00800,109.20800,14.96900,47.33700,62.30600,46.90200,-2.80700,44.09500,9.79500,34.30000,34.30000,34.30000,52.71400,46.90200,59.97400,60.74400,0.57000,0.56000,4.89700,0.27110,0.39470,81.36730,34.94520,34.94520,32.85380,25.55580,0.17660,5.15200,2.10330,42.78980,7.06970,10.20410,4.51210,5.15280,8.08620,0.6156,0.6122
2023-03-31,119.12600,20.78000,98.34600,13.28900,44.63400,57.92300,40.42300,-2.64300,37.78000,8.29500,29.48500,29.48500,29.48500,46.26700,40.42300,59.73200,61.22200,0.49000,0.48000,4.89780,0.29460,0.43240,82.55630,33.93300,33.93300,31.71430,24.75110,0.16660,5.08070,2.26580,39.72060,6.65510,10.23610,4.12320,4.69430,7.38960,0.69520,0.69520
2022-12-31,128.30800,26.88500,101.42300,10.09200,43.71800,53.81000,47.61300,-3.51000,44.10300,-4.40600,48.50900,48.50900,48.50900,53.67100,47.61300,59.17300,61.09700,0.83000,0.79000,5.07430,0.32010,0.47570,79.04650,37.10840,37.10840,34.37280,37.80670,0.19040,6.25670,2.34400,38.39670,12.04180,20.05460,7.19860,8.18740,6.75720,0.4401,0.4401
2022-09-30,117.20600,22.95900,94.24700,40.54800,41.79800,82.34600,11.90100,-3.93400,7.96700,-79.97600,87.94300,87.94300,87.94300,18.38200,11.90100,59.23500,61.20800,1.48000,1.44000,3.55900,0.35560,0.55750,80.41140,10.15390,10.15390,6.79740,75.03280,0.18210,5.88690,2.12850,42.28320,25.57350,49.69370,13.66710,16.48080,5.79870,0.8972,0.8958
2022-06-30,107.02800,18.92100,88.10700,12.66800,42.32300,54.99100,33.11600,-3.88500,29.23100,5.70000,23.53100,23.53100,23.53100,39.58200,33.11600,59.06300,60.92300,0.40000,0.39000,4.90700,0.43500,0.77800,82.32150,30.94140,30.94140,27.31160,21.98580,0.21190,4.49640,2.14820,41.89540,9.54480,31.94670,4.65930,5.39280,4.17020,0.551,0.5503
2022-03-31,85.31300,14.71600,70.59700,7.57800,35.46300,43.04100,27.55600,-4.17100,23.38500,1.90000,21.48500,21.48500,21.48500,33.16700,27.55600,58.90900,60.58700,0.36000,0.35000,4.95780,0.46960,0.89460,82.75060,32.29990,32.29990,27.41080,25.18370,0.18390,3.20120,2.23720,40.22800,10.01620,60.23940,4.63030,5.31280,3.63380,0.47620,0.47550
2021-12-31,91.21300,17.81800,73.39500,7.45100,37.31400,44.76500,28.63000,-4.15500,24.47500,1.76100,22.71400,22.71400,22.71400,33.80800,28.63000,57.53200,59.20500,0.39000,0.38000,5.28940,0.50460,1.02940,80.46550,31.38810,31.38810,26.83280,24.90220,0.21040,4.02030,2.61780,34.37960,12.17860,53.33430,5.24040,6.03310,3.17050,0.6075,0.6076
2021-09-30,80.73200,14.60400,66.12800,11.73900,33.33600,45.07500,21.05300,-31.57500,-10.52200,-0.90200,-9.62000,-9.62000,-9.62000,26.18400,21.05300,57.72200,57.72200,-0.17000,-0.17000,5.05410,0.55560,1.26350,81.91050,26.07760,26.07760,-13.03330,-11.91600,0.20640,3.03930,2.43120,37.01800,-6.32820,-278.35580,-2.45980,-2.81220,2.60240,0.535,0.5333
2021-06-30,73.82100,12.68700,61.13400,6.49800,31.32400,37.82200,23.31200,-7.22300,16.08900,1.97200,14.11700,14.11700,14.11700,28.73800,23.31200,56.94100,58.59300,0.25000,0.24000,5.59400,0.60720,1.54570,82.81380,31.57910,31.57910,21.79460,19.12330,0.20520,2.56250,2.36640,38.03310,11.15520,-53.10340,3.92470,4.38200,2.22020,0.3091,0.3057
2021-03-31,59.67400,10.40900,49.26500,4.67900,30.05300,34.73200,14.53300,-7.14700,7.38600,,7.38600,7.38600,7.38600,19.87600,14.53300,56.89100,58.80500,0.13000,0.13000,5.31580,0.64370,1.80680,82.55690,24.35400,24.35400,12.37730,12.37730,0.17690,2.36300,2.52700,35.61600,6.84660,-14.80610,2.19010,2.43930,1.89620,0.21310,0.21300
2020-12-31,56.28800,9.91800,46.37000,7.61800,29.84600,37.46400,8.90600,-9.11200,-0.20600,,-0.20600,-0.20600,-0.20600,14.68100,8.90600,25.77200,25.77200,5.30000,5.30000,1.95400,0.66650,1.99890,82.37990,15.82220,15.82220,-0.36600,-0.36600,0.13180,2.59430,2.53820,35.45770,-0.21200,0.31610,-0.04820,-0.07070,1.70820,0.3155,0.3155
2020-09-30,45.60900,7.89000,37.71900,4.23000,23.10900,27.33900,10.38000,-8.47100,1.90900,,1.90900,1.90900,-4.10400,12.68700,10.38000,30.21300,30.21300,-0.14000,-0.14000,7.87170,0.67100,2.03980,82.70080,22.75870,22.75870,4.18560,-8.99820,0.14250,3.41410,2.79360,32.21600,2.01910,6.83640,0.59640,0.66420,1.66200,2.3704,2.3705
2020-06-30,38.00500,6.45600,31.54900,4.16900,20.07100,24.24000,7.30900,-7.33600,-0.02700,,-0.02700,-0.02700,-10.47300,9.65300,7.30900,7.80600,7.80600,-1.34000,-1.34000,,,,83.01280,19.23170,19.23170,-0.07100,-27.55690,,,,,,,,,,0.6256,0.6254
2020-03-31,19.84000,3.47400,16.36600,3.43100,22.54400,25.97500,-9.60900,-29.01100,-38.62000,,-38.62000,-38.62000,-49.06500,-7.38600,-9.60900,7.79100,7.79100,-6.30000,-6.30000,,,,82.48990,-48.43250,-48.43250,-194.65730,-247.30340,,,,,,,,,,-3.42730,-3.42730
2019-12-31,,,,,,,,,,,,,,,,,,,0.00000,,,,,,,,,,,,,,,,,,6.6155,6.6301
2019-09-30,,,,4.33600,25.46800,,-29.80400,-2.09500,-31.89900,,-31.89900,-31.89900,-40.92600,-29.80400,-29.80400,7.77700,7.77700,-5.26000,-5.26000,,,,,,,,,,,,,,,,,,-6.6155,-6.6301
