Date,revenue,cost-goods-sold,gross-profit,selling-general-administrative-expenses,operating-expenses,operating-income,total-non-operating-income-expense,pre-tax-income,total-provision-income-taxes,income-after-taxes,income-from-continuous-operations,net-income,ebitda,ebit,basic-shares-outstanding,shares-outstanding,eps-basic-net-earnings-per-share,eps-earnings-per-share-diluted,long-term-debt-capital,debt-equity-ratio,operating-margin,ebit-margin,pre-tax-profit-margin,net-profit-margin,asset-turnover,roe,return-on-tangible-equity,roa,roi,book-value-per-share,operating-cash-flow-per-share,free-cash-flow-per-share
2024-03-31,191.30200,148.96400,42.33800,19.63400,19.63400,22.70400,-2.83000,19.87400,5.64900,14.22500,14.22500,14.22500,24.40400,22.70400,30.37700,30.43600,0.47000,0.47000,0.34370,0.52360,11.86810,11.86810,10.38880,7.43590,0.08980,6.05490,7.33530,0.66780,3.97410,7.66860,0.14150,0.13400
2023-12-31,186.96400,134.04200,52.92200,16.75400,16.75400,36.16800,-2.99800,33.17000,2.22600,30.94400,30.94400,30.94400,37.49700,36.16800,26.19300,26.25200,1.16000,1.16000,0.35210,0.54350,19.34490,19.34490,17.74140,16.55080,0.08680,14.04760,17.41120,1.43710,9.10090,7.28950,3.7813,3.7208
2023-09-30,186.30000,173.82400,12.47600,21.91100,21.91100,-9.43500,-2.59100,-12.02600,-4.60200,-7.42400,-7.42400,-7.42400,-8.33400,-9.43500,26.69900,26.69900,-0.28000,-0.28000,0.44640,0.80630,-5.06440,-5.06440,-6.45520,-3.98500,0.07870,-4.90400,-6.91990,-0.31340,-2.71490,5.64940,-2.0402,-2.1188
2023-06-30,185.31300,148.09700,37.21600,20.05800,20.82500,16.39100,-2.74000,13.65100,5.87200,7.77900,7.77900,7.77900,18.43300,16.39100,25.56700,25.62600,0.30000,0.30000,0.43640,0.77430,8.84500,8.84500,7.36650,4.19780,0.07860,4.84290,6.76550,0.33000,2.72940,6.26910,0.3578,0.2143
2023-03-31,176.92100,137.77600,39.14500,19.05400,19.05400,20.09100,-2.88100,17.21000,3.20200,14.00800,14.00800,14.00800,22.05600,20.09100,25.55800,25.61800,0.55000,0.55000,0.45020,0.81890,11.35590,11.35590,9.72750,7.91770,0.08200,9.05350,13.12390,0.64890,4.97750,6.05360,0.58340,0.48920
2022-12-31,174.58900,144.23100,30.35800,15.44800,15.44800,14.91000,-3.05900,11.85100,-0.65100,12.50200,12.50200,12.50200,17.71400,14.91000,26.34400,26.34400,0.44000,0.44000,0.49600,0.98400,8.54010,8.54010,6.78790,7.16080,0.07300,9.54070,15.34670,0.52250,4.80880,5.13090,-0.7134,-0.863
2022-09-30,165.49300,195.04300,-29.55000,17.75800,17.75800,-47.30800,-2.02700,-49.33500,-1.09500,-48.24000,-48.24000,-48.24000,-44.21600,-47.30800,26.36900,26.36900,-1.83000,-1.83000,0.50750,1.03050,-28.58610,-28.58610,-29.81090,-29.14930,0.06560,-40.98660,-72.50430,-1.91230,-20.18580,4.54450,1.2099,1.0688
2022-06-30,163.77000,139.89700,23.87300,17.46600,109.42500,-85.55200,-1.75100,-87.30300,0.56300,-87.86600,-87.86600,-87.86600,9.55000,-85.55200,26.45300,26.45300,-3.32000,-3.32000,0.40520,0.68120,-52.23910,-52.23910,-53.30830,-53.65210,0.08070,-48.66680,-68.75540,-4.32860,-28.94750,6.80180,-0.3334,-0.5061
2022-03-31,158.60800,178.29500,-19.68700,19.72400,19.72400,-39.41100,-1.97200,-41.38300,-10.62400,-30.75900,-30.75900,-30.75900,-35.93300,-39.41100,26.78700,26.78700,-1.15000,-1.15000,0.30510,0.43900,-24.84810,-24.84810,-26.09140,-19.39310,0.08640,-10.91650,-22.70560,-1.67500,-7.58630,10.65480,-1.46360,-1.47020
2021-12-31,166.71290,135.78000,30.93300,13.29800,73.79800,-42.86500,-2.01700,-44.88200,4.33700,-49.21900,-49.21900,-49.21900,21.10500,-42.86500,27.80400,27.80400,-1.77000,-1.77000,0.26040,0.35200,-25.71190,-25.71190,-26.92170,-29.52320,0.08420,-14.34740,-25.21910,-2.48490,-10.61190,12.82240,-0.4422,-0.3542
2021-09-30,167.40800,165.61600,1.79200,17.16900,17.16900,-15.37700,-2.15000,-17.52700,-1.11700,-16.41000,-16.41000,-16.41000,-11.39200,-15.37700,27.93800,27.93800,-0.59000,-0.59000,0.23070,0.29990,-9.18530,-9.18530,-10.46960,-9.80240,0.07450,-4.05160,-8.41310,-0.72990,-3.11680,14.56770,-1.1365,-1.1813
2021-06-30,150.19700,138.66700,11.53000,15.52000,15.52000,-3.99000,-1.92500,-5.91500,-1.96500,-3.95000,-3.95000,-3.95000,-0.55000,-3.99000,27.90500,27.90500,-0.14000,-0.14000,0.21990,0.28200,-2.65650,-2.65650,-3.93820,-2.62990,0.06390,-0.92970,-1.85170,-0.16800,-0.72520,15.20280,2.3317,2.2674
2021-03-31,147.24300,133.27500,13.96800,19.80000,19.80000,-5.83200,-1.87800,-7.71000,-2.56200,-5.14800,-5.14800,-5.14800,-2.44000,-5.83200,27.82800,27.82800,-0.19000,-0.19000,0.21850,0.27960,-3.96080,-3.96080,-5.23620,-3.49630,0.07310,-1.20440,-2.40220,-0.25550,-0.94120,15.31800,1.40960,1.39450
2020-12-31,159.54800,142.65100,16.89700,21.95300,21.95300,-5.05600,-2.03400,-7.09000,-9.89700,2.80700,2.80700,2.80700,-1.69200,-5.05600,27.97900,27.98900,0.10000,0.10000,0.21480,0.27350,-3.16890,-3.16890,-4.44380,1.75930,0.07640,0.63460,1.23330,0.13430,0.49830,15.94090,1.8074,1.7745
2020-09-30,165.11900,151.67800,13.44100,17.92300,17.92300,-4.48200,-2.25100,-6.73300,-1.50000,-5.23300,-5.23300,-5.23300,-0.60200,-4.48200,27.74000,27.74000,-0.19000,-0.19000,0.21670,0.27660,-2.71440,-2.71440,-4.07770,-3.16920,0.07690,-1.18090,-2.30710,-0.24360,-0.92500,15.96960,-0.4475,-0.4379
2020-06-30,136.01200,109.10600,26.90600,19.94300,19.94300,6.96300,-1.72100,5.24200,1.11000,4.13200,4.13200,4.13200,10.73200,6.96300,27.87700,27.91400,0.15000,0.15000,0.21420,0.27260,5.11940,5.11940,3.85410,3.03800,0.06280,0.89340,1.68940,0.19070,0.70210,16.67380,1.7197,1.7187
2020-03-31,132.70600,98.22800,34.47800,21.71800,21.71800,12.76000,-1.96600,10.79400,3.17400,7.62000,7.62000,7.62000,16.49200,12.76000,28.54900,28.54900,0.27000,0.27000,0.21870,0.27990,9.61520,9.61520,8.13380,5.74200,0.07060,1.69600,3.31610,0.40520,1.32510,16.10850,3.00180,2.99910
2019-12-31,138.50200,94.91100,43.59100,22.07900,22.07900,21.51200,-2.02100,19.49100,6.67300,12.81800,12.81800,12.81800,25.21100,21.51200,29.21400,29.23300,0.44000,0.44000,0.22360,0.28800,15.53190,15.53190,14.07270,9.25470,0.07140,2.85610,5.62940,0.66080,2.21750,15.66430,0.111,0.1074
2019-09-30,131.69900,96.73800,34.96100,21.47700,21.47700,13.48400,-2.40100,11.08300,2.95000,8.13300,8.13300,8.13300,17.99100,13.48400,29.10900,29.16800,0.28000,0.28000,0.22710,0.29390,10.23850,10.23850,8.41540,6.17540,0.07150,1.82670,3.66020,0.44130,1.41180,15.37180,1.3789,1.3624
2019-06-30,122.84300,101.38600,21.45700,18.38400,18.38400,3.07300,-1.98400,1.08900,0.36800,0.72100,0.72100,0.72100,7.49400,3.07300,29.34600,29.35300,0.02000,0.02000,0.23180,0.30180,2.50160,2.50160,0.88650,0.58690,0.06350,0.16430,0.33730,0.03730,0.12620,14.99060,-0.2846,-0.3022
2019-03-31,118.26100,88.15900,30.10200,18.60400,18.60400,11.49800,-2.16500,9.33300,2.36900,6.96400,6.96400,6.96400,15.81300,11.49800,29.54100,29.54500,0.24000,0.24000,0.23300,0.30380,9.72260,9.72260,7.89190,5.88870,0.07050,1.60060,3.35020,0.41530,1.22760,14.78280,2.88790,2.75510
2018-12-31,124.87800,86.14900,38.72900,16.37600,16.37600,22.35300,-15.65300,6.70000,2.77100,3.92900,3.92900,3.92900,30.02400,22.35300,25.94100,26.09600,0.15000,0.17000,0.25920,0.34980,17.89990,17.89990,5.36520,3.14630,0.07060,0.92370,2.00430,0.22210,0.68430,14.42880,1.375,1.3423
2018-09-30,125.29500,85.26400,40.03100,25.81500,25.81500,14.21600,-5.22500,8.99100,3.00200,5.98900,5.98900,5.98900,24.20200,14.21600,25.63200,26.04700,0.23000,0.23000,0.31350,0.45660,11.34600,11.34600,7.17590,4.77990,0.06860,1.53350,3.83450,0.32810,1.05280,15.15550,0.4802,0.4394
2018-06-30,117.97200,85.40000,32.57200,24.42200,24.42200,8.15000,-4.84400,3.30600,0.89800,2.40800,2.40800,2.40800,17.99100,8.15000,25.63200,26.31700,0.09000,0.09000,0.31470,0.45910,6.90840,6.90840,2.80240,2.04120,0.05930,0.62370,1.65780,0.12100,0.42750,14.98180,2.2903,2.2795
2018-03-31,112.02600,65.27800,46.74800,21.93100,21.93100,24.81700,-4.82000,19.99700,5.16800,14.82900,14.82900,14.82900,34.52100,24.81700,25.72800,26.73200,0.58000,0.55000,0.32250,0.47610,22.15290,22.15290,17.85030,13.23710,0.06000,3.81310,10.48470,0.79450,2.58330,15.09090,-0.45380,-0.45690
2017-12-31,108.61800,62.56000,46.05800,22.88800,22.88800,23.17000,-40.38100,-17.21100,-12.16300,-5.04800,-5.04800,-5.04800,29.32200,23.17000,26.79800,26.79800,-0.14000,-0.14000,0.32680,0.48550,21.33170,21.33170,-15.84540,-4.64750,0.06130,-1.32910,-4.01490,-0.28500,-0.89470,14.67320,-3.4931,-3.4999
2017-09-30,101.77400,84.94100,16.83300,15.42000,15.42000,1.41300,-10.63400,-9.22100,-0.52500,-8.69600,-8.69600,-8.69600,5.83700,1.41300,25.88330,25.88330,-0.34000,-0.34000,0.38470,0.62530,1.38840,1.38840,-9.06030,-8.54440,0.06360,-2.88250,-3.74410,-0.54380,-1.77360,12.83750,2.6067,2.6044
2017-06-30,96.93800,67.78400,29.15400,16.09200,16.09200,13.06200,-2.23100,10.83100,4.18900,6.64200,6.64200,6.64200,16.28600,13.06200,28.28400,28.28400,0.23000,0.23000,0.16710,0.20060,13.47460,13.47460,11.17310,6.85180,0.08440,1.81840,2.24930,0.57830,1.51460,12.97300,1.0275,1.0274
2017-03-31,99.29300,70.08900,29.20400,17.31400,17.31400,11.89000,-2.18100,9.70900,3.72600,5.98300,5.98300,5.98300,16.95600,11.89000,28.80670,28.80670,0.21000,0.21000,0.16830,0.20240,11.97470,11.97470,9.77810,6.02560,0.10390,1.65810,2.06100,0.62620,1.37900,12.67010,0.13840,0.13320
2016-12-31,102.80600,92.14200,10.66400,14.30800,14.30800,-3.64400,,-4.00600,-1.15000,-2.85600,-2.85600,-2.85600,1.34900,-3.64400,29.63220,29.63440,-0.09000,-0.09000,0.16920,0.20370,-3.54460,-3.54450,-3.89670,-2.77800,0.09950,-0.79790,-1.00220,-0.27640,-0.66290,12.41190,-0.6099,-0.6085
2016-09-30,109.30600,76.50300,32.80300,14.19100,14.19100,18.61200,,18.61200,7.68200,10.93000,10.93000,10.93000,23.32400,18.61200,29.21320,29.21320,0.37000,0.37000,,,17.02740,17.02740,17.02740,9.99950,0.10370,2.89730,3.61230,1.03730,2.89730,13.00080,-0.1071,-0.1122
2016-06-30,115.28100,69.54700,45.73400,15.97700,15.97700,29.75700,,29.75700,11.38900,18.36800,18.36800,18.36800,35.05300,29.75700,29.65400,29.65400,0.62000,0.62000,,,25.81260,25.81260,25.81260,15.93320,0.10270,4.93280,6.22530,1.63570,4.93280,12.70830,1.6466,1.6203
2016-03-31,111.56500,85.09100,26.47400,14.43400,14.43400,12.04000,,12.04000,4.61700,7.42300,7.42300,7.42300,14.03100,12.04000,30.36800,30.49200,0.24000,0.24000,,,10.79190,10.79190,10.79190,6.65350,0.12690,2.08370,2.67290,0.84440,2.08370,11.94290,1.86970,1.84500
2015-12-31,101.33200,55.28000,46.05200,12.75900,12.75900,33.29300,,33.29300,13.05000,20.24300,20.24300,20.24300,35.27500,33.29300,30.05600,30.32600,0.66000,0.66000,,,32.85540,32.85540,32.85540,19.97690,0.12100,5.67740,5.84370,2.41740,5.67740,11.71290,0.9877,0.9904
2015-09-30,89.24400,51.30300,37.94100,10.22600,10.22600,27.71500,,27.71500,10.90200,16.81300,16.81300,16.81300,29.74300,27.71500,30.17800,30.48400,0.56000,0.55000,,,31.05530,31.05530,31.05530,18.83940,0.10440,5.05810,5.05810,1.96630,5.05810,10.97570,1.0442,1.0315
2015-06-30,99.08800,46.16200,52.92600,11.93600,11.93600,40.99000,,40.99000,15.59000,25.40000,25.40000,25.40000,42.94700,40.99000,29.87800,30.26800,0.85000,0.84000,,,41.36730,41.36730,41.36730,25.63380,0.11600,8.13840,8.13840,2.97380,8.13840,10.40470,0.4087,0.4112
2015-03-31,105.12800,45.63200,59.49600,11.20400,11.20400,48.29200,,48.29200,18.23600,30.05600,30.05600,30.05600,49.92100,48.29200,29.79900,30.11600,1.01000,1.00000,,,45.93640,45.93640,45.93640,28.58990,0.15720,10.44320,10.44320,4.49500,10.44320,9.65570,2.40280,2.37160
2014-12-31,85.39000,40.59900,44.79100,13.57900,13.57900,31.21200,,31.21200,11.53400,19.67800,19.67800,19.67800,32.44300,31.21200,24.56900,25.81700,0.68000,0.68000,,,36.55230,36.55230,36.55230,23.04490,0.13880,7.71420,7.71420,3.19950,7.71420,8.56150,5.7339,5.6752
2014-09-30,58.01300,34.78300,23.23000,7.12100,7.12100,16.10900,,16.10900,6.14400,9.96500,9.96500,9.96500,16.99000,16.10900,29.79500,29.81500,0.33000,0.33000,,,27.76790,27.76790,27.76790,17.17720,0.11100,4.30500,4.30500,1.90620,4.30500,7.76900,0.3212,0.2391
2014-06-30,46.53900,25.62800,20.91100,5.80100,5.80100,15.11000,,15.11000,5.54400,9.56600,9.56600,9.56600,15.77100,15.11000,22.12000,24.33300,0.43000,0.39000,,,32.46740,32.46740,32.46740,20.55480,0.08850,4.31670,4.31670,1.81920,4.31670,7.43770,0.203,0.1368
2014-03-31,43.87800,25.06000,18.81800,6.99700,6.99700,11.82100,,11.82100,3.93300,7.88800,7.88800,7.88800,12.35600,11.82100,16.36100,18.99800,0.48000,0.42000,,,26.94060,26.94060,26.94060,17.97710,,,,,,,1.26390,1.20250
2013-12-31,,,,,,,,,,,,,,,,,,0.00000,,,,,,,,,,,,,-5.4278,-4.7568
2013-09-30,22.78000,11.73600,11.04400,3.37300,3.37700,7.66700,,7.66700,2.34000,5.32700,5.32700,5.32700,7.99800,7.67100,15.25400,15.25400,0.35000,0.35000,,,33.65670,33.67430,33.65670,23.38460,,,,,,,4.9993,4.975
2013-06-30,48.60100,8.73500,39.86600,5.57900,5.58500,34.28100,,34.28100,13.26300,21.01800,21.01800,21.01800,34.28700,34.28700,15.20300,15.20300,1.38000,1.38000,,,70.53560,70.54790,70.53560,43.24600,,,,,,,0.4285,-0.2182
2012-12-31,,,,,,,,,,,,,,,,,,0.00000,,,,,,,,,,,,,0,0
