Date,revenue,cost-goods-sold,gross-profit,selling-general-administrative-expenses,operating-expenses,operating-income,total-non-operating-income-expense,pre-tax-income,total-provision-income-taxes,income-after-taxes,income-from-continuous-operations,income-from-discontinued-operations,net-income,ebitda,ebit,basic-shares-outstanding,shares-outstanding,eps-basic-net-earnings-per-share,eps-earnings-per-share-diluted,current-ratio,long-term-debt-capital,debt-equity-ratio,gross-margin,operating-margin,ebit-margin,pre-tax-profit-margin,net-profit-margin,asset-turnover,inventory-turnover,receiveable-turnover,days-sales-in-receivables,roe,return-on-tangible-equity,roa,roi,book-value-per-share,operating-cash-flow-per-share,free-cash-flow-per-share
2024-03-31,1399.10000,951.40000,447.70000,219.20000,219.20000,228.50000,-27.10000,201.40000,52.30000,149.10000,149.10000,,147.80000,288.40000,228.50000,53.70000,54.00000,2.75000,2.73000,1.65530,0.39180,0.71880,31.99910,16.33190,16.33190,14.39500,10.56390,0.20390,1.12940,1.61630,55.68150,5.06610,-19.75620,2.17280,3.08130,54.82060,1.70740,3.23700
2023-12-31,1345.80000,889.60000,456.19970,230.60000,230.60000,225.59990,-16.10000,209.50000,37.10000,172.40000,172.40000,,170.20000,265.19990,225.59990,53.60000,54.00000,3.18000,3.16000,1.63760,0.41180,0.74090,33.89810,16.76330,16.76330,15.56700,12.64680,0.19460,1.06810,1.71350,52.52340,5.96680,-20.52140,2.49350,3.50940,53.77340,6.3981,5.2519
2023-09-30,1375.80000,888.40000,487.40000,211.10000,211.10000,276.30000,-11.30000,265.00000,63.00000,202.00000,202.00000,,199.60000,313.90010,276.30000,53.60000,54.00000,3.72000,3.70000,2.16390,0.34360,0.52460,35.42670,20.08290,20.08290,19.26150,14.50790,0.23850,1.12680,1.61310,55.79370,7.34410,181.81840,3.50190,4.82080,51.29420,3.5908,2.9444
2023-06-30,1365.90000,869.70000,496.20000,208.40000,208.40000,287.80000,-14.00000,273.80000,65.60000,208.20000,208.20000,,206.30000,324.70000,287.80000,53.60000,54.00000,3.85000,3.82000,2.06190,0.35360,0.54760,36.32770,21.07040,21.07040,20.04540,15.10360,0.24210,1.09520,1.68380,53.45050,7.91300,-648.59120,3.69090,5.11520,49.05930,4.2127,3.5565
2023-03-31,1285.40000,837.10000,448.30000,199.50000,199.50000,248.80000,-13.80000,235.00000,51.60000,183.40000,183.40000,,181.90000,284.40010,248.80000,53.60000,53.90000,3.39000,3.37000,1.99480,0.36680,0.58120,34.87630,19.35590,19.35590,18.28230,14.15120,0.23450,1.07380,1.65150,54.49430,7.38590,-125.70240,3.34620,4.67670,46.33600,2.10950,1.48980
2022-12-31,1219.60000,852.80000,366.79990,194.80000,194.80000,172.00010,-15.20000,156.80000,32.90000,123.90000,123.90000,-18.30000,104.50000,212.90010,172.00020,53.70000,54.10000,1.96000,1.93000,1.85710,0.37760,0.60850,30.07540,14.10300,14.10300,12.85670,8.56840,0.22570,1.15130,1.64460,54.72610,5.22650,-45.92290,2.29330,3.25320,44.15350,4.4671,3.3102
2022-09-30,1316.20000,917.70000,398.49990,194.90000,194.90000,203.60000,-12.80000,190.80000,38.80000,152.00000,152.00000,-11.20000,138.70000,241.80000,203.60000,53.70000,54.00000,2.58000,2.57000,1.87720,0.38150,0.61850,30.27660,15.46880,15.46880,14.49630,10.53790,0.24660,1.24180,1.64420,54.73710,6.52300,-49.20680,2.84730,4.03450,43.38970,4.0607,3.289
2022-06-30,1256.00000,872.80000,383.20000,192.60000,192.60000,190.60000,-14.60000,176.00000,38.90000,137.10000,137.10000,-13.60000,121.60000,225.30000,190.60000,53.60000,53.90000,2.27000,2.26000,2.02830,0.38780,0.63610,30.50960,15.17520,15.17520,14.01270,9.68150,0.23980,1.21310,1.60920,55.92760,6.04520,-58.19190,2.61730,3.70080,42.25010,3.4966,3.1721
2022-03-31,1156.10000,833.00000,323.10000,180.20000,180.20000,142.90000,-9.50000,133.40000,29.60000,103.80000,103.80000,77.70000,179.70000,177.60000,142.90000,54.10000,54.40000,3.32000,3.31000,2.00300,0.39230,0.64910,27.94740,12.36050,12.36050,11.53880,15.54360,0.22360,1.17520,1.48620,60.55790,4.66640,-33.44070,2.00790,2.83570,41.45280,-0.26470,5.75000
2021-12-31,1100.10000,810.20010,289.90000,155.60000,155.60000,134.30000,-10.40000,123.90000,22.60000,101.30000,101.30000,18.10000,117.30000,170.80000,134.29990,54.30000,54.70000,2.15000,2.14000,1.76430,0.39050,0.64500,26.35220,12.20800,12.20800,11.26260,10.66270,0.20830,1.22370,1.62910,55.24680,4.52090,-32.45750,1.91800,2.75560,41.10020,4.1225,3.6215
2021-09-30,1083.40000,782.30000,301.10000,155.20000,155.20000,145.90000,-12.90000,133.00000,27.50000,105.50000,105.50000,5.00000,108.10000,181.60000,145.90000,54.30000,54.70000,1.99000,1.98000,1.77050,0.39710,0.71800,27.79210,13.46690,13.46690,12.27620,9.97780,0.20670,1.11650,1.35710,66.31620,4.84370,-21.86530,2.01270,2.92000,40.03050,1.7989,1.3255
2021-06-30,1054.30000,756.00000,298.30000,156.10000,156.10000,142.20010,-35.70000,106.50000,16.90000,89.60000,89.60000,7.00000,95.50000,179.80010,142.20010,54.30000,54.70000,1.76000,1.74000,1.74610,0.40120,0.73420,28.29370,13.48760,13.48760,10.10150,9.05810,0.20380,1.18440,1.38310,65.07350,4.18520,-16.58340,1.73210,2.50620,39.36930,2.4991,2.3327
2021-03-31,956.30000,694.10000,262.20000,152.30000,152.30000,109.90000,-14.00000,95.90000,21.20000,74.70000,74.70000,4.40000,77.40000,149.20000,109.90000,54.20000,54.70000,1.43000,1.42000,1.59090,0.40600,0.85530,27.41820,11.49220,11.49220,10.02820,8.09370,0.18070,1.12610,1.36010,66.17070,3.56050,-12.19790,1.41130,2.11510,38.62580,0.97070,0.61790
2020-12-31,534.39990,372.20000,162.19990,80.90000,80.90010,81.29980,-8.70000,72.60000,11.30000,61.30000,61.30000,,80.70000,108.79980,81.30000,54.20000,54.50000,1.49000,1.48000,1.67430,0.40790,0.76240,30.35180,15.21330,15.21330,13.58530,15.10110,0.10510,0.70670,0.96580,93.18300,2.93950,-10.97980,1.20550,1.74030,38.34650,2.7028,2.1321
2020-09-30,1108.60000,779.00000,329.60000,166.70000,166.70000,162.90000,-23.90000,139.00000,30.40000,108.60000,108.60000,,106.70000,202.30000,162.90000,54.20000,54.50000,1.97000,1.96000,2.06940,0.41420,0.71800,29.73120,14.69420,14.69420,12.53830,9.62480,0.22730,1.33190,1.55830,57.75390,5.34710,-21.44550,2.22670,3.13210,37.44750,2.7666,2.4626
2020-06-30,949.20000,668.70000,280.50000,149.00000,149.00000,131.50000,-18.50000,113.00000,23.90000,89.10000,89.10000,,87.90000,170.20000,131.50000,54.10000,54.30000,1.62000,1.62000,2.03660,0.44930,0.88960,29.55120,13.85380,13.85380,11.90480,9.26040,0.18760,1.10680,1.47370,61.07140,4.51480,-15.47150,1.76130,2.48610,36.39260,3.6077,3.2891
2020-03-31,1090.30000,776.80000,313.50010,194.70000,194.70000,118.80000,-18.90000,99.90000,24.20000,75.70000,75.70000,,74.70000,157.70000,118.80000,54.30000,54.60000,1.38000,1.37000,1.99100,0.45300,0.88360,28.75360,10.89610,10.89610,9.16260,6.85130,0.21990,1.30400,1.54060,58.41790,3.92530,-11.87640,1.52650,2.14700,35.58050,1.98530,1.65930
2019-12-31,458.90000,314.00000,144.90000,78.90000,78.89980,66.00020,13.60000,79.60000,15.90000,63.70000,63.70000,,101.70000,92.80020,66.00010,54.40000,54.70000,1.87000,1.86000,1.86320,0.43440,0.80150,31.57550,14.38230,14.38230,17.34580,22.16170,0.09360,0.49610,0.67190,133.95070,3.24920,-10.06640,1.29920,1.83760,35.96320,2.3948,1.5277
2019-09-30,1204.00000,842.00000,362.00000,189.10000,189.10000,172.90000,-4.90000,168.00000,35.40000,132.60000,132.60000,,130.20000,210.30000,172.90000,54.30000,54.60000,2.40000,2.38000,2.08950,0.47220,0.91360,30.06650,14.36050,14.36050,13.95350,10.81400,0.23730,1.27190,1.52970,58.83640,6.92210,-21.02090,2.61320,3.65320,35.22230,3.2143,3.37
2019-06-30,1196.40000,839.00000,357.40000,190.50000,190.50000,166.90000,-43.30000,123.60000,25.70000,97.90000,97.90000,,95.60000,204.00000,166.90000,54.30000,54.60000,1.76000,1.75000,1.97800,0.48150,0.95800,29.87300,13.95020,13.95020,10.33100,7.99060,0.23760,1.26760,1.52310,59.08980,5.27760,-13.71730,1.94400,2.73630,34.09360,2.4084,1.9615
2019-03-31,1087.30000,780.00000,307.30000,186.40000,186.40000,120.90000,-22.90000,98.00000,24.20000,73.80000,73.80000,,72.00000,157.50000,120.90000,54.40000,54.60000,1.32000,1.32000,1.94670,0.48660,0.99010,28.26270,11.11930,11.11930,9.01320,6.62190,0.21850,1.17650,1.51820,59.28260,4.03960,-9.68500,1.48310,2.07400,33.51560,1.43040,1.00370
2018-12-31,1144.10000,823.50010,320.60030,184.00000,183.99990,136.60050,-21.90000,114.70000,25.50000,89.20000,89.20000,,86.90000,172.20050,136.60020,54.60000,54.90000,1.61000,1.61000,1.95840,0.49130,0.99680,28.02200,11.93960,11.93950,10.02530,7.59550,0.23480,1.26500,1.57720,57.06320,4.95860,-11.08080,1.83080,2.52260,32.87760,3.2404,2.8998
2018-09-30,1179.70000,830.70000,348.99990,185.20000,185.20000,163.79990,-21.30000,142.50000,27.80000,114.70000,114.70000,,113.60000,200.29990,163.79990,54.60000,54.90000,2.07000,2.06000,1.87640,0.50290,1.08520,29.58380,13.88490,13.88490,12.07930,9.62960,0.23610,1.23520,1.49670,60.13220,6.47360,-13.62400,2.29510,3.21800,32.39120,3.4044,2.9818
2018-06-30,1166.70000,818.80000,347.90000,191.00000,191.00000,156.90000,-22.90000,134.00000,31.60000,102.40000,102.40000,,100.30000,193.90000,156.90000,54.70000,54.90000,1.83000,1.82000,1.99210,0.52720,1.16860,29.81920,13.44820,13.44820,11.48540,8.59690,0.23470,1.19240,1.49630,60.14660,6.01720,-11.08830,2.05990,2.84490,31.05480,2.7814,2.3154
2018-03-31,991.20000,708.30000,282.90000,183.30000,183.30000,99.60000,-23.80000,75.80000,16.00000,59.80000,59.80000,,58.10000,138.90000,99.60000,54.70000,55.10000,1.06000,1.05000,1.91520,0.53140,1.23960,28.54120,10.04840,10.04840,7.64730,5.86160,0.19920,0.99160,1.40800,63.92250,3.56270,-6.15800,1.20190,1.66960,30.62960,-0.00730,-0.40650
2017-12-31,917.70000,628.30000,289.40000,162.90000,162.90010,126.49990,-14.60000,111.90000,89.50000,22.40000,22.40000,,20.40000,149.99990,126.50010,54.80000,55.10000,0.38000,0.36000,2.27180,0.37460,0.64030,31.53540,13.78450,13.78450,12.19350,2.22290,0.24670,0.98990,1.69850,52.98790,1.35930,22.74110,0.60210,0.85010,30.02620,2.7145,2.571
2017-09-30,950.50000,642.90000,307.60000,157.50000,157.50000,150.10000,-26.50000,123.60000,40.80000,82.80000,82.80000,,80.50000,175.20000,150.10000,54.60000,54.90000,1.47000,1.47000,2.27520,0.37170,0.64790,32.36190,15.79170,15.79170,13.00370,8.46920,0.25390,1.03090,1.54530,58.24200,4.96490,49.55120,2.21200,3.11930,30.48810,1.7828,1.4127
2017-06-30,948.30000,652.80000,295.50000,161.10000,161.10000,134.40000,-17.70000,116.70000,35.90000,80.80000,80.80000,,78.80000,159.80000,134.40000,54.80000,55.10000,1.44000,1.43000,1.56990,0.30140,0.68310,31.16100,14.17270,14.17270,12.30620,8.30960,0.25860,1.11530,1.57840,57.01990,5.03990,82.70220,2.20360,3.52070,29.30900,1.2498,0.8955
2017-03-31,852.30000,589.70000,262.60000,154.80000,154.80000,107.80000,-16.90000,90.90000,27.00000,63.90000,63.90000,,62.60000,132.00000,107.80000,55.20000,55.60000,1.13000,1.13000,2.63470,0.38410,0.62690,30.81080,12.64810,12.64810,10.66530,7.34480,0.24390,1.07650,1.56390,57.55020,4.02190,39.68940,1.82850,2.47700,28.88730,1.13130,0.88670
2016-12-31,854.19980,591.20010,262.99970,143.20000,143.19990,119.79970,-21.90000,97.90000,32.20000,65.70000,65.70000,,64.20000,142.09970,119.79980,55.50000,55.70000,1.16000,1.15000,2.63110,0.38190,0.61980,30.78910,14.02480,14.02480,11.46100,7.51580,0.24230,1.11040,1.61170,55.84170,4.09810,36.35860,1.86380,2.53310,28.86980,2.5283,2.341
2016-09-30,907.40000,618.70000,288.70000,152.70000,152.70000,136.00000,-11.90000,124.10000,36.00000,88.10000,88.10000,,86.40000,158.70000,136.00000,55.30000,55.50000,1.56000,1.56000,2.63500,0.37720,0.60930,31.81620,14.98790,14.98790,13.67640,9.52170,0.25990,1.13380,1.60350,56.12850,5.38970,43.63540,2.52360,3.35660,29.50540,2.5735,2.286
2016-06-30,908.80000,615.30000,293.50000,161.40000,161.40000,132.10000,-15.30000,116.80000,34.80000,82.00000,82.00000,,80.80000,155.30000,132.10000,55.30000,55.60000,1.46000,1.45000,2.51210,0.38520,0.66350,32.29530,14.53570,14.53570,12.85210,8.89080,0.26590,1.12530,1.75850,51.17960,5.19180,55.44290,2.39930,3.19180,28.56060,1.1743,0.9073
2016-03-31,834.80000,574.90000,259.90000,158.00000,158.00000,101.90000,-10.30000,91.60000,29.60000,62.00000,62.00000,,60.70000,124.60000,101.90000,56.30000,56.50000,1.08000,1.08000,2.52060,0.38570,0.62800,31.13320,12.20650,12.20650,10.97270,7.27120,0.24550,1.02750,1.65730,54.30400,3.93480,46.79250,1.82300,2.41700,28.28910,1.10270,0.83190
2015-12-31,829.69990,562.80000,266.89980,155.00000,155.00000,111.89990,-21.10000,90.80000,28.10000,62.70000,62.70000,,61.40000,133.49990,111.89990,57.70000,58.00000,1.06000,1.06000,2.30110,0.25410,0.36830,32.16830,13.48680,13.48680,10.94370,7.40030,0.25860,1.04220,1.77820,50.61350,3.58490,13.98620,1.95410,2.67390,30.24020,2.5166,2.1027
2015-09-30,877.00000,587.00000,290.00000,159.00000,159.00000,131.00000,-15.90000,115.10000,40.40000,74.70000,74.70000,,73.10000,151.70000,131.00000,57.70000,57.90000,1.27000,1.27000,2.82940,0.23430,0.30630,33.06730,14.93730,14.93730,13.12430,8.33520,0.25930,1.11390,1.65190,54.48230,3.82370,11.57240,2.20840,2.92770,33.74090,1.6334,1.3249
2015-06-30,874.00000,590.90000,283.10000,156.40000,156.40000,126.70000,-8.70000,118.00000,36.70000,81.30000,81.30000,,79.90000,147.89990,126.70000,57.70000,58.00000,1.39000,1.37000,2.97660,0.23590,0.30880,32.39130,14.49660,14.49660,13.50110,9.14190,0.26250,1.15430,1.70540,52.77460,4.19830,12.54240,2.44140,3.20800,33.44560,1.2592,0.9439
2015-03-31,809.70000,557.90000,251.80000,146.80000,146.80000,105.00000,-10.30000,94.70000,31.30000,63.40000,63.40000,,62.20000,126.70000,105.00000,58.00000,58.30000,1.07000,1.07000,2.86030,0.24210,0.31940,31.09790,12.96780,12.96780,11.69570,7.68190,0.24870,1.14910,1.61390,55.76510,3.38820,10.85620,1.94740,2.56790,32.31780,0.44250,0.16300
2014-12-31,848.79980,573.50000,275.29980,149.20000,149.20000,126.09980,-7.90000,118.20000,37.60000,80.60000,80.60000,,81.00000,146.29980,126.09990,58.80000,59.20000,1.38000,1.38000,3.26400,0.23510,0.30810,32.43400,14.85630,14.85630,13.92560,9.54290,0.25570,1.29810,1.80670,49.81390,4.16390,10.91850,2.42760,3.18500,33.09060,2.6014,2.4013
2014-09-30,895.30000,599.10000,296.20000,153.40000,153.40000,142.80000,-8.00000,134.80000,44.30000,90.50000,90.50000,,89.50000,162.90000,142.80000,58.90000,59.40000,1.52000,1.51000,3.24190,0.22700,0.29410,33.08390,15.95000,15.95000,15.05640,9.99670,0.26240,1.34360,1.64940,54.56500,4.44720,10.91810,2.65290,3.43780,34.43320,2.3081,2.0471
2014-06-30,855.80000,563.30000,292.50000,148.80000,148.80000,143.70000,-7.30000,136.40000,45.60000,90.80000,90.80000,,89.90000,163.70000,143.70000,59.00000,59.40000,1.53000,1.51000,3.45190,0.22950,0.29830,34.17860,16.79130,16.79130,15.93830,10.50480,0.25860,1.31060,1.69130,53.21340,4.52600,11.32450,2.74350,3.48750,33.94590,0.9743,0.7315
2014-03-31,759.50000,514.50000,245.00000,140.20000,140.20000,104.80000,-8.70000,96.10000,30.80000,65.30000,65.30000,,64.00000,123.70000,104.80000,59.00000,59.50000,1.08000,1.08000,3.39330,0.23500,0.30770,32.25810,13.79860,13.79860,12.65310,8.42660,0.23420,1.23060,1.62180,55.49310,3.35840,8.35680,2.01320,2.56910,32.84460,0.72940,0.51600
2013-12-31,806.60000,535.70000,270.90000,144.70000,144.69980,126.20020,-9.70000,116.50000,33.70000,82.80000,82.80000,,81.60000,144.30020,126.20010,59.10000,59.60000,1.39000,1.38000,3.49550,0.23770,0.31200,33.58540,15.64600,15.64590,14.44330,10.11650,0.25310,1.38890,1.82940,49.19540,4.32420,10.00240,2.59790,3.29620,32.35940,2.6094,2.3589
2013-09-30,835.90000,544.60000,291.30000,139.70000,139.70000,151.60000,-8.30000,143.30000,46.10000,97.20000,97.20000,,96.20000,169.70000,151.60000,59.10000,59.50000,1.63000,1.62000,3.29410,0.24870,0.33110,34.84870,18.13610,18.13610,17.14320,11.50860,0.26610,1.35510,1.67350,53.78040,5.38830,13.76970,3.09440,4.04830,30.52280,1.9761,1.7334
2013-06-30,801.30000,529.30000,272.00000,139.90000,139.90000,132.10000,-9.30000,122.80000,39.80000,83.00000,83.00000,,81.80000,149.30000,132.10000,59.10000,59.60000,1.38000,1.37000,3.32630,0.25500,0.34240,33.94480,16.48570,16.48570,15.32510,10.20840,0.26350,1.37590,1.70930,52.65440,4.76050,12.65240,2.72940,3.54640,29.40140,1.1041,0.8859
2013-03-31,740.10000,503.80000,236.30000,138.60000,138.60000,97.70000,-6.50000,91.20000,24.40000,66.80000,66.80000,,65.90000,114.89990,97.70000,59.10000,59.60000,1.11000,1.10000,3.30750,0.25940,0.35020,31.92810,13.20090,13.20090,12.32270,8.90420,0.24770,1.43700,1.66840,53.94410,3.92020,10.47680,2.23580,2.90330,28.68690,0.71640,0.49830
2012-12-31,752.49990,502.70000,249.79990,139.30000,139.30010,110.49980,-8.40000,102.10000,29.20000,72.90000,72.90000,,71.70000,128.09980,110.49970,59.10000,59.80000,1.21000,1.21000,3.25480,0.26350,0.35780,33.19600,14.68440,14.68440,13.56810,9.52820,0.25530,1.47120,1.85710,48.46250,4.37080,11.67710,2.47370,3.21910,28.15640,2.6217,2.4052
2012-09-30,789.70000,521.20000,268.50000,133.40000,133.40000,135.10000,-6.10000,129.00000,41.40000,87.60000,87.60000,,86.80000,151.30000,135.10000,59.10000,59.70000,1.47000,1.45000,3.02760,0.26930,0.36870,34.00030,17.10780,17.10780,16.33530,10.99150,0.26570,1.46280,1.68520,53.40510,5.41210,14.70790,2.94720,3.95450,27.29510,1.464,1.2915
2012-06-30,778.40000,518.60000,259.80000,135.30000,135.30000,124.50010,-8.40000,116.10000,38.10000,78.00000,78.00000,,77.20000,141.30010,124.50010,59.10000,59.70000,1.31000,1.29000,2.92530,0.27780,0.38470,33.37620,15.99440,15.99440,14.91520,9.91780,0.26760,1.45960,1.77880,50.59610,5.02870,14.97700,2.68110,3.63200,26.11280,0.9992,0.8377
2012-03-31,723.80000,489.70000,234.10000,132.40000,132.40000,101.70000,-7.10000,94.60000,31.00000,63.60000,63.60000,,63.00000,117.90000,101.70000,59.20000,59.90000,1.06000,1.05000,2.83380,0.28350,0.39590,32.34320,14.05080,14.05080,13.06990,8.70410,0.25150,1.45140,1.74070,51.70210,4.22000,12.69460,2.20990,3.02350,25.45780,0.75290,0.56260
2011-12-31,740.00010,503.70000,236.30010,126.50000,126.50010,109.80000,-7.90000,101.90000,31.40000,70.50000,70.50000,,69.70000,126.30000,109.80000,59.70000,60.40000,1.18000,1.16000,2.75050,0.28810,0.40670,31.93240,14.83780,14.83780,13.77030,9.41890,0.26000,1.58250,1.87670,47.95540,4.78450,14.78920,2.47670,3.40610,24.87380,1.9204,1.8515
2011-09-30,764.30000,512.00000,252.30000,127.00000,127.00000,125.30000,-7.30000,118.00000,34.70000,83.30000,83.30000,,82.20000,142.20000,125.30000,59.30000,59.90000,1.38000,1.37000,2.57550,0.28680,0.40370,33.01060,16.39410,16.39410,15.43900,10.75490,0.27200,1.54590,1.67870,53.61380,5.61890,16.66330,2.96430,4.00730,25.12710,1.7115,1.5336
2011-06-30,709.20000,479.30000,229.90000,124.80000,124.80000,105.10000,-9.20000,95.90000,30.20000,65.70000,65.70000,,64.90000,122.30000,105.10000,60.00000,60.80000,1.08000,1.07000,2.70340,0.28520,0.40040,32.41680,14.81950,14.81950,13.52230,9.15120,0.25550,1.47840,1.73780,51.78930,4.39670,13.13480,2.36720,3.14290,24.90500,1.0403,0.8883
2011-03-31,658.10000,452.90000,205.20000,121.60000,121.60000,83.60000,-9.60000,74.00000,23.30000,50.70000,50.70000,,50.10000,101.20000,83.60000,60.40000,61.20000,0.83000,0.82000,2.60960,0.28950,0.40870,31.18070,12.70320,12.70320,11.24450,7.61280,0.24000,1.49130,1.65560,54.36100,3.46640,10.88680,1.84890,2.46280,24.25540,0.87420,0.51470
2010-12-31,639.29990,432.49990,206.80000,115.80000,115.80010,90.99990,-22.90000,68.10000,17.90000,50.20000,50.20000,,49.50000,108.69990,91.00000,59.90000,60.30000,0.82000,0.82000,2.75530,0.28940,0.40840,32.34790,14.23430,14.23430,10.65230,7.74280,0.23630,1.44940,1.87040,48.11830,3.43010,10.77250,1.85530,2.43760,24.11160,1.491,1.2996
2010-09-30,685.00000,449.80000,235.20000,117.60000,117.60000,117.60000,-8.40000,109.20000,37.50000,71.70000,71.70000,,71.00000,135.60000,117.60000,59.80000,60.20000,1.19000,1.18000,2.35670,0.25950,0.35200,34.33580,17.16790,17.16790,15.94160,10.36500,0.26250,1.52990,1.67320,53.78980,5.00380,21.24440,2.74800,3.70540,23.88170,1.3771,1.186
2010-06-30,646.40000,435.40000,211.00000,117.50000,117.50000,93.50000,-8.00000,85.50000,27.60000,57.90000,57.90000,,57.40000,112.00000,93.50000,59.80000,60.20000,0.96000,0.95000,2.29810,0.26840,0.36930,32.64230,14.46470,14.46470,13.22710,8.88000,0.25260,1.57470,1.73900,51.75280,4.24300,25.48410,2.26250,3.10420,22.74330,1.1488,0.9631
2010-03-31,570.50000,394.80000,175.70000,110.00000,110.00000,65.70000,-8.10000,57.60000,18.60000,39.00000,39.00000,,38.40000,84.00000,65.70000,59.70000,60.10000,0.64000,0.64000,2.24870,0.27320,0.37840,30.79760,11.51620,11.51620,10.09640,6.73090,0.22730,1.46010,1.63750,54.96230,2.93280,20.80000,1.55420,2.13160,22.16330,0.39770,0.21300
2009-12-31,591.90000,400.09990,191.80010,112.30000,112.30010,79.50010,-9.40000,70.10000,20.00000,50.10000,50.10000,,49.40000,99.00010,79.50020,56.80000,57.00000,0.85000,0.84000,2.17750,0.27630,0.38190,32.40410,13.43130,13.43140,11.84320,8.34600,0.24630,1.51840,1.90870,47.15150,3.84790,24.46290,2.08510,2.78460,21.82330,1.7188,1.5551
2009-09-30,593.90000,401.00000,192.90000,101.60000,101.60000,91.30000,-7.40000,83.90000,26.40000,57.50000,57.50000,,57.00000,108.00000,91.30000,56.30000,56.50000,1.01000,1.01000,2.56580,0.30650,0.44190,32.48020,15.37300,15.37300,14.12700,9.59760,0.26760,1.61760,1.78780,50.34180,5.10700,18.98320,2.59040,3.54190,19.92740,2.5284,2.4301
2009-06-30,584.20000,410.00000,174.20000,107.60000,107.60000,66.60000,-8.80000,57.80000,18.20000,39.60000,39.60000,,39.20000,83.90000,66.60000,56.20000,56.30000,0.70000,0.70000,2.52070,0.31470,0.45930,29.81860,11.40020,11.40020,9.89390,6.71000,0.27370,1.46640,1.78760,50.34580,3.67650,15.18400,1.85540,2.51940,19.09750,1.9023,1.8011
2009-03-31,585.60000,418.60000,167.00000,109.70000,109.70000,57.30000,-7.50000,49.80000,15.70000,34.10000,34.10000,,33.70000,74.40000,57.30000,56.20000,56.30000,0.60000,0.60000,2.36470,0.32610,0.48400,28.51780,9.78480,9.78480,8.50410,5.75480,0.28020,1.30770,1.75120,51.39340,3.31740,15.32590,1.63180,2.23550,18.22520,0.82770,0.68560
