Date,revenue,cost-goods-sold,gross-profit,research-development-expenses,selling-general-administrative-expenses,other-operating-income-expenses,operating-expenses,operating-income,total-non-operating-income-expense,pre-tax-income,total-provision-income-taxes,income-after-taxes,income-from-continuous-operations,income-from-discontinued-operations,net-income,ebitda,ebit,basic-shares-outstanding,shares-outstanding,eps-basic-net-earnings-per-share,eps-earnings-per-share-diluted,current-ratio,long-term-debt-capital,debt-equity-ratio,gross-margin,operating-margin,ebit-margin,pre-tax-profit-margin,net-profit-margin,asset-turnover,inventory-turnover,receiveable-turnover,days-sales-in-receivables,roe,return-on-tangible-equity,roa,roi,book-value-per-share,operating-cash-flow-per-share,free-cash-flow-per-share
2023-09-30,1506.00000,1275.00000,231.00000,28.00000,165.00000,-5.00000,204.00000,27.00000,15.00000,42.00000,27.00000,15.00000,15.00000,,,96.00000,27.00000,175.70000,177.00000,,0.00000,1.88360,0.29010,0.43950,15.33870,1.79280,1.79280,2.78880,,0.20440,1.35490,1.82100,49.42230,0.41050,0.57250,0.20360,0.29140,21.04740,0.9087,0.6162
2023-06-30,1596.00000,1342.00000,254.00000,29.00000,167.00000,,204.00000,50.00000,11.00000,61.00000,28.00000,33.00000,33.00000,-2.00000,19.00000,120.00000,50.00000,179.20000,180.30000,0.11000,0.11000,2.14290,0.28880,0.40900,15.91480,3.13280,3.13280,3.82210,1.19050,0.21130,1.32610,1.85370,48.55260,0.85800,1.17980,0.43690,0.61020,21.71530,0.1806,-0.1079
2023-03-31,1606.00000,1337.00000,269.00000,30.00000,188.00000,3.00000,208.00000,61.00000,-6.00000,55.00000,11.00000,44.00000,44.00000,122.00000,153.00000,130.00000,61.00000,182.70000,184.40000,0.84000,0.83000,2.08170,0.27440,0.38100,16.74970,3.79830,3.79830,3.42470,9.52680,0.20690,1.27580,1.81060,49.70740,1.10280,1.50020,0.56680,0.80010,22.05710,-0.83510,-1.08460
2022-12-31,1650.00000,1460.00000,190.00000,28.00000,179.00000,40.00000,217.00000,-27.00000,2.00000,-25.00000,31.00000,-56.00000,-56.00000,-18.00000,-91.00000,47.00000,-27.00000,201.00000,203.00000,-0.38000,-0.37000,1.84890,0.30320,0.45230,11.51520,-1.63640,-1.63640,-1.51520,-5.51520,0.20070,1.46730,1.97840,45.49090,-1.45830,-2.01870,-0.68130,-1.01620,20.91120,1.4704,1.0642
2022-09-30,2011.00000,1662.00000,349.00000,31.00000,165.00000,-3.00000,211.00000,138.00000,8.00000,146.00000,30.00000,116.00000,116.00000,-1.00000,100.00000,210.00000,138.00000,197.70000,199.20000,0.51000,0.50000,2.00380,0.27030,0.37350,17.35460,6.86230,6.86230,7.26010,4.97270,0.24730,1.54030,2.00300,44.93290,2.91160,3.97940,1.42650,2.12450,20.66850,1.5055,1.195
2022-06-30,2170.00000,1678.00000,492.00000,32.00000,177.00000,19.00000,214.00000,278.00000,16.00000,294.00000,65.00000,229.00000,229.00000,13.00000,228.00000,346.00000,278.00000,205.20000,207.00000,1.11000,1.10000,2.11900,0.25740,0.34960,22.67280,12.81110,12.81110,13.54840,10.50690,0.24880,1.19770,1.68480,53.41940,5.26320,7.03530,2.62580,3.90850,21.57460,1.132,0.8059
2022-03-31,2192.00000,1677.00000,515.00000,34.00000,190.00000,-8.00000,232.00000,283.00000,-1.00000,282.00000,60.00000,222.00000,222.00000,18.00000,223.00000,350.00000,283.00000,212.70000,215.40000,1.05000,1.04000,1.88290,0.25190,0.34140,23.49450,12.91060,12.91060,12.86500,10.17340,0.23310,1.21350,1.33410,67.45900,4.88990,6.47420,2.36120,3.65790,21.62160,0.39460,0.09750
2021-12-31,1712.00000,1388.00000,324.00000,25.00000,147.00000,20.00000,158.00000,166.00000,481.00000,647.00000,81.00000,566.00000,566.00000,41.00000,597.00000,239.00000,166.00000,219.20000,221.40000,2.73000,2.71000,1.91520,0.25230,0.34000,18.92520,9.69630,9.69630,37.79210,34.87150,0.18230,1.33720,1.27000,70.86450,12.41500,16.45350,6.02640,9.28330,21.28680,3.5679,3.1845
2021-09-30,2097.00000,1660.00000,437.00000,35.00000,176.00000,3.00000,207.00000,230.00000,23.00000,253.00000,34.00000,219.00000,219.00000,6.00000,209.00000,288.00000,230.00000,219.40000,221.30000,0.95000,0.94000,1.91750,0.28380,0.40040,20.83930,10.96810,10.96810,12.06490,9.96660,0.24470,1.41400,1.69250,53.17600,5.53870,7.79640,2.55570,3.96670,18.21890,0.8397,0.5313
2021-06-30,2024.00000,1593.00000,431.00000,37.00000,209.00000,35.00000,222.00000,209.00000,4.00000,213.00000,42.00000,171.00000,171.00000,1.00000,156.00000,282.00000,209.00000,220.90000,222.90000,0.71000,0.70000,1.87980,0.28140,0.40280,21.29450,10.32610,10.32610,10.52370,7.70750,0.23790,1.33530,1.80390,49.89130,4.40150,6.27290,2.01030,3.16320,17.58240,-0.0313,-0.3717
2021-03-31,1837.00000,1445.00000,392.00000,38.00000,207.00000,3.00000,266.00000,126.00000,7.00000,133.00000,34.00000,99.00000,99.00000,1.00000,83.00000,200.00000,126.00000,220.40000,222.60000,0.38000,0.37000,1.87280,0.28790,0.41970,21.33910,6.85900,6.85900,7.24010,4.51820,0.22130,1.43640,1.79750,50.07080,2.65130,3.84760,1.19280,1.88790,16.91800,-0.07640,-0.51660
2020-12-31,1071.00000,832.00000,239.00000,20.00000,107.00000,283.00000,-149.00000,388.00000,10.00000,398.00000,33.00000,365.00000,365.00000,-5.00000,343.00000,449.00000,388.00000,220.60000,221.90000,1.59000,1.56000,1.80290,0.29380,0.57750,22.31560,36.22780,36.22780,37.16150,32.02620,0.12290,0.98110,1.17690,76.47060,9.93740,13.58390,4.18910,7.01790,16.69200,0.7425,0.7806
2020-09-30,1510.00000,1231.00000,279.00000,33.00000,178.00000,3.00000,220.00000,59.00000,13.00000,72.00000,15.00000,57.00000,57.00000,,48.00000,129.00000,59.00000,219.80000,221.30000,0.22000,0.22000,1.56220,0.31560,0.62900,18.47680,3.90730,3.90730,4.76820,3.17880,0.18650,1.50310,1.69850,52.98680,1.68790,2.32560,0.70400,1.15520,15.36210,0.3749,0.1347
2020-06-30,1247.00000,1085.00000,162.00000,32.00000,186.00000,6.00000,231.00000,-69.00000,-8.00000,-77.00000,-13.00000,-64.00000,-64.00000,5.00000,-62.00000,,-69.00000,219.70000,219.70000,-0.28000,-0.28000,1.53130,0.31480,0.65490,12.99120,-5.53330,-5.53330,-6.17480,-4.97190,0.15350,1.22600,1.49340,60.26460,-1.92540,-2.67340,-0.78760,-1.31930,15.12650,0.3588,0.1041
2020-03-31,1593.00000,1296.00000,297.00000,36.00000,199.00000,-5.00000,243.00000,54.00000,-116.00000,-62.00000,7.00000,-69.00000,-69.00000,777.00000,705.00000,121.00000,54.00000,223.20000,223.20000,3.16000,3.16000,2.12740,0.37720,0.64530,18.64410,3.38980,3.38980,-3.89200,44.25610,0.18830,1.28570,1.55110,58.02260,-2.03960,-2.61760,-0.81580,-1.27030,15.40190,-0.33600,-0.60930
2019-12-31,1657.00000,1347.00000,310.00000,28.00000,201.00000,-30.00000,260.00000,50.00000,64.00000,114.00000,-151.00000,265.00000,265.00000,43.00000,303.00000,119.00000,50.00000,228.90000,230.60000,1.34000,1.33000,1.87000,0.43530,0.84600,18.70850,3.01750,3.01750,6.87990,18.28610,0.19920,1.47370,1.73870,51.76220,9.38390,11.27180,3.18510,5.29890,12.59050,1.0051,0.6142
2019-09-30,1687.00000,1347.00000,340.00000,35.00000,193.00000,-3.00000,188.00000,152.00000,-149.00000,3.00000,30.00000,-27.00000,-27.00000,68.00000,30.00000,217.00000,152.00000,227.40000,227.40000,0.13000,0.13000,1.95750,0.45520,0.88550,20.15410,9.01010,9.01010,0.17780,1.77830,0.20790,1.40170,1.54770,58.15060,-1.02350,-1.24880,-0.33270,-0.55760,11.74060,1.7086,1.6365
2019-06-30,1784.00000,1411.00000,373.00000,38.00000,185.00000,2.00000,221.00000,152.00000,-31.00000,121.00000,38.00000,83.00000,83.00000,35.00000,110.00000,221.00000,152.00000,230.60000,232.10000,0.48000,0.47000,1.82610,0.44670,0.88830,20.90810,8.52020,8.52020,6.78250,6.16590,0.20990,1.28980,1.36180,66.08750,2.94330,3.55770,0.97650,1.62840,12.33050,1.3081,1.0591
2019-03-31,1669.00000,1310.00000,359.00000,36.00000,207.00000,,244.00000,115.00000,38.00000,153.00000,45.00000,108.00000,108.00000,23.00000,119.00000,182.00000,115.00000,233.10000,235.10000,0.51000,0.51000,1.82540,0.44790,0.90780,21.50990,6.89040,6.89040,9.16720,7.13000,0.19320,1.06680,1.29780,69.34690,3.77230,4.55500,1.25000,2.08250,12.30430,-0.13190,-0.39130
2018-12-31,937.00000,735.00000,202.00000,34.00000,187.00000,13.00000,193.00000,9.00000,-70.00000,-61.00000,-28.00000,-33.00000,-33.00000,-282.00000,-340.00000,77.00000,9.00000,238.10000,241.60000,-1.40000,-1.38000,1.83610,0.44720,0.84390,21.55820,0.96050,0.96050,-6.51010,-36.28600,0.11780,0.73500,0.79210,113.62860,-1.20040,-1.45950,-0.41490,-0.66360,11.79860,1.1172,0.6929
2018-09-30,1968.00000,1501.00000,467.00000,35.00000,203.00000,,244.00000,223.00000,-10.00000,213.00000,16.00000,197.00000,197.00000,-205.00000,-11.00000,245.00000,223.00000,237.90000,240.80000,-0.05000,-0.05000,1.88280,0.36480,0.62490,23.72970,11.33130,11.33130,10.82320,-0.55890,0.18060,1.21930,1.41180,63.75000,4.96970,5.69860,1.80800,3.15650,16.69430,1.2417,1.0762
2018-06-30,2404.00000,1849.00000,555.00000,38.00000,207.00000,-9.00000,256.00000,299.00000,-6.00000,293.00000,4.00000,289.00000,289.00000,334.00000,414.00000,382.00000,299.00000,238.70000,242.70000,1.73000,1.71000,1.93410,0.36220,0.63050,23.08650,12.43760,12.43760,12.18800,17.22130,0.21750,1.56960,1.74580,51.55160,7.10070,8.12030,2.61440,4.52910,17.06320,1.9741,1.7487
2018-03-31,2295.00000,1755.00000,540.00000,38.00000,192.00000,-12.00000,244.00000,296.00000,-7.00000,289.00000,53.00000,236.00000,236.00000,114.00000,274.00000,378.00000,296.00000,240.80000,245.90000,1.14000,1.11000,1.94490,0.37880,0.61930,23.52940,12.89760,12.89760,12.59260,11.93900,0.21440,1.45890,1.63110,55.17650,6.26160,6.60510,2.20500,3.88990,15.71520,0.66290,0.43920
2017-12-31,690.00000,337.00000,353.00000,29.00000,176.00000,7.00000,214.00000,139.00000,-39.00000,100.00000,-58.00000,158.00000,158.00000,129.00000,246.00000,140.00000,139.00000,238.40000,243.90000,1.03000,1.01000,1.83120,0.40110,0.68170,51.15940,20.14490,20.14490,14.49280,35.65220,0.06740,0.31410,0.53780,167.34780,4.68700,4.97640,1.54240,2.80690,14.03330,1.9529,1.6451
2017-09-30,2169.00000,1697.00000,472.00000,35.00000,198.00000,-5.00000,251.00000,221.00000,-70.00000,151.00000,35.00000,116.00000,116.00000,63.00000,147.00000,301.00000,221.00000,238.50000,244.00000,0.62000,0.60000,1.86630,0.52340,1.10920,21.76120,10.18900,10.18900,6.96170,6.77730,0.21730,1.56550,1.73940,51.74270,4.47700,4.84140,1.16200,2.13390,10.85870,1.4284,1.1911
2017-06-30,2054.00000,1618.00000,436.00000,34.00000,193.00000,7.00000,229.00000,207.00000,-45.00000,162.00000,24.00000,138.00000,138.00000,45.00000,167.00000,286.00000,207.00000,238.30000,243.70000,0.70000,0.69000,2.11360,0.68440,2.19170,21.22690,10.07790,10.07790,7.88710,8.13050,0.21200,1.06450,1.26090,71.37780,7.34820,8.30320,1.42440,2.31930,7.87660,1.2332,1.0291
2017-03-31,1932.00000,1542.00000,390.00000,34.00000,192.00000,7.00000,228.00000,162.00000,-44.00000,118.00000,19.00000,99.00000,99.00000,-7.00000,76.00000,238.00000,162.00000,237.40000,242.50000,0.32000,0.31000,2.06740,0.71620,2.56030,20.18630,8.38510,8.38510,6.10770,3.93370,0.20360,1.03770,1.28120,70.24840,6.00360,6.85120,1.04340,1.70400,6.92410,0.38350,0.17320
2016-12-31,788.00000,500.00000,288.00000,27.00000,130.00000,83.00000,41.00000,247.00000,-34.00000,213.00000,45.00000,168.00000,168.00000,-30.00000,129.00000,327.00000,247.00000,236.30000,239.60000,0.54000,0.53000,1.99940,0.73760,2.84460,36.54820,31.34520,31.34520,27.03050,16.37060,0.08580,0.54470,0.66610,135.11420,11.45190,12.89330,1.82830,3.00540,6.20640,1.009,0.5731
2016-09-30,1831.00000,1475.00000,356.00000,34.00000,185.00000,2.00000,255.00000,101.00000,-55.00000,46.00000,6.00000,40.00000,40.00000,24.00000,55.00000,130.00000,101.00000,236.30000,240.10000,0.23000,0.23000,2.11460,0.71620,2.57310,19.44290,5.51610,5.51610,2.51230,3.00380,0.18860,1.02150,1.24900,72.05900,2.25860,2.57900,0.41210,0.64100,7.49420,1.6822,1.5801
2016-06-30,2544.00000,2086.00000,458.00000,39.00000,234.00000,21.00000,281.00000,177.00000,-52.00000,125.00000,31.00000,94.00000,94.00000,-1.00000,86.00000,286.00000,177.00000,236.30000,239.50000,0.37000,0.36000,2.24450,0.73150,2.78100,18.00320,6.95750,6.95750,4.91350,3.38050,0.26150,1.37060,1.64550,54.69340,5.50350,6.31720,0.96640,1.47750,7.22820,1.4798,1.1067
2016-03-31,2355.00000,1939.00000,416.00000,37.00000,223.00000,-5.00000,278.00000,138.00000,-48.00000,90.00000,27.00000,63.00000,63.00000,-1.00000,56.00000,238.00000,138.00000,236.10000,237.90000,0.24000,0.24000,2.14930,0.73710,2.86530,17.66450,5.85990,5.85990,3.82170,2.37790,0.23930,1.14800,1.49810,60.07640,3.73890,4.32690,0.64020,0.98280,7.13160,0.36990,-0.04620
2015-12-31,172.00000,-90.00000,262.00000,19.00000,64.00000,,-63.00000,325.00000,-43.00000,282.00000,-25.00000,307.00000,307.00000,-298.00000,4.00000,326.00000,325.00000,242.80000,245.40000,0.01000,0.02000,2.00000,0.73960,2.94410,152.32560,188.95350,188.95350,163.95350,2.32560,0.01750,-0.05320,0.11870,758.19770,18.84590,21.51370,3.12630,4.90810,6.87110,0.7738,0.7362
2015-09-30,2638.00000,2165.00000,473.00000,41.00000,232.00000,-17.00000,304.00000,169.00000,-57.00000,112.00000,49.00000,63.00000,63.00000,,55.00000,272.00000,169.00000,244.20000,246.60000,0.23000,0.22000,2.05860,0.72480,2.72140,17.93030,6.40640,6.40640,4.24560,2.08490,0.25770,1.17030,1.61640,55.67850,3.51760,3.96730,0.61550,0.96820,7.33420,0.838,0.1929
2015-06-30,2740.00000,2191.00000,549.00000,41.00000,249.00000,1.00000,403.00000,146.00000,-71.00000,75.00000,34.00000,41.00000,41.00000,-2.00000,29.00000,245.00000,146.00000,244.10000,247.50000,0.12000,0.12000,2.16540,0.72790,2.74380,20.03650,5.32850,5.32850,2.73720,1.05840,0.25900,1.13050,1.56210,57.61310,2.22580,2.51380,0.38760,0.60570,7.54400,0.5938,0.0006
2015-03-31,2589.00000,2139.00000,450.00000,42.00000,246.00000,8.00000,373.00000,77.00000,-58.00000,19.00000,2.00000,17.00000,17.00000,-2.00000,5.00000,172.00000,77.00000,243.90000,247.20000,0.02000,0.02000,1.97530,0.73170,3.02540,17.38120,2.97410,2.97410,0.73390,0.19310,0.24080,1.14450,1.55220,57.98380,0.95880,1.08970,0.15810,0.25730,7.26260,0.13750,-0.46520
2014-12-31,2951.00000,2502.00000,449.00000,45.00000,274.00000,2.00000,384.00000,65.00000,-87.00000,-22.00000,12.00000,-34.00000,-34.00000,-1.00000,-38.00000,175.00000,65.00000,242.10000,246.00000,-0.15000,-0.15000,2.16080,0.71360,2.62790,15.21520,2.20260,2.20260,-0.74550,-1.28770,0.27020,1.23560,1.72880,52.06030,-1.74270,-1.96080,-0.31130,-0.49920,8.01510,1.699,0.6787
2014-09-30,2884.00000,2369.00000,515.00000,40.00000,227.00000,-7.00000,313.00000,202.00000,-48.00000,154.00000,-40.00000,194.00000,194.00000,,188.00000,298.00000,202.00000,242.60000,246.70000,0.77000,0.76000,2.11780,0.61070,1.68280,17.85710,7.00420,7.00420,5.33980,6.51870,0.30650,1.32490,1.72080,52.30240,8.09680,8.82220,2.06190,3.15240,9.87000,1.4596,0.9078
2014-06-30,2988.00000,2483.00000,505.00000,37.00000,244.00000,5.00000,289.00000,216.00000,-49.00000,167.00000,43.00000,124.00000,124.00000,0.00000,119.00000,332.00000,216.00000,241.80000,245.70000,0.49000,0.48000,2.07460,0.62300,1.76390,16.90090,7.22890,7.22890,5.58900,3.98260,0.31650,1.34430,1.59790,56.32530,5.37260,5.89630,1.31330,2.02550,9.51840,0.2048,-0.2285
2014-03-31,2755.00000,2305.00000,450.00000,36.00000,229.00000,4.00000,300.00000,150.00000,-45.00000,105.00000,36.00000,69.00000,69.00000,-7.00000,54.00000,273.00000,150.00000,240.90000,244.50000,0.22000,0.22000,1.90880,0.62480,1.78960,16.33390,5.44460,5.44460,3.81130,1.96010,0.29860,1.20620,1.59800,56.31940,3.16950,3.51150,0.74780,1.18900,9.02090,-0.27400,-0.71170
2013-12-31,2705.00000,2259.00000,446.00000,35.00000,245.00000,-4.00000,325.00000,121.00000,-58.00000,63.00000,20.00000,43.00000,43.00000,-1.00000,41.00000,243.00000,121.00000,239.70000,242.40000,0.16000,0.18000,1.92640,0.63090,1.83940,16.48800,4.47320,4.47320,2.32900,1.51570,0.29440,1.29750,1.71750,52.40300,2.01970,2.25010,0.46800,0.74550,8.85600,1.3208,0.5942
2013-09-30,2842.00000,2335.00000,507.00000,35.00000,238.00000,1.00000,309.00000,198.00000,-45.00000,153.00000,81.00000,72.00000,72.00000,-2.00000,64.00000,308.00000,198.00000,239.80000,242.50000,0.27000,0.26000,1.96760,0.64580,1.97350,17.83960,6.96690,6.96690,5.38350,2.25190,0.31500,1.37760,1.66880,53.93030,3.66790,4.05180,0.79810,1.29920,8.18290,1.6083,1.1391
2013-06-30,2830.00000,2379.00000,451.00000,34.00000,233.00000,-14.00000,310.00000,141.00000,-43.00000,98.00000,44.00000,54.00000,54.00000,,47.00000,250.00000,141.00000,239.70000,242.20000,0.20000,0.19000,1.88040,0.65230,2.04830,15.93640,4.98230,4.98230,3.46290,1.66080,0.32700,1.40110,1.65110,54.50880,2.93000,3.26480,0.62400,1.01870,7.68630,0.3013,-0.0736
2013-03-31,2702.00000,2353.00000,349.00000,36.00000,226.00000,7.00000,299.00000,50.00000,-85.00000,-35.00000,-20.00000,-15.00000,-15.00000,-2.00000,-24.00000,157.00000,50.00000,239.00000,239.00000,-0.10000,-0.10000,1.88550,0.65680,2.07730,12.91640,1.85050,1.85050,-1.29530,-0.88820,0.30990,1.30940,1.64160,54.82610,-0.82190,-0.91130,-0.17200,-0.28210,7.61510,-0.30960,-0.68200
2012-12-31,2619.00000,2199.00000,420.00000,40.00000,278.00000,13.00000,345.00000,75.00000,-131.00000,-56.00000,-17.00000,-39.00000,-39.00000,,-40.00000,183.00000,75.00000,237.60000,240.60000,-0.17000,-0.17000,1.88860,0.64320,1.95460,16.03670,2.86370,2.86370,-2.13820,-1.52730,0.29480,1.20890,1.65450,54.39860,-2.05700,-2.27940,-0.43900,-0.73390,7.95730,0.908,0.2255
2012-09-30,2741.00000,2204.00000,537.00000,35.00000,220.00000,,302.00000,235.00000,-54.00000,181.00000,61.00000,120.00000,120.00000,-1.00000,116.00000,343.00000,235.00000,237.90000,240.80000,0.49000,0.48000,2.22680,0.61590,1.66200,19.59140,8.57350,8.57350,6.60340,4.23200,0.30640,1.21970,1.65820,54.27580,5.41520,5.89680,1.34140,2.08010,9.30980,0.862,0.5099
2012-06-30,2914.00000,2387.00000,527.00000,38.00000,232.00000,-2.00000,277.00000,250.00000,-55.00000,195.00000,65.00000,130.00000,130.00000,-2.00000,124.00000,357.00000,250.00000,237.80000,240.50000,0.52000,0.52000,2.22350,0.64250,1.86840,18.08510,8.57930,8.57930,6.69180,4.25530,0.33380,1.45110,1.69710,53.03020,6.48060,7.13500,1.48930,2.31690,8.43250,0.6557,0.3152
2012-03-31,2913.00000,2363.00000,550.00000,39.00000,221.00000,-5.00000,265.00000,285.00000,-58.00000,227.00000,60.00000,167.00000,167.00000,-4.00000,163.00000,394.00000,285.00000,236.50000,240.10000,0.69000,0.68000,2.11930,0.64260,1.89360,18.88090,9.78370,9.78370,7.79270,5.59560,0.32540,1.44260,1.59270,56.50880,8.26730,9.15070,1.86530,2.95470,8.49500,0.79130,0.45400
2011-12-31,2632.00000,2243.00000,389.00000,43.00000,230.00000,27.00000,249.00000,140.00000,-53.00000,87.00000,-2.00000,89.00000,89.00000,4.00000,105.00000,252.00000,140.00000,237.60000,241.70000,0.44000,0.43000,2.16100,0.67770,2.22180,14.77960,5.31910,5.31910,3.30550,3.98940,0.30400,1.45740,1.71580,52.45440,5.01130,5.66520,1.02810,1.61520,7.53350,1.4049,0.9529
2011-09-30,2976.00000,2486.00000,490.00000,42.00000,217.00000,1.00000,413.00000,77.00000,-64.00000,13.00000,55.00000,-42.00000,-42.00000,10.00000,-34.00000,190.00000,77.00000,237.60000,237.60000,-0.14000,-0.14000,2.18280,0.66570,2.11010,16.46510,2.58740,2.58740,0.43680,-1.14250,0.33040,1.47360,1.67570,53.70970,-2.17170,-2.43480,-0.46630,-0.72600,8.20470,0.1011,-0.3034
2011-06-30,2934.00000,2433.00000,501.00000,42.00000,256.00000,26.00000,281.00000,220.00000,-62.00000,158.00000,34.00000,124.00000,124.00000,-1.00000,114.00000,331.00000,220.00000,239.40000,243.70000,0.48000,0.47000,2.08280,0.63500,1.86900,17.07570,7.49830,7.49830,5.38510,3.88550,0.30960,1.39350,1.59720,56.34970,5.54560,6.15080,1.30860,2.02420,9.32710,0.5146,0.2528
2011-03-31,2679.00000,2219.00000,460.00000,39.00000,218.00000,-34.00000,291.00000,169.00000,-67.00000,102.00000,22.00000,80.00000,80.00000,-14.00000,62.00000,272.00000,169.00000,237.60000,242.90000,0.26000,0.26000,2.11110,0.65790,2.02240,17.17060,6.30830,6.30830,3.80740,2.31430,0.29630,1.38000,1.51100,59.56330,3.98410,4.40770,0.88500,1.36310,8.40050,-0.51050,-0.75750
2010-12-31,2412.00000,2032.00000,380.00000,40.00000,233.00000,-8.00000,310.00000,70.00000,-48.00000,22.00000,-17.00000,39.00000,39.00000,-6.00000,30.00000,180.00000,70.00000,236.00000,236.00000,0.13000,0.14000,1.95230,0.66250,2.24320,15.75460,2.90220,2.90220,0.91210,1.24380,0.27680,1.45560,1.68910,53.28360,2.10810,2.36220,0.44760,0.71150,7.81250,1.2065,0.7542
2010-09-30,2401.00000,1986.00000,415.00000,39.00000,202.00000,-3.00000,244.00000,171.00000,-73.00000,98.00000,41.00000,57.00000,57.00000,-1.00000,55.00000,270.00000,171.00000,236.40000,241.00000,0.23000,0.23000,2.28590,0.67700,2.29930,17.28450,7.12200,7.12200,4.08160,2.29070,0.27080,1.44440,1.48210,60.72470,3.01910,3.38880,0.64290,0.97520,7.98480,0.3832,0.1595
2010-06-30,2343.00000,1958.00000,385.00000,36.00000,208.00000,3.00000,241.00000,144.00000,-51.00000,93.00000,39.00000,54.00000,54.00000,62.00000,114.00000,242.00000,144.00000,236.40000,240.80000,0.48000,0.47000,2.38040,0.68920,2.31800,16.43190,6.14600,6.14600,3.96930,4.86560,0.29050,1.47890,1.57990,56.96540,3.23350,3.67600,0.66960,1.00500,7.06370,-0.0979,-0.2643
2010-03-31,2094.00000,1813.00000,281.00000,36.00000,218.00000,-2.00000,256.00000,25.00000,-218.00000,-193.00000,-34.00000,-159.00000,-159.00000,-13.00000,-172.00000,123.00000,25.00000,234.80000,234.80000,-0.73000,-0.73000,2.22080,0.70230,2.55190,13.41930,1.19390,1.19390,-9.21680,-8.21390,0.24970,1.45270,1.51410,59.44130,-9.70700,-11.16570,-1.89580,-2.88990,6.93120,-1.73760,-1.89520
2009-12-31,2064.00000,1710.00000,354.00000,37.00000,244.00000,9.00000,272.00000,82.00000,-74.00000,8.00000,-73.00000,81.00000,81.00000,-19.00000,66.00000,186.00000,82.00000,233.90000,238.30000,0.28000,0.50000,2.28600,0.67000,2.26110,17.15120,3.97290,3.97290,0.38760,3.19770,0.23930,1.44430,2.02550,44.43310,4.34320,4.92100,0.93900,1.43340,7.96730,0.7567,0.5619
2009-09-30,2075.00000,1733.00000,342.00000,36.00000,214.00000,,250.00000,92.00000,-98.00000,-6.00000,68.00000,-74.00000,-74.00000,6.00000,-68.00000,204.00000,92.00000,234.00000,234.00000,-0.29000,-0.29000,2.52940,0.70310,2.48440,16.48190,4.43370,4.43370,-0.28920,-3.27710,0.23820,1.55710,1.79340,50.18310,-4.34530,-5.01360,-0.84960,-1.29010,7.27870,0.157,-0.0727
2009-06-30,1846.00000,1613.00000,233.00000,36.00000,198.00000,1.00000,233.00000,,719.00000,719.00000,311.00000,408.00000,408.00000,-2.00000,406.00000,100.00000,,234.00000,271.30000,1.74000,1.51000,2.13270,0.69490,2.67160,12.62190,,,38.94910,21.99350,0.20170,1.38810,1.95140,46.12140,23.26110,26.80680,4.45760,7.09690,7.49680,3.8817,3.7741
2009-03-31,1680.00000,1531.00000,149.00000,36.00000,194.00000,8.00000,222.00000,-73.00000,-79.00000,-152.00000,138.00000,-290.00000,-290.00000,-4.00000,-290.00000,53.00000,-73.00000,233.70000,233.70000,-1.24000,-1.24000,2.13410,0.74510,3.05250,8.86900,-4.34520,-4.34520,-9.04760,-17.26190,0.23110,1.14850,2.03140,44.30360,-23.42490,-28.94210,-3.98900,-5.97200,5.29150,-0.16260,-0.42360
