Date,revenue,cost-goods-sold,gross-profit,research-development-expenses,selling-general-administrative-expenses,operating-expenses,operating-income,total-non-operating-income-expense,pre-tax-income,income-after-taxes,income-from-continuous-operations,net-income,ebitda,ebit,basic-shares-outstanding,shares-outstanding,eps-basic-net-earnings-per-share,eps-earnings-per-share-diluted,current-ratio,gross-margin,operating-margin,ebit-margin,pre-tax-profit-margin,net-profit-margin,asset-turnover,inventory-turnover,receiveable-turnover,days-sales-in-receivables,roe,return-on-tangible-equity,roa,roi,book-value-per-share,operating-cash-flow-per-share,free-cash-flow-per-share
2023-09-30,2.33000,1.20600,1.12400,5.73900,7.14400,12.88300,-11.75900,1.00200,-10.75700,-10.75700,-10.75700,-10.75700,-11.48100,-11.75900,71.46400,71.46400,-0.15000,-0.15000,11.96140,48.24030,-504.67810,-504.67810,-461.67380,-461.67380,0.02260,0.17380,0.74700,120.47640,-11.47210,-11.47210,-10.43720,-11.47210,1.30970,-0.1209,-0.1245
2023-06-30,3.38100,1.93700,1.44400,5.33100,7.80500,13.13600,-11.69200,1.05500,-10.63700,-10.63700,-10.63700,-10.63700,-11.43300,-11.69200,71.20100,71.20100,-0.15000,-0.15000,13.41920,42.70930,-345.81480,-345.81480,-314.61110,-314.61110,0.03000,0.32380,0.73320,122.74180,-10.29810,-10.29810,-9.44620,-10.29810,1.44790,-0.1347,-0.1379
2023-03-31,2.63500,1.48000,1.15500,5.46100,8.72900,14.19000,-13.03500,0.87500,-12.16000,-12.16000,-12.16000,-12.16000,-12.78100,-13.03500,70.86400,70.86400,-0.17000,-0.17000,14.64040,43.83300,-494.68690,-494.68690,-461.48010,-461.48010,0.02160,0.25770,0.70620,127.43450,-10.78620,-10.78620,-9.95890,-10.78620,1.58660,-0.19040,-0.19120
2022-12-31,1.42400,1.12400,0.30000,5.21900,8.71000,13.92900,-13.62900,0.57000,-13.05900,-13.05900,-13.05900,-13.05900,-13.36800,-13.62900,70.44900,70.44900,-0.18000,-0.18000,14.61590,21.06740,-957.09330,-957.09310,-917.06480,-917.06480,0.01060,0.24320,0.54660,164.64180,-10.55510,-10.55510,-9.74180,-10.55510,1.75050,-0.2185,-0.2207
2022-09-30,2.34800,1.66000,0.68800,7.33800,6.63200,13.97000,-13.28200,0.11100,-13.17100,-13.17100,-13.17100,-13.17100,-13.04400,-13.28200,70.51000,70.51000,-0.19000,-0.19000,11.53510,29.30150,-565.67290,-565.67290,-560.94540,-560.94540,0.01580,0.41480,0.56210,160.10650,-9.75750,-9.75750,-8.87950,-9.75750,1.91270,-0.18,-0.1825
2022-06-30,1.53300,1.69800,-0.16500,7.26500,15.76200,23.02700,-23.19200,0.03300,-23.15900,-23.15900,-23.15900,-23.15900,-22.92900,-23.19200,70.35000,70.35000,-0.33000,-0.33000,15.01970,-10.76320,-1512.85000,-1512.85000,-1510.69800,-1510.69800,0.00950,0.36550,0.49340,182.40700,-15.38720,-15.38720,-14.32150,-15.38720,2.13890,-0.2403,-0.2395
2022-03-31,1.50900,1.42500,0.08400,8.33400,15.52100,23.85500,-23.77100,-0.00400,-23.77500,-23.77500,-23.77500,-23.77500,-23.51800,-23.77100,70.33200,70.33200,-0.34000,-0.34000,15.22070,5.56660,-1575.28100,-1575.28100,-1575.54700,-1575.54700,0.00840,0.31400,0.62280,144.51290,-14.27390,-14.27390,-13.29490,-14.27390,2.36820,-0.38800,-0.39240
2021-12-31,0.43600,0.88900,-0.45300,8.89300,16.74100,25.63400,-26.08700,0.00200,-26.08500,-26.08500,-26.08500,-26.08500,-25.75000,-26.08700,3.69100,3.69100,4.75000,4.75000,12.54990,-103.89910,-5983.25600,-5983.25700,-5982.79800,-5982.79800,0.00220,0.20630,0.66260,135.82570,-14.00710,-14.00710,-12.88320,-14.00710,2.64780,2.5695,2.7526
2021-09-30,0.37100,0.70900,-0.33800,6.43800,9.61400,16.05200,-16.39000,-0.00200,-16.39200,-16.39200,-16.39200,-16.39200,-16.21900,-16.39000,1.89200,1.89200,-8.66000,-8.66000,0.47660,-91.10510,-4417.79000,-4417.79000,-4418.32900,-4418.32900,0.00180,,,,198.70730,198.70710,-7.88300,198.70730,-1.42500,-3.8232,-4.3335
2021-06-30,0.35800,0.45700,-0.09900,6.03700,8.45000,14.48700,-14.58600,0.00600,-14.58000,-14.58000,-14.58000,-14.58000,-14.46400,-14.58600,1.65700,1.65700,-8.80000,-8.80000,0.91280,-27.65360,-4074.30200,-4074.30200,-4072.62600,-4072.62600,0.00170,,,,-291.59960,-291.59730,-7.00120,-291.59960,0.71170,-6.8593,-7.1606
2021-03-31,0.33100,0.60800,-0.27700,4.47400,3.05400,7.52800,-7.80500,0.01100,-7.79400,-7.79400,-7.79400,-7.79400,-7.70900,-7.80500,1.60300,1.60300,-4.86000,-4.86000,11.70060,-83.68580,-2358.00600,-2358.00600,-2354.68300,-2354.68300,0.00160,,,,-155.87990,-155.88140,-3.73900,-155.87990,0.72660,-4.67000,-4.77600
2020-12-31,,,,,,,,,,,,,,,,,,0.00000,,,,,,,,,,,,,,,,0,0
