Date,revenue,cost-goods-sold,gross-profit,selling-general-administrative-expenses,operating-expenses,operating-income,total-non-operating-income-expense,pre-tax-income,total-provision-income-taxes,income-after-taxes,income-from-continuous-operations,net-income,ebitda,ebit,basic-shares-outstanding,shares-outstanding,eps-basic-net-earnings-per-share,eps-earnings-per-share-diluted,current-ratio,long-term-debt-capital,debt-equity-ratio,gross-margin,operating-margin,ebit-margin,pre-tax-profit-margin,net-profit-margin,asset-turnover,inventory-turnover,receiveable-turnover,days-sales-in-receivables,roe,return-on-tangible-equity,roa,roi,book-value-per-share,operating-cash-flow-per-share,free-cash-flow-per-share
2023-12-31,527.27400,351.79300,175.48100,156.48200,156.48200,18.99900,-18.36500,0.63400,-0.21100,0.84500,0.84500,0.93000,29.93100,18.99900,22.19610,22.80900,0.04000,0.04000,1.28300,0.28960,1.15520,33.28080,3.60320,3.60320,0.12020,0.17640,0.20870,0.40150,5.57370,16.14740,0.09040,0.26430,0.03340,0.06420,41.91270,-3.90610,-4.49010
2023-09-30,594.59500,390.87990,203.71510,169.39900,169.39890,34.31620,-15.80500,18.51100,3.27200,15.23900,15.23900,15.14100,47.95720,34.31620,21.85240,22.42940,0.69000,0.65000,1.32600,0.29770,1.04530,34.26110,5.77140,5.77140,3.11320,2.54640,0.24560,0.48090,6.93160,12.98400,1.65930,4.77890,0.62940,1.16540,41.54290,-1.1271,-1.754
2023-06-30,721.84400,478.03600,243.80800,169.22700,169.22700,74.58100,-14.79800,59.78300,15.45500,44.32800,44.32800,44.41600,84.00000,74.58100,21.88540,22.42740,2.03000,1.98000,1.32340,0.30670,1.04800,33.77570,10.33200,10.33200,8.28200,6.15310,0.30330,0.64680,7.59690,11.84690,4.91250,14.81990,1.86230,3.40570,41.19580,2.4459,1.4356
2023-03-31,570.34000,369.43100,200.90900,145.50400,145.50400,55.40500,-13.28000,42.12500,12.20100,29.92400,29.92400,30.03500,64.25900,55.40500,21.85360,22.31430,1.37000,1.35000,1.29620,0.32360,1.10240,35.22620,9.71440,9.71440,7.38590,5.26620,0.24530,0.51940,4.87850,18.44850,3.51530,11.94510,1.28720,2.37760,38.95290,-4.1941,-4.8823
2022-12-31,507.92700,321.03000,186.89700,150.39700,150.39700,36.50000,-9.48400,27.01600,7.02900,19.98700,19.98700,19.69000,45.61800,36.50000,21.75620,22.22320,0.91000,0.89000,1.34530,0.33760,0.96810,36.79600,7.18610,7.18610,5.31890,3.87650,0.24030,0.53030,7.41350,12.14010,2.45260,8.04580,0.94580,1.62470,37.29470,-7.03290,-7.50150
2022-09-30,536.76390,339.99700,196.76690,145.84800,145.84800,50.91900,-0.98400,49.93500,11.57500,38.36000,38.36000,38.36000,56.08500,50.91890,21.70620,22.39920,1.77000,1.71000,1.82670,0.05470,0.23030,36.65800,9.48630,9.48630,9.30300,7.14650,0.39680,0.74830,10.67400,8.43170,4.90120,7.15410,2.83570,4.63300,36.11280,-2.1293,-2.7785
2022-06-30,688.53700,452.06400,236.47300,141.17300,141.17300,95.30000,-1.00800,94.29200,24.11300,70.17900,70.17900,70.17900,100.24800,95.30000,21.52430,22.17330,3.26000,3.17000,1.78390,0.05810,0.21010,34.34430,13.84090,13.84090,13.69450,10.19250,0.52160,1.20800,11.13000,8.08620,9.44870,14.19060,5.31630,8.89950,34.49520,1.5943,1.0712
2022-03-31,610.10600,404.79100,205.31500,133.53200,133.53200,71.78300,-0.65400,71.12900,17.62200,53.50700,53.50700,53.50700,76.59100,71.78300,21.86140,22.53010,2.45000,2.37000,1.70050,0.06350,0.16050,33.65240,11.76570,11.76570,11.65850,8.77010,0.50600,1.22760,9.79680,9.18670,7.93570,12.50180,4.43770,7.43150,31.19200,3.598,3.2403
2021-12-31,472.69100,305.49200,167.19900,119.99700,119.99700,47.20200,-0.63700,46.56500,10.62200,35.94300,35.94300,35.94300,51.69800,47.20200,21.89930,22.66370,1.64000,1.59000,1.57380,0.06860,0.25840,35.37170,9.98580,9.98580,9.85100,7.60390,0.40220,0.93880,11.97660,7.51470,5.67500,9.30600,3.05860,5.28590,28.81890,0.35650,-0.69180
2021-09-30,462.31010,287.75800,174.55210,130.85500,130.85500,43.69710,-0.66600,43.03100,10.20500,32.82600,32.82600,32.82600,47.72410,43.69710,22.01010,22.85950,1.52000,1.46000,2.06110,0.07390,0.12610,37.75650,9.45190,9.45190,9.30780,7.10040,0.45870,1.24580,9.70200,9.27640,5.51800,8.33630,3.25710,5.11000,27.26130,2.048,1.7116
2021-06-30,666.32800,461.65400,204.67400,123.76600,123.76600,80.90800,-0.63900,80.26900,20.65100,59.61800,59.61800,59.61800,85.00600,80.90800,22.13290,23.03770,2.69000,2.59000,2.20270,0.07790,0.09520,30.71670,12.14240,12.14240,12.04650,8.94720,0.69690,2.20450,11.06950,8.13050,10.40870,15.44190,6.23560,9.59810,26.14440,7.9281,7.6574
2021-03-31,523.09500,366.28900,156.80600,103.93600,103.93600,52.87000,-1.09200,51.77800,12.84300,38.93500,38.93500,38.93500,56.53700,52.87000,22.14300,22.98610,1.76000,1.69000,2.14450,0.08630,0.16820,29.97660,10.10710,10.10710,9.89840,7.44320,0.56540,1.20900,9.60000,9.37500,7.44020,10.21510,4.20860,6.79800,23.62120,6.944,6.7276
2020-12-31,411.52400,288.12300,123.40100,91.41700,91.41700,31.98400,-1.26800,30.71600,7.11600,23.60000,23.60000,23.60000,35.79800,31.98400,22.02590,22.74510,1.07000,1.04000,1.73850,0.09410,0.44810,29.98640,7.77210,7.77210,7.46400,5.73480,0.42650,0.76050,9.35260,9.62300,4.89040,6.95210,2.44590,4.43020,21.81060,-0.56450,-0.86850
2020-09-30,398.76210,282.29600,116.46610,83.71400,83.71400,32.75200,-0.78500,31.96700,6.38400,25.58300,25.58300,25.58300,36.07010,32.75200,21.54770,22.12530,1.18000,1.15000,1.84680,0.01590,0.33430,29.20690,8.21340,8.21340,8.01660,6.41560,0.51430,0.94730,9.92070,9.07200,5.61770,6.89380,3.29970,5.52860,20.82960,3.7308,3.5274
2020-06-30,498.30400,374.85100,123.45300,74.83800,74.83800,48.61500,-2.13300,46.48200,11.55500,34.92700,34.92700,34.92700,51.91900,48.61500,21.49940,22.04590,1.62000,1.58000,1.77310,,0.34600,24.77460,9.75610,9.75610,9.32800,7.00920,0.67710,1.19340,7.17210,12.54860,8.21760,9.71220,4.74580,8.21760,19.74010,10.8869,10.7925
2020-03-31,308.47500,229.69900,78.77600,69.06000,69.06000,9.71600,-3.01300,6.70300,1.63800,5.06500,5.06500,5.06500,12.85900,9.71600,21.52020,21.96030,0.24000,0.23000,1.38090,,0.93750,25.53720,3.14970,3.14970,2.17290,1.64190,0.35330,0.45320,8.61330,10.44900,1.30850,1.57330,0.58010,1.30850,18.02790,0.0343,0.0655
2019-12-31,304.17200,224.15400,80.01800,64.38600,64.38600,15.63200,-3.34400,12.28800,3.22900,9.05900,9.05900,9.05900,18.63900,15.63200,21.45390,21.89010,0.42000,0.41000,1.39120,,0.87740,26.30680,5.13920,5.13920,4.03980,2.97820,0.36410,0.45380,8.42160,10.68680,2.37930,2.86430,1.08440,2.37930,17.70920,-0.88160,-1.08250
2019-09-30,308.13590,220.69400,87.44190,74.86400,74.86390,12.57800,-3.09400,9.48400,2.79900,6.68500,6.68500,6.68500,15.70900,12.57800,22.29410,22.88120,0.30000,0.29000,1.37710,,0.84610,28.37770,4.08200,4.08200,3.07790,2.16950,0.39300,0.46220,7.26770,12.38360,1.81250,2.19370,0.85260,1.81250,17.29760,-0.7377,-0.8971
2019-06-30,383.49400,285.78400,97.71000,68.96800,68.96800,28.74200,-2.93600,25.80600,6.71900,19.08700,19.08700,19.08700,31.63200,28.74200,22.24390,22.82120,0.86000,0.84000,1.47930,,0.78380,25.47890,7.49480,7.49480,6.72920,4.97710,0.50770,0.65740,7.80980,11.52390,5.16160,5.88430,2.52670,5.16160,17.07390,2.8508,2.6416
2019-03-31,303.58600,229.38400,74.20200,63.97600,63.97600,10.22600,-3.03300,7.19300,1.89000,5.30300,5.30300,5.30300,13.02700,10.22600,22.83660,23.41770,0.23000,0.23000,1.50820,,0.80740,24.44180,3.36840,3.36840,2.36930,1.74680,0.40530,0.50460,6.67150,13.49030,1.43910,1.58480,0.70800,1.43910,16.13560,0.1253,-0.0815
2018-12-31,241.93700,178.45900,63.47800,54.49200,54.49200,8.98600,-2.51600,6.47000,1.56000,4.91000,4.91000,4.91000,11.76100,8.98600,22.77960,23.40070,0.22000,0.21000,1.56160,,0.74900,26.23740,3.71420,3.71420,2.67430,2.02950,0.34780,0.40060,9.40990,9.56440,1.35850,1.49820,0.70580,1.35850,15.82960,-2.78150,-2.90890
2018-09-30,308.59090,229.58700,79.00390,62.05600,62.05600,16.94800,-2.02200,14.92600,3.38600,11.54000,11.54000,11.54000,19.76800,16.94800,22.26940,23.03070,0.52000,0.50000,1.62680,,0.60310,25.60150,5.49200,5.49200,4.83680,3.73960,0.48180,0.60890,9.07540,9.91690,3.26830,3.54420,1.80160,3.26830,15.57460,0.798,0.6672
2018-06-30,361.25400,270.56700,90.68700,64.08900,64.08900,26.59800,-2.49900,24.09900,6.72300,17.37600,17.37600,17.37600,29.33800,26.59800,22.39910,23.18260,0.78000,0.75000,1.57230,,0.68130,25.10340,7.36270,7.36270,6.67090,4.80990,0.55080,0.71310,8.46370,10.63370,5.08630,5.61050,2.64910,5.08630,15.17510,3.1038,2.9518
2018-03-31,270.60500,201.31200,69.29300,58.65900,58.65900,10.63400,-2.84000,7.79400,1.61000,6.18400,6.18400,6.18400,13.28600,10.63400,22.17320,22.94060,0.28000,0.27000,1.41760,,0.93800,25.60670,3.92970,3.92970,2.88020,2.28530,0.39210,0.47490,7.54950,11.92130,1.93890,2.15370,0.89600,1.93890,14.34710,1.6293,1.4365
2017-12-31,236.92100,177.67200,59.24900,50.24600,50.24600,9.00300,-2.54200,6.46100,2.24900,4.21200,4.21200,4.21200,11.46400,9.00300,21.98700,22.71270,0.19000,0.19000,1.40300,,0.99450,25.00790,3.80000,3.80000,2.72710,1.77780,0.35000,0.40310,8.24760,10.91220,1.36110,1.50940,0.62220,1.36110,14.02050,-2.47370,-2.58920
2017-09-30,250.61800,184.29210,66.32590,58.59300,58.59290,7.73290,-1.97000,5.76300,1.85200,3.91100,3.91100,3.91100,10.21990,7.73290,23.96660,24.67880,0.17000,0.16000,1.41550,,0.84110,26.46500,3.08550,3.08550,2.29950,1.56050,0.39160,0.45920,10.16250,8.85610,1.29420,1.43840,0.61110,1.29420,13.80680,0.4186,0.3313
2017-06-30,329.80900,245.01700,84.79200,59.55700,59.55700,25.23500,-1.89700,23.33800,9.09400,14.24400,14.24400,14.24400,27.69100,25.23500,24.33680,25.09540,0.59000,0.57000,1.52120,,0.72190,25.70940,7.65140,7.65140,7.07620,4.31890,0.49880,0.63600,7.90980,11.37820,4.25530,4.67390,2.15410,4.25530,13.78290,1.4594,1.3181
2017-03-31,245.01800,183.95900,61.05900,54.78100,54.78100,6.27800,-2.04500,4.23300,1.48400,2.74900,2.74900,2.74900,8.54400,6.27800,24.29380,25.11640,0.11000,0.11000,1.43320,,0.82900,24.92020,2.56230,2.56230,1.72760,1.12200,0.36400,0.45460,6.63270,13.56920,0.85690,0.94390,0.40840,0.85690,13.17370,0.0494,-0.1203
2016-12-31,226.87500,173.73700,53.13800,47.09500,47.09500,6.04300,-1.56900,4.47400,1.83100,2.64300,2.64300,2.64300,8.19800,6.04300,24.24970,24.92310,0.11000,0.11000,1.60100,,0.67670,23.42170,2.66360,2.66360,1.97200,1.16500,0.38710,0.47780,9.88390,9.10570,0.83760,0.83760,0.45090,0.83760,13.01530,-1.73510,-1.87870
2016-09-30,227.35500,170.87000,56.48510,49.04100,49.04100,7.44400,-1.18000,6.26400,0.67800,5.58600,5.58600,5.58600,9.50500,7.44400,24.20400,24.82090,0.23000,0.22000,1.68670,,0.53300,24.84440,3.27420,3.27420,2.75520,2.45700,0.41590,0.53070,9.24850,9.73130,1.78770,1.86620,1.02180,1.78770,12.86640,-0.0488,-0.2242
2016-06-30,345.59200,266.69000,78.90200,54.32500,54.32500,24.57700,-1.47300,23.10400,9.28500,13.81900,13.81900,13.81900,26.60400,24.57700,24.15910,24.77100,0.57000,0.56000,1.65830,,0.58670,22.83100,7.11160,7.11160,6.68530,3.99860,0.63320,0.86970,12.64790,7.11580,4.58100,4.58100,2.53170,4.58100,12.47350,3.1292,2.9803
2016-03-31,199.56600,150.53900,49.02700,43.45900,43.45900,5.56800,-1.58200,3.98600,1.49700,2.48900,2.48900,2.48900,7.55000,5.56800,24.15440,24.75880,0.10000,0.10000,1.52910,,0.76510,24.56680,2.79010,2.79010,1.99730,1.24720,0.34700,0.43460,6.26480,14.36590,0.86940,0.86940,0.43270,0.86940,11.87170,0.0873,-0.0286
2015-12-31,169.53700,127.92300,41.61400,38.95100,38.95100,2.66300,-1.22700,1.43600,0.74800,0.68800,0.68800,0.68800,4.55700,2.66300,24.21310,24.74230,0.03000,0.03000,1.72750,,0.65770,24.54570,1.57080,1.57080,0.84700,0.40580,0.33200,0.39200,10.66270,8.44060,0.24130,0.24130,0.13470,0.24130,11.76850,-2.24660,-2.31740
2015-09-30,189.25200,141.18000,48.07200,41.73400,41.73400,6.33800,-0.91400,5.42400,,32.83800,32.83800,32.83800,8.33700,6.33800,24.46620,25.10230,1.34000,1.30000,1.83110,,0.48370,25.40110,3.34890,3.34890,2.86600,17.35150,0.40470,0.51550,10.24420,8.78540,11.57720,11.57720,7.02230,11.57720,11.72090,-0.2007,-0.2209
2015-06-30,231.84900,174.80900,57.04000,41.04900,41.04900,15.99100,-1.14100,14.85000,,14.85000,14.85000,14.85000,17.99700,15.99100,24.65410,25.31610,0.60000,0.59000,1.79750,,0.53090,24.60220,6.89720,6.89720,6.40500,6.40500,0.52160,0.67860,10.07250,8.93520,5.73850,5.73850,3.34100,5.73850,10.48530,1.3083,1.3426
2015-03-31,172.14300,129.94300,42.20000,40.55700,40.55700,1.64300,-1.25300,0.39000,,0.39000,0.39000,0.39000,3.59800,1.64300,24.54400,25.26600,0.02000,0.02000,1.61150,,0.67590,24.51450,0.95440,0.95440,0.22660,0.22660,0.37420,0.46910,7.46950,12.04890,0.15950,0.15950,0.08480,0.15950,9.90990,0.6772,0.5953
2014-12-31,158.12600,120.67100,37.45500,36.09500,36.09500,1.36000,-1.14600,0.21400,,0.21400,0.21400,0.21400,3.25800,1.36000,24.27860,24.94800,0.01000,0.01000,1.67110,,0.65200,23.68680,0.86010,0.86010,0.13530,0.13530,0.36610,0.43390,8.98600,10.01560,0.08870,0.08870,0.04950,0.08870,9.91840,-1.66250,-1.74420
2014-09-30,164.08400,121.16600,42.91800,36.81200,36.81200,6.10610,-0.89800,5.20800,,5.11700,5.11700,5.11700,7.97610,6.10600,23.91620,24.65530,0.21000,0.21000,1.77460,,0.52000,26.15610,3.72130,3.72130,3.17400,3.11850,0.40750,0.49630,13.07760,6.88200,2.13840,2.13840,1.27070,2.13840,9.88340,-0.0416,-0.0757
2014-06-30,214.40100,160.19500,54.20600,41.65200,41.65200,12.55400,-1.05100,11.50300,,11.50300,11.50300,11.50300,14.44200,12.55400,24.01300,24.71940,0.48000,0.47000,1.71430,,0.56050,25.28250,5.85540,5.85540,5.36520,5.36520,0.52000,0.68380,8.86100,10.15690,4.92050,4.92050,2.78990,4.92050,9.72300,1.7598,1.6474
2014-03-31,136.61500,101.82900,34.78600,35.68700,35.68700,-0.90100,-1.07800,-1.97900,0.00000,-1.97900,-1.97900,-1.97900,0.86000,-0.90100,23.84500,23.84500,-0.08000,-0.08000,1.56550,,0.72390,25.46280,-0.65950,-0.65950,-1.44860,-1.44860,0.32090,0.39110,5.63780,15.96370,-0.89480,-0.89480,-0.46490,-0.89480,9.22810,-0.8001,-0.8947
2013-12-31,109.59200,79.68200,29.91000,32.28200,32.28200,-2.37200,-0.99700,-3.36900,,-3.36900,-3.36900,-3.36900,-0.61000,-2.37200,23.71600,23.71600,-0.14000,-0.14000,1.74140,,0.56910,27.29210,-2.16440,-2.16440,-3.07410,-3.07410,0.28980,0.33470,8.01460,11.22950,-1.52270,-1.52270,-0.89090,-1.52270,9.30800,-0.47970,-0.54610
2013-09-30,149.68200,109.56400,40.11800,33.91500,33.91500,6.20300,-0.86200,5.34100,0.13600,5.20500,5.20500,5.20500,7.85000,6.20300,23.25400,24.00370,0.24000,0.24000,1.72950,,0.55210,26.80210,4.14410,4.14410,3.56820,3.47740,0.39190,0.48050,7.71160,11.67070,2.34660,2.34660,1.36290,2.34660,9.42040,0.3415,0.2599
2013-06-30,175.75600,128.94900,46.80700,33.04700,33.04700,13.76000,-1.19300,12.56700,-1.07000,13.63700,13.63700,13.63700,15.48700,13.76000,23.38800,24.17700,0.58000,0.56000,1.57170,,0.65900,26.63180,7.82900,7.82900,7.15030,7.75910,0.42660,0.54860,5.87950,15.30740,6.31400,6.31400,3.30960,6.31400,9.20670,0.2484,0.1977
2013-03-31,160.00800,122.35800,37.65000,36.10000,36.10000,1.55000,-1.16600,0.38400,0.04000,0.34400,0.34400,0.34400,3.27800,1.55000,23.18800,24.01900,0.01000,0.01000,1.49850,,0.70260,23.53010,0.96870,0.96870,0.24000,0.21500,0.40660,0.53040,7.35500,12.23660,0.17120,0.17120,0.08740,0.17120,8.62290,0.1621,0.0098
2012-12-31,99.05100,72.77300,26.27800,29.44300,29.44300,-3.16500,-0.99700,-4.16200,0.00000,-4.16200,-4.16200,-4.16200,-1.49000,-3.16500,22.95600,22.95600,-0.18000,-0.18000,1.59560,,0.62250,26.52980,-3.19530,-3.19530,-4.20190,-4.20190,0.27270,0.32090,7.33010,12.27820,-2.10010,-2.10010,-1.14580,-2.10010,8.62680,-0.42660,-0.54650
2012-09-30,137.34700,104.30600,33.04100,33.69000,33.69000,-0.64900,-1.00900,-1.65800,-0.06000,-1.59800,-1.59800,-1.59800,1.08600,-0.64900,22.74100,23.33600,-0.06000,-0.06000,1.63250,,0.60040,24.05660,-0.47250,-0.47250,-1.20720,-1.16350,0.37620,0.48490,7.29790,12.33230,-0.79520,-0.79520,-0.43770,-0.79520,8.77100,-0.6257,-0.6011
2012-06-30,151.33000,111.04000,40.29000,34.65900,34.65900,5.63100,-1.01800,4.61300,0.00000,4.61300,4.61300,4.61300,7.20700,5.63100,22.81000,23.51600,0.20000,0.20000,1.67210,,0.55430,26.62390,3.72100,3.72100,3.04830,3.04830,0.41890,0.55770,7.16420,12.56240,2.28720,2.28720,1.27700,2.28720,8.81110,0.5503,0.4888
2012-03-31,143.99200,109.61400,34.37800,30.99400,30.99400,3.38400,-1.20300,2.18100,-0.11600,2.29700,2.29700,2.29700,4.96400,3.38400,22.65200,23.25400,0.10000,0.10000,1.59360,,0.61490,23.87490,2.35010,2.35010,1.51470,1.59520,0.39580,0.53160,6.25780,14.38210,1.17610,1.17610,0.63150,1.17610,8.61820,1.1652,1.1095
2011-12-31,91.78700,66.21300,25.57400,28.57000,28.57000,-2.99600,-1.21700,-4.21300,0.00000,-4.21300,-4.21300,-4.21300,-1.40800,-2.99600,22.59200,22.59200,-0.19000,-0.19000,1.57270,,0.67770,27.86230,-3.26410,-3.26410,-4.59000,-4.59000,0.25280,0.29470,5.18510,17.35740,-2.19240,-2.19240,-1.16030,-2.19240,8.49070,-0.71810,-0.76470
2011-09-30,119.77700,89.74300,30.03400,34.78500,34.78500,-4.75100,-0.97200,-5.72300,-0.03400,-5.68900,-5.68900,-5.68900,-3.09800,-4.75100,22.37500,22.37500,-0.28000,-0.28000,1.58890,,0.60940,25.07490,-3.96650,-3.96650,-4.77800,-4.74970,0.32980,0.40860,8.45700,10.64200,-2.91740,-2.91740,-1.56670,-2.91740,8.66200,-0.8667,-0.9591
2011-06-30,153.17100,114.08800,39.08300,35.22400,35.22400,3.85900,-0.83700,3.02200,-0.33300,3.35500,3.35500,3.35500,5.50000,3.85900,22.44000,23.10300,0.15000,0.15000,1.67890,,0.52630,25.51590,2.51940,2.51940,1.97300,2.19040,0.42790,0.56780,7.12290,12.63530,1.67840,1.67840,0.93730,1.67840,8.90420,-0.3539,-0.4517
2011-03-31,115.75600,88.96100,26.79500,30.44600,30.44600,-3.65100,-0.83600,-4.48700,0.00000,-4.48700,-4.48700,-4.48700,-2.06700,-3.65100,22.32900,22.32900,-0.20000,-0.20000,1.72720,,0.46100,23.14780,-3.15400,-3.15400,-3.87630,-3.87630,0.34290,0.46780,5.79160,15.53980,-2.29770,-2.29770,-1.32930,-2.29770,8.73330,0.5388,0.4806
2010-12-31,92.19000,68.60800,23.58200,27.44100,27.44100,-3.85900,-0.84300,-4.70200,0.00000,-4.70200,-4.70200,-4.70200,-2.12200,-3.85900,22.24000,22.24000,-0.19000,-0.19000,1.79830,,0.47610,25.57980,-4.18590,-4.18590,-5.10030,-5.10030,0.27810,0.36260,5.28790,17.01990,-2.36600,-2.36600,-1.41850,-2.36600,8.90740,0.02570,-0.01340
2010-09-30,124.39200,94.31600,30.07600,31.37200,31.37200,-1.29600,-0.70300,-1.99900,-0.16900,-1.83000,-1.83000,-1.83000,0.37100,-1.29600,21.99900,22.59800,-0.09000,-0.07000,1.77910,,0.46450,24.17840,-1.04190,-1.04190,-1.60700,-1.47120,0.36940,0.49980,5.46200,16.47740,-0.90580,-0.90580,-0.54340,-0.90580,9.12180,-1.8839,-1.9214
2010-06-30,115.38300,80.82900,34.55400,33.34000,33.34000,1.21400,-0.70200,0.51200,0.00000,0.51200,0.51200,0.51200,3.00100,1.21400,22.07710,22.79320,0.02000,0.02000,1.85470,,0.27680,29.94720,1.05210,1.05210,0.44370,0.44370,0.34290,0.44560,5.95130,15.12290,0.24770,0.24770,0.15210,0.24770,9.33930,0.014,-0.0047
2010-03-31,110.11600,85.91000,24.20600,29.63100,29.63100,-5.42500,-1.05900,-6.48400,-0.14600,-6.33800,-6.33800,-6.33800,-3.47100,-5.42500,21.98300,21.98300,-0.29000,-0.29000,1.92480,,0.25910,21.98230,-4.92660,-4.92660,-5.88830,-5.75570,0.34190,0.49460,5.42120,16.60140,-3.09840,-3.09840,-1.96780,-3.09840,9.28230,2.4174,2.3929
2009-12-31,100.44900,78.47800,21.97100,29.62900,29.62900,-7.65800,-1.46200,-9.12000,-19.27300,10.15300,10.15300,10.15300,-5.70900,-7.65800,21.79700,22.34500,0.47000,0.45000,1.79620,,0.48780,21.87280,-7.62380,-7.62380,-9.07920,10.10760,0.28700,0.41250,3.08770,29.14790,4.85570,4.85570,2.90040,4.85570,9.53070,1.23210,1.22460
2009-09-30,207.23900,194.61200,12.62700,45.80100,45.80100,-33.17400,-2.84800,-36.02200,-3.03900,-32.98300,-32.98300,-32.98300,-29.27700,-33.17400,18.68500,18.68500,-1.75000,-1.75000,1.50600,,0.71810,6.09300,-16.00760,-16.00760,-17.38190,-15.91540,0.52650,0.94500,4.55670,19.75110,-16.67860,-16.67860,-8.37890,-16.67860,9.11070,5.3213,5.3182
2009-06-30,151.51400,118.89800,32.61600,38.97500,38.97500,-6.35900,-3.38000,-9.73900,-0.55900,-9.18000,-9.18000,-9.18000,-3.57600,-6.35900,18.57500,18.57500,-0.49000,-0.49000,1.33810,,1.19180,21.52670,-4.19700,-4.19700,-6.42780,-6.05880,0.29590,0.34990,4.44780,20.23480,-4.37640,-4.37640,-1.79260,-4.37640,11.24060,2.3714,2.3553
2009-03-31,129.60800,109.89400,19.71400,36.36000,36.36000,-16.64600,-3.77400,-20.42000,-0.15100,-20.26900,-20.26900,-20.26900,-14.50400,-16.64600,18.51200,18.51200,-1.09000,-1.09000,1.30130,,1.35190,15.21050,-12.84330,-12.84330,-15.75520,-15.63870,0.22900,0.27530,4.59150,19.60160,-9.32030,-9.32030,-3.58060,-9.32030,11.74760,3.4983,3.4179
