Date,revenue,cost-goods-sold,gross-profit,research-development-expenses,selling-general-administrative-expenses,operating-expenses,operating-income,total-non-operating-income-expense,pre-tax-income,total-provision-income-taxes,income-after-taxes,income-from-continuous-operations,income-from-discontinued-operations,net-income,ebitda,ebit,basic-shares-outstanding,shares-outstanding,eps-basic-net-earnings-per-share,eps-earnings-per-share-diluted,current-ratio,long-term-debt-capital,debt-equity-ratio,gross-margin,operating-margin,ebit-margin,pre-tax-profit-margin,net-profit-margin,asset-turnover,receiveable-turnover,days-sales-in-receivables,roe,return-on-tangible-equity,roa,roi,book-value-per-share,operating-cash-flow-per-share,free-cash-flow-per-share
2023-09-30,1111.34100,342.35300,768.98790,79.71400,617.86200,801.72500,-32.73710,-478.12300,-510.86000,-118.83800,-392.02200,-392.02200,,-390.53800,71.41190,-32.73710,82.82600,82.82600,-4.72000,-4.72000,2.16190,0.23770,0.31650,69.19460,-2.94570,-2.94570,-45.96790,-35.14120,0.11090,2.14010,42.05350,-6.11340,-16.39710,-3.91310,-4.66010,74.69670,0.1785,0.3015
2023-06-30,1111.58900,353.07800,758.51100,86.39800,632.12000,813.98400,-55.47300,-60.45400,-115.92700,-24.29700,-91.63000,-91.63000,,-89.04500,39.99300,-55.47300,83.08100,83.08100,-1.07000,-1.07000,2.12570,0.22840,0.30050,68.23660,-4.99040,-4.99040,-10.42890,-8.01060,0.10540,2.13080,42.23680,-1.35200,-3.41580,-0.86860,-1.04320,78.99280,1.2589,0.2051
2023-03-31,1084.27100,342.08400,742.18700,88.33800,673.66700,877.78300,-135.59590,690.41710,554.82100,139.50200,415.31900,415.31900,,404.05500,-19.81800,-135.59590,85.53400,88.35300,4.72000,4.57000,2.38320,0.22530,0.29520,68.45030,-12.50570,-12.50570,51.17000,37.26510,0.10080,2.01560,44.65220,6.00130,14.97220,3.86200,4.64900,79.39150,0.28480,0.03740
2022-12-31,1246.45300,428.27800,818.17490,88.34300,661.16290,893.31100,-75.13660,56.55710,-18.58000,-5.57000,-13.01000,-13.01010,,-1.41900,68.66930,-75.13680,86.35000,86.35000,-0.07000,-0.07000,2.37140,0.23510,0.31190,65.64030,-6.02800,-6.02810,-1.49060,-0.11380,0.11990,2.05070,43.88680,-0.19790,-0.54840,-0.12520,-0.15140,73.95510,0.2277,-0.0815
2022-09-30,1300.90100,451.24500,849.65600,75.42700,750.56500,974.33600,-124.68010,32.76800,-91.91200,-26.06500,-65.84700,-65.84700,,-63.82300,23.66400,-124.68010,86.02200,86.02200,-0.74000,-0.74000,2.28630,0.23660,0.31450,65.31290,-9.58410,-9.58410,-7.06530,-4.90610,0.12460,2.21400,40.64950,-1.00710,-2.93000,-0.63060,-0.76880,73.59170,-1.0954,-1.5557
2022-06-30,1362.58100,509.57000,853.01100,84.90800,762.36200,1019.15100,-166.14000,-938.24700,-1104.38700,-228.98800,-875.39890,-875.39890,,-869.13000,5.74100,-166.14000,86.74800,86.74800,-10.02000,-10.02000,2.08440,0.23480,0.31140,62.60260,-12.19300,-12.19300,-81.05110,-63.78560,0.12680,2.15150,41.83170,-13.21320,-39.36120,-8.14390,-10.11060,74.28480,-0.2398,-0.7373
2022-03-31,1325.34500,533.60400,791.74100,84.19500,728.93400,900.55500,-108.81410,-202.54300,-311.35700,-70.46400,-240.89300,-240.89300,,-235.79800,-21.38810,-108.81410,86.78400,86.78400,-2.72000,-2.72000,2.09100,0.21380,0.27590,59.73850,-8.21020,-8.21020,-23.49250,-17.79140,0.11140,2.23390,40.28780,-3.21150,-8.24300,-2.02540,-2.52490,83.46970,0.14870,-0.20270
2021-12-31,1159.44200,467.53800,691.90420,73.21700,636.81800,761.25400,-69.35000,64.79310,-4.55700,-12.05600,7.49900,7.49900,0.00000,-7.18800,-18.13100,-69.35020,86.22200,86.22200,0.14000,0.18000,2.22670,0.20890,0.26790,59.67560,-5.98130,-5.98130,-0.39300,-0.62000,0.09420,1.66700,53.98820,0.09680,0.24130,0.06100,0.07660,86.37690,-1.0513,-1.293
2021-09-30,924.06800,340.51000,583.55800,52.27700,531.48600,615.62500,-32.06700,103.02400,70.95700,9.91000,61.04700,61.04700,,60.69000,-0.20500,-32.06700,86.25800,86.25800,0.68000,0.65000,5.22630,0.05980,0.06360,63.15100,-3.47020,-3.47020,7.67880,6.56770,0.09800,2.86300,31.43510,0.78510,1.05870,0.64750,0.73810,870.69120,0.5347,0.1524
2021-06-30,829.54700,259.24000,570.30700,52.23300,515.74600,598.72690,-28.41990,319.57000,291.15000,87.82500,203.32500,203.32500,-11.78700,194.75700,2.32810,-28.41990,86.15700,93.36700,2.18000,2.02000,6.05090,0.06000,0.06380,68.74920,-3.42600,-3.42600,35.09750,23.47750,0.08930,3.23870,27.78870,2.62520,3.53930,2.18900,2.46770,867.99820,1.3289,1.126
2021-03-31,786.57000,228.99400,557.57600,53.08300,475.69800,564.80600,-7.23000,379.48600,372.25600,53.31100,318.94500,318.94500,9.95600,329.12800,28.79500,-7.23000,85.89900,92.13800,3.70000,3.46000,5.64370,0.08880,0.09740,70.88700,-0.91920,-0.91920,47.32650,41.84340,0.08080,2.68130,33.56540,4.40170,6.37290,3.27580,4.01090,81.29630,0.56670,0.34730
2020-12-31,708.13680,225.30400,482.83290,25.30900,440.83910,488.48400,-5.65120,579.55800,573.90700,55.18800,518.71900,518.71900,-11.35900,509.12500,19.86580,-5.65110,85.35500,85.35500,5.98000,5.92000,5.48580,0.09060,0.09960,68.18360,-0.79800,-0.79800,81.04470,71.89640,0.07730,2.74830,32.74810,7.25390,10.17930,5.66180,6.59680,80.56020,-0.2327,-0.4915
2020-09-30,713.24800,184.88800,528.36000,51.72500,473.50600,650.58900,-122.22900,284.89200,162.66300,-25.06000,187.72300,187.72300,-1.86200,184.91700,3.12900,-122.22900,85.29700,90.47700,2.17000,2.04000,5.39000,0.09630,0.10860,74.07800,-17.13700,-17.13700,22.80600,25.92610,0.08410,3.13770,28.68350,2.79520,4.12250,2.21370,2.52610,78.69790,0.7822,0.6467
2020-06-30,659.02700,155.84600,503.18100,46.33800,514.39800,600.62600,-97.44500,-22.96200,-120.40700,-34.40300,-86.00400,-86.00400,-8.06000,-96.11700,-60.73600,-97.44500,85.13200,85.13200,-1.13000,-1.13000,4.66730,0.04190,0.04650,76.35210,-14.78620,-14.78620,-18.27040,-14.58470,0.10340,3.20890,28.04730,-1.67120,-2.96670,-1.34980,-1.60110,60.45120,0.3187,0.1755
2020-03-31,684.12400,179.32700,504.79700,61.96300,481.94800,817.13500,-312.33800,-59.66500,-372.00300,-41.43200,-330.57100,-330.57100,,-328.19900,-39.11400,-312.33800,85.13200,85.13200,-3.86000,-3.86000,3.74120,0.04940,0.05510,73.78740,-45.65520,-45.65520,-54.37650,-47.97360,0.12240,3.29570,27.30830,-7.51840,-15.53410,-5.91230,-7.14670,,0.46010,0.28620
2019-12-31,474.69300,99.92600,374.76700,53.10600,312.85300,395.80900,-21.04200,21.13500,60.91000,5.97000,54.94000,54.94000,-49.48300,6.88700,18.93900,-21.04200,85.13200,85.13200,-0.05000,-0.05000,2.10010,0.07170,0.08180,109.12480,-4.43280,-4.43280,12.83150,1.45080,0.11590,2.61000,34.48280,1.82820,5.29220,1.34080,1.69720,,0.7101,0.4243
2019-09-30,705.38200,158.16100,547.22100,49.99100,445.76400,533.30900,13.91210,-14.61300,-0.70100,-19.07900,18.37800,18.37800,,16.46600,51.46600,13.91210,85.13200,85.13200,0.19000,0.19000,,,,77.57800,1.97230,1.97230,-0.09940,2.33430,,,,,,,,,0.9746,0.7671
2019-06-30,688.68500,149.72500,538.96000,45.93500,474.67600,552.73000,-13.77000,30.74500,16.97500,-5.04600,22.02100,22.02100,,13.78900,18.34900,-13.77000,85.13200,85.13200,0.16000,0.16000,,,,78.25930,-1.99950,-1.99950,2.46480,2.00220,,,,,,,,,1.2731,0.6164
2019-03-31,641.22000,139.84800,501.37190,44.42500,457.64900,535.55500,-34.18300,-8.68400,-42.86700,-29.19400,-13.67300,-13.67300,,-14.24700,-0.70200,-34.18300,,,,0.00000,,,,78.19030,-5.33090,-5.33090,-6.68520,-2.22190,,,,,,,,,0.00000,
2018-12-31,,,,,,,,,,,,,,,,,,,,0.00000,,,,,,,,,,,,,,,,,0,0
