Date,revenue,cost-goods-sold,gross-profit,research-development-expenses,selling-general-administrative-expenses,operating-expenses,operating-income,total-non-operating-income-expense,pre-tax-income,total-provision-income-taxes,income-after-taxes,income-from-continuous-operations,income-from-discontinued-operations,net-income,ebitda,ebit,basic-shares-outstanding,shares-outstanding,eps-basic-net-earnings-per-share,eps-earnings-per-share-diluted,current-ratio,long-term-debt-capital,debt-equity-ratio,gross-margin,operating-margin,ebit-margin,pre-tax-profit-margin,net-profit-margin,asset-turnover,inventory-turnover,receiveable-turnover,days-sales-in-receivables,roe,return-on-tangible-equity,roa,roi,book-value-per-share,operating-cash-flow-per-share,free-cash-flow-per-share
2024-03-31,14462.00000,6719.00000,7743.00000,1796.00000,4974.00000,6770.00000,973.00000,101.00000,1074.00000,-502.00000,1576.00000,1575.00000,30.00000,1605.00000,2104.00000,973.00000,917.20000,933.40000,1.75000,1.72000,1.13170,0.69840,2.55020,53.53340,6.72800,6.72800,7.42640,11.09810,0.10540,5.54370,2.12650,42.32400,6.75040,-3.35460,1.14820,2.03580,25.40050,4.46540,4.22220
2023-12-31,17381.00000,7114.00000,10267.00000,1748.00000,4792.00000,6540.00000,3727.00000,30.00000,3759.00000,474.00000,3285.00000,3285.00000,3.00000,3288.00000,4879.00000,3727.00000,911.21000,922.07400,3.60000,3.57000,0.96440,0.68910,2.50060,59.07030,21.44300,21.44300,21.62710,18.91720,0.12850,6.12750,2.21300,40.66850,14.52640,-6.75910,2.42900,4.51650,24.71330,4.8582,4.7309
2023-09-30,14752.00000,6730.00000,8022.00000,1685.00000,4458.00000,6143.00000,1879.00000,-7.00000,1873.00000,159.00000,1714.00000,1714.00000,-10.00000,1704.00000,2972.00000,1879.00000,912.80000,923.70000,1.87000,1.84000,0.90520,0.67830,2.38560,54.38590,12.73730,12.73730,12.69660,11.55100,0.11410,4.81060,2.39010,37.65460,7.40200,-3.59190,1.32540,2.38110,25.35920,3.2767,3.0969
2023-06-30,15475.00000,6974.00000,8501.00000,1687.00000,4900.00000,6587.00000,1914.00000,86.00000,2000.00000,419.00000,1581.00000,1581.00000,2.00000,1583.00000,2991.00000,1914.00000,909.90000,919.50000,1.74000,1.72000,1.05980,0.69480,2.58080,54.93380,12.36830,12.36830,12.92410,10.22940,0.11700,4.64620,2.37670,37.86690,7.09890,-3.54400,1.19580,2.16690,24.44660,2.8614,2.4813
2023-03-31,14252.00000,6742.00000,7510.00000,1655.00000,4853.00000,6508.00000,1002.00000,58.00000,1058.00000,124.00000,934.00000,934.00000,-7.00000,927.00000,2076.00000,1002.00000,907.50000,917.80000,1.02000,1.01000,1.16100,0.71290,2.70920,52.68730,7.03060,7.03060,7.42350,6.50440,0.10660,4.20590,2.16960,41.48260,4.30970,-2.05610,0.69890,1.23710,23.86670,4.11200,3.79710
2022-12-31,16691.00000,7058.00000,9633.00000,1604.00000,4766.00000,6370.00000,3263.00000,49.00000,3312.00000,443.00000,2869.00000,2870.00000,-159.00000,2710.00000,4400.00000,3263.00000,902.66400,912.26900,3.00000,3.00000,0.92420,0.67720,2.31370,57.70770,19.54950,19.54950,19.84300,16.23630,0.13120,4.54770,2.26840,39.67530,13.03300,-6.36190,2.25550,4.20760,24.30330,4.2822,3.8565
2022-09-30,14107.00000,6677.00000,7430.00000,1611.00000,4391.00000,6002.00000,1428.00000,-5929.00000,-4501.00000,-1287.00000,-3214.00000,-3214.00000,18.00000,-3196.00000,2591.00000,1428.00000,904.10000,904.10000,-3.54000,-3.54000,0.95180,0.69050,2.52540,52.66890,10.12260,10.12260,-31.90620,-22.65540,0.11210,3.72190,2.19460,41.00940,-15.95280,7.13620,-2.55380,-4.93790,22.28340,2.1393,1.7932
2022-06-30,15535.00000,7245.00000,8290.00000,1673.00000,4855.00000,6528.00000,1762.00000,-40.00000,1722.00000,257.00000,1465.00000,1465.00000,-73.00000,1392.00000,3008.00000,1762.00000,901.50000,910.70000,1.54000,1.53000,0.87600,0.69480,2.58310,53.36340,11.34210,11.34210,11.08470,8.96040,0.12180,4.30230,2.29270,39.25590,7.52210,-3.10820,1.14900,2.29610,21.56380,1.4446,1.0926
2022-03-31,14197.00000,6862.00000,7335.00000,1679.00000,4597.00000,6276.00000,1059.00000,-436.00000,623.00000,-39.00000,662.00000,662.00000,71.00000,733.00000,2315.00000,1059.00000,899.30000,909.20000,0.82000,0.81000,0.92000,0.70890,2.83770,51.66580,7.45930,7.45930,4.38830,5.16310,0.10650,3.86370,2.03800,44.16000,3.46380,-1.34270,0.49670,1.00830,21.24890,3.57240,3.34250
2021-12-31,16694.00000,7195.00000,9499.00000,1625.00000,4902.00000,6527.00000,2972.00000,-105.00000,2868.00000,407.00000,2461.00000,2462.00000,-130.00000,2333.00000,4353.00000,2972.00000,895.99100,904.64100,2.61000,2.56000,0.87860,0.70280,2.72180,56.91270,17.80280,17.80280,17.17980,13.97510,0.12650,4.36330,2.15240,41.81380,12.95990,-5.00830,1.86510,3.85210,21.15210,2.7169,2.3145
2021-09-30,13251.00000,6145.00000,7106.00000,1606.00000,4306.00000,5912.00000,1194.00000,-381.00000,813.00000,-224.00000,1037.00000,1037.00000,93.00000,1130.00000,2878.00000,1194.00000,906.00000,897.10000,1.25000,1.26000,0.83630,0.67730,2.43780,53.62610,9.01060,9.01060,6.13540,8.52770,0.09190,3.24960,1.76490,50.99390,4.63840,-1.99240,0.71910,1.49680,24.92980,3.0901,2.5689
2021-06-30,14218.00000,6365.00000,7853.00000,1641.00000,4849.00000,6490.00000,1363.00000,-450.00000,912.00000,101.00000,811.00000,810.00000,515.00000,1325.00000,3043.00000,1363.00000,895.00000,904.20000,1.48000,1.47000,0.84050,0.68830,2.50040,55.22580,9.58640,9.58640,6.41440,9.31920,0.09680,3.52240,1.86370,48.29160,3.67060,-1.52490,0.55170,1.14400,24.61960,2.8881,2.3539
2021-03-31,13187.00000,6160.00000,7027.00000,1616.00000,4688.00000,6304.00000,723.00000,-480.00000,244.00000,-160.00000,404.00000,403.00000,552.00000,955.00000,2395.00000,723.00000,893.60000,901.70000,1.07000,1.06000,0.93150,0.70420,2.62190,53.28730,5.48270,5.48270,1.85030,7.24200,0.08870,3.36980,1.82020,49.44640,1.87330,-0.77490,0.27110,0.55420,24.07660,5.44970,5.05600
2020-12-31,1925.00000,-3888.00000,5813.00000,1540.00000,4711.00000,6251.00000,-438.00000,-337.00000,-777.00000,-471.00000,-306.00000,-304.00000,1661.00000,1356.00000,1261.00000,-438.00000,890.34900,896.56400,1.53000,1.51000,0.98230,0.72340,2.95910,301.97400,-22.75330,-22.75330,-40.36360,70.44160,0.01230,-2.14570,0.29680,303.19480,-1.46680,0.64990,-0.19490,-0.40560,23.21960,6.5474,5.8352
2020-09-30,17560.00000,9130.00000,8430.00000,1515.00000,4647.00000,6162.00000,2268.00000,-442.00000,1827.00000,128.00000,1699.00000,1698.00000,-1.00000,1698.00000,3951.00000,2268.00000,891.40000,897.30000,1.90000,1.89000,1.04870,0.72100,3.06620,48.00680,12.91570,12.91570,10.40430,9.66970,0.11390,4.68450,2.50070,35.98980,7.95910,-3.33050,1.10170,2.22070,23.94240,4.7513,4.0192
2020-06-30,18123.00000,9424.00000,8699.00000,1582.00000,5248.00000,6830.00000,1869.00000,-299.00000,1571.00000,209.00000,1362.00000,1362.00000,-1.00000,1361.00000,3548.00000,1869.00000,889.40000,894.90000,1.53000,1.52000,1.03930,0.72830,3.12930,48.00530,10.31290,10.31290,8.66850,7.50980,0.11750,5.04230,2.42290,37.14620,6.58350,-2.64900,0.88330,1.78890,23.22980,3.9966,3.383
2020-03-31,17571.00000,9648.00000,7923.00000,1625.00000,5955.00000,7580.00000,343.00000,-392.00000,-49.00000,-1226.00000,1177.00000,1176.00000,-1.00000,1175.00000,1977.00000,343.00000,888.00000,895.00000,1.32000,1.31000,0.95720,0.72360,3.19590,45.08570,1.95210,1.95210,-0.27890,6.68720,0.11450,5.40200,2.05680,43.75790,5.84290,-2.25910,0.76660,1.61510,22.66940,5.00110,4.34860
2019-12-31,2343.00000,-3801.00000,6144.00000,1517.00000,3553.00000,5070.00000,1074.00000,-43.00000,1033.00000,-347.00000,1380.00000,1381.00000,2289.00000,3670.00000,2724.00000,1074.00000,887.23500,892.81300,4.13000,4.10000,1.01910,0.72050,2.99730,262.22790,45.83870,45.83870,44.08880,156.63680,0.01540,-2.34770,0.24400,368.87330,6.58150,-2.63180,0.90740,1.83920,23.65550,3.8651,3.3152
2019-09-30,18028.00000,9692.00000,8336.00000,1553.00000,5024.00000,6577.00000,1759.00000,-235.00000,1522.00000,-151.00000,1673.00000,1673.00000,-1.00000,1672.00000,3428.00000,1759.00000,886.00000,892.80000,1.89000,1.87000,1.08710,0.76160,3.66530,46.23920,9.75700,9.75700,8.44240,9.27450,0.12050,5.66120,2.08920,43.07800,9.24510,-3.01620,1.11820,2.20440,20.43280,4.0342,3.4547
2019-06-30,19161.00000,10150.00000,9011.00000,1407.00000,5456.00000,6863.00000,2148.00000,621.00000,2768.00000,269.00000,2499.00000,2499.00000,-1.00000,2498.00000,3442.00000,2148.00000,886.30000,890.80000,2.82000,2.81000,1.83030,0.76680,4.10890,47.02260,11.21030,11.21030,14.44600,13.03690,0.12390,5.81660,2.08390,43.18930,14.05830,-12.34930,1.61590,3.27860,20.06600,3.32,3.0028
2019-03-31,18182.00000,10139.00000,8043.00000,1433.00000,4691.00000,6124.00000,1919.00000,-36.00000,1883.00000,289.00000,1594.00000,1593.00000,-2.00000,1591.00000,3365.00000,1919.00000,889.60000,893.90000,1.79000,1.78000,1.35590,0.70520,3.00940,44.23610,10.55440,10.55440,10.35640,8.75040,0.13890,5.72500,2.37420,37.90670,9.59290,-7.03930,1.21670,2.82780,18.73020,5.32390,4.81150
2018-12-31,21760.00000,11072.00000,10688.00000,1358.00000,4701.00000,6059.00000,4629.00000,-194.00000,4434.00000,2482.00000,1952.00000,1954.00000,-2.00000,1951.00000,5741.00000,4629.00000,912.04800,916.31500,2.17000,2.16000,1.28560,0.67780,2.70610,49.11310,21.27300,21.27300,20.37680,8.96600,0.17640,6.58260,2.66180,33.81200,11.54160,-8.71470,1.58370,3.71950,18.96850,4.4804,3.6913
2018-09-30,18756.00000,9952.00000,8804.00000,1252.00000,4363.00000,5615.00000,3189.00000,-191.00000,2996.00000,304.00000,2692.00000,2692.00000,2.00000,2694.00000,4327.00000,3189.00000,911.20000,915.20000,2.95000,2.94000,1.31050,0.64370,2.35570,46.93430,17.00260,17.00260,15.97360,14.36340,0.15380,5.25730,2.39300,37.61040,13.51540,-13.63660,2.20670,4.81510,21.91700,4.6586,3.7764
2018-06-30,20003.00000,10804.00000,9199.00000,1364.00000,4857.00000,6221.00000,2978.00000,-203.00000,2776.00000,373.00000,2403.00000,2402.00000,1.00000,2404.00000,4094.00000,2978.00000,915.10000,919.40000,2.63000,2.61000,1.32030,0.66990,2.43980,45.98810,14.88780,14.88780,13.87790,12.01820,0.16450,6.20210,2.34390,38.39720,12.88070,-11.34200,1.97500,4.25140,20.43020,2.5275,1.5932
2018-03-31,19072.00000,10826.00000,8246.00000,1405.00000,5445.00000,6850.00000,1396.00000,-261.00000,1136.00000,-540.00000,1676.00000,1675.00000,4.00000,1679.00000,2510.00000,1396.00000,920.70000,925.40000,1.82000,1.81000,1.37470,0.68840,2.53620,43.24140,7.31960,7.31960,5.95640,8.80350,0.15220,6.17570,2.12290,42.39510,9.15800,-7.62650,1.33700,2.85350,19.92440,4.97300,4.14420
2017-12-31,22542.00000,11494.00000,11048.00000,1379.00000,5014.00000,6393.00000,4655.00000,-191.00000,4468.00000,5521.00000,-1053.00000,-1053.00000,-1.00000,-1054.00000,5804.00000,4655.00000,932.82800,937.38600,-1.11000,-1.11000,1.33110,0.69210,2.64170,49.01960,20.65030,20.65030,19.82080,-4.67570,0.17980,7.26090,2.27490,39.56220,-5.94110,4.61740,-0.84000,-1.82930,19.22080,6.0637,5.1842
2017-09-30,19153.00000,10171.00000,8982.00000,1291.00000,4606.00000,5897.00000,3085.00000,-19.00000,3065.00000,339.00000,2726.00000,2726.00000,0.00000,2726.00000,4261.00000,3085.00000,929.43700,933.22700,2.93000,2.92000,1.41160,0.67660,2.30940,46.89080,16.10710,16.10710,16.00270,14.23280,0.15750,5.94450,2.11030,42.64820,13.79760,-12.97720,2.24110,4.46270,21.34070,3.8794,3.1767
2017-06-30,19289.00000,10321.00000,8968.00000,1436.00000,5033.00000,6469.00000,2499.00000,-55.00000,2443.00000,111.00000,2332.00000,2332.00000,-1.00000,2331.00000,3616.00000,2499.00000,934.90000,939.60000,2.49000,2.48000,1.25150,0.66980,2.46300,46.49280,12.95560,12.95560,12.66530,12.08460,0.16010,6.43450,2.05310,43.83590,12.57480,-10.52730,1.93540,4.15270,19.89830,3.7252,3.0729
2017-03-31,18155.00000,10210.00000,7945.00000,1484.00000,5027.00000,6511.00000,1434.00000,-9.00000,1424.00000,-329.00000,1753.00000,1753.00000,-3.00000,1750.00000,2533.00000,1434.00000,942.40000,947.80000,1.86000,1.85000,1.17570,0.65120,2.31900,43.75650,7.89870,7.89870,7.84360,9.63920,0.15450,6.34560,1.90960,47.12920,9.50240,-7.86280,1.49200,3.31450,19.63600,4.17280,3.45330
2016-12-31,21771.00000,10655.00000,11116.00000,1406.00000,4776.00000,6182.00000,4934.00000,52.00000,4984.00000,479.00000,4505.00000,4506.00000,-5.00000,4501.00000,6061.00000,4934.00000,955.42300,958.71400,4.73000,4.70000,1.20990,0.65330,2.29270,51.05420,22.66320,22.66320,22.89280,20.67430,0.18530,6.86090,2.12630,42.32740,24.49980,-20.03110,3.83590,8.49440,19.44460,4.1302,3.3171
2016-09-30,19226.00000,10213.00000,9013.00000,1397.00000,4732.00000,6129.00000,2884.00000,378.00000,3263.00000,409.00000,2854.00000,2854.00000,-1.00000,2853.00000,4011.00000,2884.00000,954.00000,957.30000,2.99000,2.98000,1.20280,0.67450,2.47580,46.87920,15.00050,15.00050,16.97180,14.83930,0.16630,5.90690,2.09800,42.89820,16.63270,-11.83100,2.46870,5.41330,18.04590,4.3319,3.5887
2016-06-30,20238.00000,10536.00000,9702.00000,1465.00000,5349.00000,6814.00000,2888.00000,161.00000,3049.00000,544.00000,2505.00000,2505.00000,0.00000,2504.00000,3991.00000,2888.00000,957.40000,960.50000,2.62000,2.61000,1.29590,0.71390,2.80230,47.93950,14.27020,14.27020,15.06570,12.37280,0.17140,6.25280,2.04180,44.07950,15.76460,-9.75430,2.12190,4.51130,16.62300,3.6235,2.759
2016-03-31,18684.00000,9998.00000,8686.00000,1458.00000,6012.00000,7470.00000,1216.00000,-183.00000,1034.00000,-983.00000,2017.00000,2016.00000,-3.00000,2014.00000,2240.00000,1216.00000,961.70000,964.40000,2.09000,2.09000,1.37380,0.72760,3.02260,46.48900,6.50820,6.50820,5.53410,10.77930,0.15720,5.91600,1.85280,48.57420,13.37580,-8.53410,1.69620,3.64390,15.70060,5.73410,4.87660
2015-12-31,22058.00000,10652.00000,11406.00000,1362.00000,5158.00000,6520.00000,4886.00000,212.00000,5099.00000,639.00000,4460.00000,4461.00000,3.00000,4463.00000,5876.00000,4886.00000,978.74500,982.70000,4.58000,4.56000,1.24030,0.69860,2.76550,51.70910,22.15070,22.15070,23.11630,20.23300,0.19960,6.86780,2.31360,38.90020,30.92980,-21.15820,4.03730,9.32250,14.93590,5.5782,4.7192
2015-09-30,19280.00000,9844.00000,9436.00000,1287.00000,4731.00000,6018.00000,3418.00000,204.00000,3621.00000,659.00000,2962.00000,2962.00000,-12.00000,2950.00000,4354.00000,3418.00000,975.10000,979.00000,3.03000,3.01000,1.24840,0.70490,2.94870,48.94190,17.72820,17.72820,18.78110,15.30080,0.17750,6.10290,2.16190,41.62970,22.02070,-15.11300,2.72620,6.49960,13.86440,4.3856,3.5398
2015-06-30,20813.00000,10423.00000,10390.00000,1300.00000,5179.00000,6479.00000,3911.00000,314.00000,4224.00000,698.00000,3526.00000,3526.00000,-77.00000,3449.00000,4872.00000,3911.00000,982.30000,986.70000,3.51000,3.50000,1.27160,0.70670,2.79450,49.92070,18.79110,18.79110,20.29500,16.57140,0.18460,5.45140,1.88830,47.66160,25.48420,-17.95680,3.12790,7.47410,14.12620,3.957,3.2126
2015-03-31,19590.00000,10138.00000,9452.00000,1298.00000,5362.00000,6660.00000,2792.00000,208.00000,3001.00000,585.00000,2416.00000,2415.00000,-88.00000,2328.00000,3760.00000,2792.00000,988.10000,992.30000,2.36000,2.35000,1.29960,0.73620,3.15950,48.24910,14.25220,14.25220,15.31900,11.88360,0.17490,5.14620,1.69670,53.04440,19.65170,-11.73930,2.15550,5.18420,12.47950,3.63800,2.82170
2014-12-31,24113.00000,11251.00000,12862.00000,1320.00000,6034.00000,7354.00000,5508.00000,1588.00000,7094.00000,1579.00000,5515.00000,5515.00000,-31.00000,5483.00000,6554.00000,5508.00000,1004.27300,1010.00000,5.51000,5.47000,1.19700,0.74440,3.38950,53.34050,22.84250,22.84250,29.41980,22.73880,0.20560,5.35000,2.01010,44.77420,45.90100,-25.47820,4.70280,11.73280,12.12890,5.8671,5.0378
2014-09-30,22397.00000,11523.00000,10874.00000,1354.00000,5281.00000,6635.00000,4239.00000,122.00000,4361.00000,906.00000,3455.00000,3455.00000,-3437.00000,18.00000,5378.00000,4239.00000,991.80000,997.70000,0.02000,0.02000,1.11480,0.69510,3.17450,48.55110,18.92660,18.92660,19.47140,0.08040,0.18840,4.89090,2.11470,42.55880,24.00140,-17.25600,2.90550,7.31740,14.54540,3.9639,3.0562
2014-06-30,24047.00000,12004.00000,12043.00000,1361.00000,5593.00000,6954.00000,5089.00000,257.00000,5348.00000,1096.00000,4252.00000,4251.00000,-115.00000,4137.00000,6255.00000,5089.00000,999.60000,1005.10000,4.14000,4.12000,1.13550,0.66010,2.65350,50.08530,21.16270,21.16270,22.23980,17.20380,0.19340,5.13430,2.09890,42.87980,24.27340,-24.09860,3.41960,8.25100,17.55530,3.6774,2.8554
2014-03-31,22236.00000,11608.00000,10628.00000,1402.00000,6272.00000,7674.00000,2954.00000,229.00000,3183.00000,653.00000,2530.00000,2530.00000,-146.00000,2384.00000,4095.00000,2954.00000,1035.20000,1041.80000,2.30000,2.29000,1.16810,0.67440,2.62720,47.79190,13.28480,13.28480,14.31460,10.72140,0.18130,4.72640,1.96220,45.86620,15.11440,-13.92250,2.06280,4.92140,16.53850,3.19260,2.44860
2013-12-31,26697.00000,12253.00000,14444.00000,1195.00000,5934.00000,7129.00000,7315.00000,207.00000,7522.00000,1039.00000,6483.00000,6484.00000,-300.00000,6184.00000,8529.00000,7315.00000,1094.48700,1103.04200,5.71000,5.65000,1.27880,0.58900,1.73220,54.10720,27.40010,27.40010,28.17550,23.16370,0.21150,5.30430,2.21570,40.61920,28.27860,-53.47190,5.13690,11.62320,21.74620,5.8798,5.0284
2013-09-30,23338.00000,11908.00000,11430.00000,1356.00000,5260.00000,6616.00000,4814.00000,157.00000,4972.00000,832.00000,4140.00000,4139.00000,-98.00000,4041.00000,5989.00000,4814.00000,1090.90000,1098.80000,3.70000,3.68000,1.21190,0.58730,1.80830,48.97160,20.62730,20.62730,21.30430,17.31510,0.19800,4.77850,2.02100,44.53340,20.68670,-27.82150,3.51220,8.53650,18.42610,3.4845,2.6442
2013-06-30,24924.00000,12792.00000,12132.00000,1548.00000,6680.00000,8228.00000,3904.00000,240.00000,4144.00000,918.00000,3226.00000,3226.00000,,3226.00000,5040.00000,3904.00000,1100.90000,1109.40000,2.93000,2.91000,1.16750,0.59520,1.90810,48.67600,15.66360,15.66360,16.62650,12.94340,0.21640,5.35450,2.04710,43.96370,18.03950,-22.43390,2.80150,7.30280,16.32520,2.9081,2.1783
2013-03-31,23408.00000,12730.00000,10678.00000,1644.00000,5577.00000,7221.00000,3457.00000,149.00000,3606.00000,574.00000,3032.00000,3032.00000,,3032.00000,4610.00000,3457.00000,1113.70000,1124.00000,2.72000,2.70000,1.16210,0.56220,1.73820,45.61690,14.76850,14.76850,15.40500,12.95280,0.19960,5.25820,1.94180,46.34950,15.78020,-22.60660,2.58580,6.90880,17.32870,3.57920,3.05340
2012-12-31,27671.00000,12442.00000,15229.00000,1094.00000,5832.00000,6926.00000,8303.00000,166.00000,8469.00000,2241.00000,6228.00000,6228.00000,,5833.00000,9455.00000,8303.00000,1142.50900,1155.44900,5.14000,5.09000,1.13310,0.55920,1.75250,55.03960,30.00610,30.00610,30.60610,21.07980,0.23210,5.44030,2.20660,40.78640,32.80490,-44.32740,5.22430,14.45950,16.98990,5.4309,4.7318
2012-09-30,24747.00000,13015.00000,11732.00000,1534.00000,5908.00000,7442.00000,4290.00000,785.00000,5074.00000,1251.00000,3823.00000,3823.00000,,3824.00000,5481.00000,4290.00000,1137.20000,1149.30000,3.36000,3.33000,1.21880,0.52900,1.55390,47.40780,17.33540,17.33540,20.50350,15.45240,0.21370,5.03290,2.09050,43.05250,17.64430,-37.59470,3.30200,8.31110,19.17460,4.01,3.218
2012-06-30,25783.00000,13502.00000,12281.00000,1587.00000,5837.00000,7424.00000,4857.00000,304.00000,5161.00000,1280.00000,3881.00000,3881.00000,,3881.00000,6033.00000,4857.00000,1149.00000,1161.90000,3.38000,3.34000,1.21820,0.54640,1.57730,47.63220,18.83800,18.83800,20.01710,15.05260,0.22650,4.89560,2.17120,41.45170,18.87370,-35.83900,3.40940,8.56180,17.99390,3.8557,2.8859
2012-03-31,24673.00000,13554.00000,11119.00000,1601.00000,5886.00000,7487.00000,3632.00000,203.00000,3836.00000,769.00000,3067.00000,3067.00000,,3066.00000,4789.00000,3632.00000,1159.10000,1174.20000,2.65000,2.61000,1.27840,0.55350,1.54230,45.06140,14.72050,14.72050,15.54740,12.42650,0.21390,4.92160,2.11220,42.60890,14.75730,-29.70460,2.65890,6.58960,18.01760,3.65440,2.93730
2011-12-31,29486.00000,14763.00000,14723.00000,1556.00000,6076.00000,7632.00000,7091.00000,182.00000,7274.00000,1785.00000,5489.00000,5489.00000,,5489.00000,8279.00000,7091.00000,1196.95100,1213.76800,4.64000,4.56000,1.20900,0.53040,1.54770,49.92880,24.04870,24.04870,24.66930,18.61560,0.25320,5.68900,2.32910,38.64210,27.12630,-58.58680,4.71430,12.73760,17.39710,5.7689,5.0267
2011-09-30,26157.00000,13984.00000,12173.00000,1546.00000,5662.00000,7208.00000,4965.00000,63.00000,5027.00000,1188.00000,3839.00000,3839.00000,,3839.00000,6157.00000,4965.00000,1188.60000,1204.90000,3.23000,3.19000,1.25940,0.51840,1.34780,46.53820,18.98150,18.98150,19.21860,14.67680,0.23740,5.25120,2.41260,37.30470,17.15520,-68.93520,3.48500,8.26180,18.98660,3.9738,3.2448
2011-06-30,26666.00000,14282.00000,12384.00000,1569.00000,6030.00000,7599.00000,4785.00000,101.00000,4885.00000,1221.00000,3664.00000,3664.00000,,3664.00000,5992.00000,4785.00000,1204.80000,1221.40000,3.04000,3.00000,1.17800,0.48570,1.28280,46.44490,17.94420,17.94420,18.31920,13.74030,0.23500,5.55070,2.28580,39.37370,15.78560,-65.39350,3.22890,8.11970,19.43430,3.5499,2.8755
2011-03-31,24607.00000,13749.00000,10858.00000,1587.00000,5826.00000,7413.00000,3445.00000,371.00000,3817.00000,954.00000,2863.00000,2863.00000,,2863.00000,4673.00000,3445.00000,1222.20000,1240.00000,2.34000,2.31000,1.17670,0.48850,1.32850,44.12570,14.00010,14.00010,15.51190,11.63490,0.21780,5.39390,2.17900,41.30410,12.57080,-48.06110,2.53450,6.43010,18.80450,3.05810,2.32020
2010-12-31,29018.00000,14792.00000,14226.00000,1578.00000,5950.00000,7528.00000,6698.00000,258.00000,6956.00000,1698.00000,5258.00000,5258.00000,,5257.00000,7933.00000,6698.00000,1268.78900,1287.35500,4.18000,4.12000,1.18620,0.48530,1.23530,49.03160,23.08220,23.08220,23.97130,18.11630,0.25580,6.03760,2.42460,37.11900,22.69120,-96.45940,4.63460,11.67980,18.86980,5.165,4.4356
2010-09-30,24271.00000,13270.00000,11001.00000,1464.00000,5149.00000,6613.00000,4388.00000,289.00000,4677.00000,1088.00000,3589.00000,3589.00000,,3589.00000,5591.00000,4388.00000,1255.20000,1272.80000,2.86000,2.82000,1.25470,0.49480,1.22790,45.32570,18.07920,18.07920,19.26990,14.78720,0.22650,5.04750,2.22590,40.43340,16.05240,-105.83900,3.34880,8.10930,18.00240,3.6943,2.9941
2010-06-30,23724.00000,12914.00000,10810.00000,1475.00000,5061.00000,6536.00000,4274.00000,302.00000,4575.00000,1190.00000,3385.00000,3385.00000,,3386.00000,5457.00000,4274.00000,1278.60000,1296.70000,2.65000,2.61000,1.28300,0.49810,1.25850,45.56150,18.01550,18.01550,19.28430,14.27250,0.22940,4.97650,2.32790,38.66090,15.98510,-178.72230,3.27310,8.02270,16.78930,2.9688,2.3193
2010-03-31,22857.00000,12881.00000,9976.00000,1509.00000,5677.00000,7186.00000,2790.00000,724.00000,3515.00000,914.00000,2601.00000,2601.00000,,2601.00000,4000.00000,2790.00000,1301.20000,1321.60000,2.00000,1.97000,1.32170,0.49030,1.18830,43.64530,12.20630,12.20630,15.37820,11.37950,0.21730,5.10340,2.19190,41.06050,11.74370,-191.53170,2.47220,5.98560,17.27220,3.35730,2.78370
2009-12-31,27231.00000,14084.00000,13147.00000,1460.00000,5560.00000,7020.00000,6127.00000,256.00000,6381.00000,1568.00000,4813.00000,4813.00000,,4813.00000,7392.00000,6127.00000,1327.15700,1341.35300,3.63000,3.59000,1.35920,0.49080,1.14700,48.27590,22.50010,22.50010,23.43290,17.67470,0.24980,5.64720,2.29240,39.26080,21.15140,9255.77000,4.41470,10.77050,17.43230,4.7819,4.0431
2009-09-30,23566.00000,12938.00000,10628.00000,1446.00000,5013.00000,6459.00000,4169.00000,205.00000,4373.00000,1159.00000,3214.00000,3214.00000,,3214.00000,5427.00000,4169.00000,1319.90000,1338.20000,2.44000,2.40000,1.31810,0.52670,1.37720,45.09460,17.69070,17.69070,18.55640,13.63830,0.22730,5.08170,2.20700,40.77990,17.37860,-99.96890,3.10010,8.22500,14.07810,3.8777,3.2681
2009-06-30,23250.00000,12669.00000,10581.00000,1434.00000,5115.00000,6549.00000,4032.00000,229.00000,4262.00000,1159.00000,3103.00000,3103.00000,,3103.00000,5274.00000,4032.00000,1326.10000,1336.90000,2.34000,2.32000,1.21970,0.57420,1.89830,45.50970,17.34190,17.34190,18.33120,13.34620,0.22430,4.70790,2.16480,41.57420,20.05300,-53.09720,2.99360,8.53860,11.80350,3.5769,3.0454
2009-03-31,21711.00000,12281.00000,9430.00000,1480.00000,5264.00000,6744.00000,2686.00000,436.00000,3122.00000,827.00000,2295.00000,2295.00000,,2295.00000,3915.00000,2686.00000,1344.30000,1349.50000,1.71000,1.70000,1.17560,0.60650,2.26220,43.43880,12.37160,12.37160,14.37980,10.57070,0.21300,4.45130,2.06560,43.57190,16.76040,-32.32850,2.25120,6.59500,10.36250,3.25010,2.80620
