Date,revenue,cost-goods-sold,gross-profit,selling-general-administrative-expenses,operating-expenses,operating-income,total-non-operating-income-expense,pre-tax-income,total-provision-income-taxes,income-after-taxes,income-from-continuous-operations,net-income,basic-shares-outstanding,shares-outstanding,eps-basic-net-earnings-per-share,eps-earnings-per-share-diluted,long-term-debt-capital,debt-equity-ratio,pre-tax-profit-margin,net-profit-margin,asset-turnover,roe,return-on-tangible-equity,roa,roi,book-value-per-share,operating-cash-flow-per-share,free-cash-flow-per-share
2023-12-31,256.20600,45.18100,211.02500,69.70600,75.28800,135.73700,,135.73700,29.36100,106.37600,106.37600,106.37600,62.08300,62.22200,1.71000,1.71000,0.04660,0.26560,66.43100,52.06140,0.01360,4.34580,4.91290,0.70610,4.14340,39.43190,2.1314,1.9963
2023-09-30,249.56000,36.84700,212.71300,76.18800,81.67600,131.03700,,131.03700,27.77300,103.26400,103.26400,103.26400,62.65400,62.19500,1.66000,1.66000,0.05170,0.28440,64.79380,51.06090,0.01360,4.70750,5.40340,0.69270,4.46400,35.34890,1.8291,1.6831
2023-06-30,235.82600,31.66900,204.15700,70.94200,76.35000,127.80700,,127.80700,27.32200,100.48500,100.48500,100.48500,62.07400,62.20500,1.62000,1.62000,0.05180,0.25620,65.42760,51.44080,0.01310,4.58420,5.26250,0.67640,4.34680,35.32910,1.3733,1.2856
2023-03-31,228.51100,22.96400,205.54700,71.15000,76.61600,128.93100,,128.93100,27.28800,101.64300,101.64300,101.64300,62.14200,62.28200,1.64000,1.63000,0.06320,0.24530,65.46050,51.60590,0.01300,4.71350,5.42420,0.67160,4.41550,34.71360,2.29100,2.22220
2022-12-31,220.45600,15.21700,205.23900,64.86600,70.33200,134.90700,,134.90700,29.49500,105.41200,105.41200,105.41200,62.65800,62.81000,1.69000,1.68000,0.06650,0.28210,68.36650,53.41940,0.01270,5.15520,5.98180,0.68000,4.81260,32.90460,1.5507,1.4641
2022-09-30,199.68900,9.87000,189.81900,78.27300,83.69800,106.12100,,106.12100,22.76500,83.35600,83.35600,83.35600,62.22700,62.37100,1.34000,1.34000,0.22600,0.55150,58.53530,45.97840,0.01130,4.26530,4.98620,0.51790,3.30130,31.46520,1.9724,1.9431
2022-06-30,152.82600,6.68300,146.14300,67.03600,72.49100,73.65200,,73.65200,15.68100,57.97100,57.97100,57.97100,62.95000,63.08500,0.92000,0.92000,0.21390,0.51690,51.71900,40.70770,0.00880,2.76420,3.19450,0.35630,2.17290,33.62290,1.4076,1.3699
2022-03-31,139.94400,6.38600,133.55800,60.12400,65.59900,67.95900,,67.95900,14.46600,53.49300,53.49300,53.49300,63.35200,63.49800,0.84000,0.84000,0.21000,0.49390,51.45410,40.50140,0.00820,2.49070,2.86800,0.33150,1.96780,33.93130,1.24570,1.30830
2021-12-31,142.03200,6.61300,135.41900,58.50300,64.26800,71.15100,,71.15100,14.62500,56.52600,56.52600,56.52600,63.35300,63.48600,0.90000,0.89000,0.19820,0.43770,53.65800,42.62860,0.00830,2.44860,2.79010,0.35230,1.96320,36.42750,1.0591,1.1512
2021-09-30,148.40100,6.68200,141.71900,66.50000,72.52800,69.19100,,69.19100,14.59200,54.59900,54.59900,54.59900,63.37300,63.49900,0.86000,0.86000,0.19920,0.43380,49.80710,39.30300,0.00890,2.37970,2.71390,0.34830,1.90560,36.20940,0.9219,0.8937
2021-06-30,195.88500,6.67100,189.21400,64.66200,71.09800,118.11600,,118.11600,26.09000,92.02600,92.02600,92.02600,63.36300,63.51900,1.45000,1.45000,0.19980,0.43810,62.80430,48.93180,0.01230,4.02620,4.59410,0.60100,3.22160,36.06870,1.1075,1.0851
2021-03-31,134.11100,6.86500,127.24600,56.57800,63.37700,63.86900,,63.86900,13.09800,50.77100,50.77100,50.77100,63.30700,63.42000,0.80000,0.80000,0.20660,0.46080,50.66800,40.27720,0.00840,2.31560,2.65810,0.34030,1.83720,34.61100,1.50590,1.48100
2020-12-31,138.49900,7.38400,131.11500,62.20200,69.17200,61.94300,,61.94300,13.71300,48.23000,48.23000,48.23000,63.72600,63.85300,0.75000,0.77000,0.20770,0.45870,50.63560,39.42580,0.00870,2.21440,2.54450,0.34380,1.75450,34.41840,1.3892,1.3827
2020-09-30,140.10000,8.17000,131.93000,71.77400,78.82300,53.10700,,53.10700,10.36500,42.74200,42.74200,42.74200,63.27000,63.38600,0.68000,0.67000,0.21050,0.44220,43.12030,34.70450,0.00910,1.99630,2.29980,0.31450,1.57600,33.83840,1.2362,1.2116
2020-06-30,147.24600,9.79600,137.45000,77.70700,84.89700,52.55300,,52.55300,11.04400,41.50900,41.50900,41.50900,63.29600,63.39700,0.66000,0.65000,0.21050,0.44730,41.55670,32.82360,0.00950,1.93800,2.23250,0.31150,1.53000,33.85160,1.2853,1.2619
2020-03-31,151.74200,13.76900,137.97300,86.70900,93.81800,44.15500,,44.15500,9.31700,34.83800,34.83800,34.83800,65.07100,65.22900,0.54000,0.53000,0.28720,0.52720,36.45050,28.75920,0.00970,1.62600,1.87300,0.27860,1.15910,33.47150,0.86800,0.83130
2019-12-31,158.94300,13.99600,144.94700,72.52100,79.65100,65.29600,,65.29600,13.56200,51.73400,51.73400,51.73400,65.47700,65.68600,0.79000,0.79000,0.26440,0.47100,46.15640,36.56970,0.01170,2.44250,2.81850,0.42710,1.79680,32.48550,1.5257,1.4384
2019-09-30,166.81600,14.90100,151.91500,79.21700,86.34400,65.57100,,65.57100,14.12700,51.44400,51.44400,51.44400,65.44900,65.63600,0.79000,0.78000,0.22230,0.42580,44.71660,35.08260,0.01230,2.48770,2.88140,0.42990,1.93460,31.72780,1.3134,1.1701
2019-06-30,161.27600,15.07800,146.19800,75.24600,82.27800,63.92000,,63.92000,13.90000,50.02000,50.02000,50.02000,65.64800,65.86700,0.76000,0.76000,0.31400,0.57480,44.53330,34.84910,0.01170,2.42780,2.81360,0.40910,1.66550,31.38150,0.8757,0.7544
2019-03-31,160.19200,14.65400,145.53800,73.39000,80.37100,65.16700,,65.16700,13.26100,51.90600,51.90600,51.90600,65.61800,65.83100,0.79000,0.79000,0.25280,0.47860,47.18210,37.58090,0.01150,2.61530,3.04940,0.43160,1.95430,30.23530,1.02840,0.95820
2018-12-31,162.23600,14.24000,147.99600,68.04800,74.82400,73.17200,,73.17200,14.64300,58.52900,58.52900,58.52900,66.10700,66.63400,0.89000,0.88000,0.30870,0.56510,50.43010,40.33810,0.01220,3.01760,3.53210,0.49300,2.08610,29.56230,0.7586,0.729
2018-09-30,160.87700,13.50000,147.37700,75.88700,82.34700,65.03000,,65.03000,13.93500,51.09500,51.09500,51.09500,66.13600,66.42300,0.77000,0.77000,0.31000,0.62890,45.44470,35.70660,0.01210,2.74880,3.24140,0.43130,1.89650,28.10340,1.1636,1.0802
2018-06-30,157.36900,12.79300,144.57600,71.50700,77.87100,66.70500,,66.70500,13.81800,52.88700,52.88700,52.88700,66.11400,66.93200,0.80000,0.79000,0.35030,0.70230,45.28330,35.90280,0.01230,2.81350,3.31120,0.44110,1.82800,28.42690,0.7319,0.6442
2018-03-31,150.38200,12.13500,138.24700,64.29800,70.57100,67.67600,,67.67600,14.25600,53.42000,53.42000,53.42000,66.09200,66.86400,0.81000,0.80000,0.35140,0.68310,49.54860,39.11120,0.01130,2.91710,3.44930,0.44260,1.89210,27.71320,0.79530,0.74290
2017-12-31,145.39800,10.89500,134.50300,68.47800,74.82300,59.68000,,59.68000,14.44500,45.23500,45.23500,45.23500,66.04600,66.77800,0.69000,0.68000,0.42440,0.92960,45.08300,34.17110,0.01090,2.45980,2.90630,0.37120,1.41600,27.83000,0.3326,0.2727
2017-09-30,148.31100,9.99300,138.31800,71.89500,78.30200,60.01600,,60.01600,20.38800,39.62800,39.62800,39.62800,66.06100,66.74500,0.60000,0.59000,0.40350,0.88470,45.56090,30.08340,0.01080,2.18310,2.58560,0.32550,1.30220,27.47570,1.0557,1.0381
2017-06-30,137.13700,8.79700,128.34000,68.21600,74.51800,53.82200,,53.82200,13.25300,40.56900,40.56900,40.56900,66.05400,66.71500,0.61000,0.61000,0.36820,0.78330,42.20170,31.81010,0.01060,2.25800,2.67930,0.33710,1.42670,27.19790,0.5944,0.5396
2017-03-31,134.69600,9.24600,125.45000,71.07400,77.32600,48.12400,,48.12400,16.12000,32.00400,32.00400,32.00400,65.99400,66.74700,0.48000,0.48000,0.34560,0.70530,38.88810,25.86180,0.01030,1.83030,2.18300,0.26750,1.19780,26.48010,0.96470,0.91560
2016-12-31,139.96690,10.11300,129.85390,71.75100,77.95800,51.89600,-0.07300,51.82300,16.35000,35.47300,35.47300,35.47300,65.96800,66.31300,0.54000,0.53000,0.34130,0.81100,41.49860,28.40590,0.01060,2.05680,2.45980,0.30050,1.35470,26.14120,0.7007,0.3556
2016-09-30,137.15400,11.17500,125.97900,69.02300,75.23000,50.74900,-0.09000,50.65900,14.87200,35.78700,35.78700,35.78700,65.94900,66.29200,0.54000,0.54000,0.31090,0.87070,39.78690,28.10660,0.01070,2.04820,2.44330,0.29980,1.41130,26.49250,0.8047,0.7272
2016-06-30,134.50700,11.02400,123.48300,72.77400,79.01400,44.46900,-0.06700,44.40200,14.71400,29.68800,29.68800,29.68800,66.94400,66.15900,0.45000,0.45000,0.29070,0.86660,38.15060,25.50820,0.00990,1.70560,2.03620,0.25210,1.20970,26.39430,0.5554,0.5222
2016-03-31,137.98800,10.81700,127.17100,70.71600,76.92800,50.24300,-0.12400,50.11900,17.13500,32.98400,32.98400,32.98400,66.01400,66.11800,0.50000,0.50000,0.28000,0.85000,42.46040,27.94380,0.00990,1.93990,2.32670,0.27770,1.39680,25.78510,1.00380,0.92940
2015-12-31,133.65400,10.73000,122.92400,64.89300,71.30700,51.61700,-0.25400,51.36300,16.39300,34.97000,34.97000,34.97000,66.41100,66.63600,0.53000,0.52000,0.28600,0.89760,43.71510,29.76300,0.01000,2.09970,2.52890,0.29700,1.49910,25.12790,0.3562,0.1729
2015-09-30,143.74600,11.13300,132.61300,77.08000,83.48100,49.13200,-0.24900,48.88300,16.86400,32.01900,32.01900,32.01900,66.45000,66.66200,0.48000,0.48000,0.36790,1.08350,39.49150,25.86750,0.01030,1.93160,2.32910,0.26570,1.22090,24.96400,1.1945,1.1639
2015-06-30,139.11900,11.21000,127.90900,69.32100,75.81400,52.09500,-0.22400,51.87100,17.99600,33.87500,33.87500,33.87500,66.42500,66.68400,0.51000,0.51000,0.37950,1.16870,43.17470,28.19580,0.01000,2.08050,2.51820,0.28060,1.29100,24.50480,0.502,0.5922
2015-03-31,135.96900,11.24400,124.72500,63.42800,69.77300,54.95200,-0.22700,54.72500,18.86300,35.86200,35.86200,35.86200,66.41600,66.55500,0.54000,0.54000,0.40830,1.22980,44.72900,29.31150,0.00990,2.21600,2.68600,0.28980,1.31110,24.36930,1.00340,0.89730
2014-12-31,140.89000,11.46100,129.42900,64.10600,70.17900,59.25000,-0.26500,58.98500,20.43200,38.55300,38.55300,38.55300,66.87300,67.05600,0.58000,0.57000,0.44150,1.33340,47.74370,31.20560,0.01010,2.43900,2.97170,0.31610,1.36230,23.78400,0.6451,0.5222
2014-09-30,134.44100,11.57500,122.86600,66.64600,72.70000,50.16600,-0.27300,49.89300,16.66000,33.23300,33.23300,33.23300,66.86100,67.01700,0.50000,0.50000,0.43160,1.32480,41.56020,27.68260,0.00990,2.16130,2.64990,0.27510,1.22850,23.03740,1.0071,0.8336
2014-06-30,140.79300,11.63400,129.15900,64.88400,72.08600,57.07300,-0.18900,56.88400,19.16500,37.71900,37.71900,37.71900,66.92600,67.07100,0.56000,0.56000,0.50050,1.56840,45.32080,30.05160,0.01010,2.45550,3.01140,0.30330,1.22650,22.96580,0.3165,0.1532
2014-03-31,155.82300,11.87300,143.95000,72.61100,79.68400,64.26600,-0.09000,64.17600,20.53000,43.64600,43.64600,43.64600,67.13100,67.27200,0.65000,0.65000,0.47550,1.47760,45.23520,30.76440,0.01170,2.97740,3.69510,0.35940,1.56170,21.89080,0.91000,0.74440
2013-12-31,143.30000,13.44700,129.85300,65.64100,73.16300,56.69010,-0.07400,56.61600,17.67300,38.94300,38.94300,38.94300,67.19500,67.31500,0.58000,0.58000,0.49830,1.66530,45.49440,31.29310,0.01030,2.73400,3.42000,0.32240,1.37170,21.19470,0.7246,0.4669
2013-09-30,136.13100,13.00700,123.12400,67.86500,75.45400,47.67000,-0.57300,47.09700,15.27100,31.82600,31.82600,31.82600,67.19800,67.33300,0.47000,0.47000,0.51120,1.75320,40.14270,27.12660,0.00970,2.24860,2.82030,0.26350,1.09910,21.06210,1.0028,0.7897
2013-06-30,133.02900,13.70000,119.32900,69.86200,77.63900,41.69000,-0.41700,41.27300,13.76000,27.51300,27.51300,27.51300,67.19100,67.29200,0.41000,0.41000,0.40300,1.40860,35.89360,23.92710,0.00990,1.96900,2.48040,0.23720,1.17550,20.79520,0.5851,0.4418
2013-03-31,140.36200,14.47800,125.88400,80.20800,87.97000,37.91400,-0.31000,37.60400,9.53500,28.06900,28.06900,28.06900,67.18800,67.28000,0.42000,0.42000,0.28720,1.13860,31.74270,23.69390,0.01030,1.95620,2.45000,0.24370,1.39430,21.35610,0.79420,0.70290
2012-12-31,134.98700,16.37400,118.61300,71.91100,79.52000,39.09300,-0.39200,38.70100,12.98100,25.72000,25.72000,21.90100,67.23700,67.31400,0.32000,0.33000,0.39560,1.44140,36.03610,20.39300,0.00900,1.79150,2.24560,0.21640,1.08270,21.36880,0.6147,0.1007
2012-09-30,167.78200,17.42000,150.36200,103.77300,111.55400,38.80800,-0.23900,38.56900,12.69100,25.87800,25.87800,22.03300,67.22600,67.30200,0.33000,0.33000,0.33420,1.23300,26.59690,15.19380,0.01200,1.80690,1.96950,0.21360,1.07330,23.88080,0.3542,0.2787
2012-06-30,134.50200,20.04000,114.46200,70.02300,77.97600,36.48600,-0.22200,36.26400,11.71400,24.55000,24.55000,21.19500,67.24400,67.32400,0.32000,0.31000,0.16900,1.01630,33.46780,19.56070,0.00940,1.72360,1.82710,0.21240,1.24680,24.33740,0.5175,0.4324
2012-03-31,138.95900,20.66500,118.29400,65.17800,73.24200,45.05200,-0.18600,44.86600,13.17900,31.68700,31.68700,28.34400,67.27100,67.35500,0.42000,0.42000,0.19480,1.08960,39.70130,25.08120,0.00960,2.26970,2.41210,0.26830,1.58740,23.90060,0.89070,0.75630
2011-12-31,153.57100,21.48100,132.09000,74.75700,86.28600,45.80400,-0.27600,45.52800,15.15500,30.37300,30.37300,27.03700,67.50700,67.56900,0.40000,0.41000,0.29970,1.27080,37.13390,22.05210,0.01040,2.18570,2.32660,0.25870,1.32920,23.78440,-0.2408,-0.3353
2011-09-30,154.83400,23.07900,131.75500,75.85900,85.67400,46.08100,-0.28600,45.79500,15.16400,30.63100,30.63100,27.30700,67.42400,67.47000,0.41000,0.40000,0.32100,1.34880,36.32070,21.65760,0.01090,2.23070,2.37990,0.26420,1.31380,23.52720,1.0072,0.9423
2011-06-30,155.70800,24.43300,131.27500,72.60500,81.85900,49.41600,-0.16600,49.25000,16.62600,32.62400,32.62400,29.30900,67.62800,67.69000,0.43000,0.43000,0.37730,1.51740,36.97670,22.00510,0.01130,2.41160,2.57930,0.27600,1.30040,23.13380,1.03,0.9599
2011-03-31,155.50400,25.30500,130.19900,69.66600,79.29600,50.90300,-0.24900,50.65400,17.13300,33.52100,33.52100,30.21600,67.70100,67.78000,0.45000,0.45000,0.39660,1.61600,40.16370,23.95830,0.01030,2.63590,2.83640,0.27490,1.36630,21.86590,0.87970,0.83290
2010-12-31,162.51000,26.56400,135.94600,72.21600,82.19800,53.74800,-0.42400,53.32400,22.90400,30.42000,30.42000,27.12500,67.92100,68.00400,0.40000,0.40000,0.45700,1.82370,41.45570,21.08780,0.01080,2.43140,2.62380,0.25470,1.13210,21.55580,0.193,0.1262
2010-09-30,161.14400,27.90200,133.24200,75.59400,85.68500,47.55700,-0.53100,47.02600,13.47700,33.54900,33.54900,30.26300,67.82200,67.88100,0.45000,0.45000,0.43280,1.76700,37.20260,23.94130,0.01040,2.65250,2.86450,0.27690,1.29250,21.74000,1.0147,0.9773
2010-06-30,162.48000,29.64300,132.83700,70.34200,80.63500,52.20200,-0.25800,51.94400,17.93600,34.00800,34.00800,30.73100,68.06400,68.16400,0.45000,0.45000,0.33820,1.53400,39.52880,23.38590,0.01160,2.72020,2.94510,0.30080,1.54460,21.44070,0.3052,0.2514
2010-03-31,191.41900,29.92700,161.49200,95.29000,105.60300,55.88900,-7.20300,48.68600,16.64000,32.04600,32.04600,28.77800,68.10400,68.20600,0.42000,0.42000,0.17560,1.26020,31.56040,18.65520,0.01430,2.65780,2.89120,0.29720,1.87110,20.73350,1.10690,1.05980
2009-12-31,178.21300,30.81800,147.39510,78.04600,88.28200,59.11300,,59.11300,22.00500,37.10800,37.10800,33.84900,68.37400,68.39500,0.50000,0.50000,0.52390,2.12480,44.11720,25.26220,0.01140,3.08790,3.36560,0.31550,1.25530,20.66650,1.2071,1.0906
2009-09-30,177.57900,32.25700,145.32200,78.80700,89.09200,56.23000,,56.23000,19.25700,36.97300,36.97300,33.72300,68.19300,68.20800,0.49000,0.49000,0.49100,2.05310,41.65930,24.98440,0.01160,3.15160,3.44770,0.31640,1.36530,20.19910,0.9518,0.7497
2009-06-30,190.37000,34.65100,155.71900,97.74000,108.03900,47.68000,,47.68000,16.54700,31.13300,31.13300,27.89100,68.52000,68.52000,0.41000,0.41000,0.53140,2.21970,35.88710,20.99260,0.01160,2.73010,3.00020,0.27190,1.08480,19.71990,0.4341,0.1239
2009-03-31,182.22800,42.07000,140.15800,72.10600,82.45100,57.70700,,57.70700,20.17900,37.52800,37.52800,34.29500,68.60200,68.61800,0.50000,0.50000,0.63700,2.87070,45.10720,26.80700,0.01050,3.36330,3.71090,0.30940,1.03210,19.23970,-0.41360,-0.66160
