Date,revenue,cost-goods-sold,gross-profit,research-development-expenses,selling-general-administrative-expenses,operating-expenses,operating-income,total-non-operating-income-expense,pre-tax-income,total-provision-income-taxes,income-after-taxes,income-from-continuous-operations,net-income,ebitda,ebit,basic-shares-outstanding,shares-outstanding,eps-basic-net-earnings-per-share,eps-earnings-per-share-diluted,current-ratio,debt-equity-ratio,gross-margin,operating-margin,ebit-margin,pre-tax-profit-margin,net-profit-margin,asset-turnover,receiveable-turnover,days-sales-in-receivables,roe,return-on-tangible-equity,roa,roi,book-value-per-share,operating-cash-flow-per-share,free-cash-flow-per-share
2023-06-30,,,,,,,,,,,,,,,,,,,0.00000,,,,,,,,,,,,,,,,,
2022-12-31,42.59800,81.18200,-38.58400,2.42800,29.91900,116.88700,-155.47100,15.60300,-139.86800,-11.54000,-128.32800,-128.34300,-128.22900,-155.47100,-155.47100,10.08400,10.08400,-14.31000,-14.31000,1.48610,0.55850,-90.57700,-364.97260,-364.97260,-328.34410,-301.02120,0.19210,0.62830,143.24830,-161.86730,-163.91600,-57.86900,-161.86730,9.23470,7.0512,7.005
2022-09-30,41.02800,31.82700,9.20100,2.37000,18.44900,20.81900,-11.61800,-7.60500,-19.22300,0.15700,-19.38000,-19.40000,-18.96400,-11.61800,-11.61800,101.27000,101.27400,-0.19000,-0.19000,1.64950,0.18720,22.42620,-28.31730,-28.31730,-46.85340,-46.22210,0.11520,0.57620,156.20360,-9.28440,-18.34570,-5.44580,-9.28440,24.02580,0,0
2022-06-30,38.07800,28.82300,9.25500,2.16400,24.59600,26.76000,-17.50500,-28.28200,-45.78700,-0.03700,-45.75000,-45.77600,-45.06400,-17.50500,-17.50500,10.03490,10.03490,-4.50000,-4.50000,1.68820,0.19650,24.30540,-45.97140,-45.97140,-120.24530,-118.34650,0.09780,0.40800,220.60610,-19.93230,-37.61230,-11.75460,-19.93230,26.57580,0,0
2022-03-31,47.37600,31.38000,15.99600,2.25400,23.31700,25.57100,-9.57500,0.54000,-9.03500,0.23800,-9.27300,-9.28700,-8.61800,-9.57500,-9.57500,9.86290,9.86290,-0.90000,-0.90000,1.84150,0.20970,33.76390,-20.21070,-20.21070,-19.07080,-18.19070,0.10370,0.36890,243.98750,-3.30460,-6.34400,-2.03370,-3.30460,31.58660,0.00000,
2021-12-31,76.32300,52.77300,23.55000,3.19700,25.42100,28.61800,-5.06800,-1.33100,-6.39900,0.67100,-7.07000,-7.09300,-5.98600,-5.06800,-5.06800,9.63740,9.63740,-0.78000,-0.78000,1.74890,0.25900,30.85570,-6.64020,-6.64020,-8.38410,-7.84300,0.15030,0.39520,227.71750,-2.43250,-4.54090,-1.39700,-2.43250,31.99000,-2.0413,-2.1834
2021-09-30,86.81700,65.09900,21.71800,2.27000,21.78700,24.05700,-2.33900,0.03700,-2.30200,0.30500,-2.60700,-2.63200,-2.32100,-2.33900,-2.33900,97.11100,97.11100,-0.02000,-0.02000,1.83790,0.23440,25.01580,-2.69420,-2.69420,-2.65160,-2.67340,0.16960,0.50550,178.02930,-0.88470,-1.62790,-0.51420,-0.88470,32.86620,0,0
2021-06-30,78.00200,53.66500,24.33700,2.38600,21.05200,23.43800,0.89900,0.55100,1.45000,0.82000,0.63000,0.59700,1.76500,0.89900,0.89900,9.62620,9.62620,0.20000,0.20000,1.86500,0.30450,31.20050,1.15250,1.15250,1.85890,2.26280,0.15370,0.45490,197.83110,0.20130,0.36880,0.11770,0.20130,33.02740,0,0
2021-03-31,66.56000,47.01200,19.54800,1.67400,24.25500,25.92900,-6.38100,-0.31900,-6.70000,0.74400,-7.44400,-7.47000,-7.08900,-6.38100,-6.38100,9.43700,9.43700,-0.80000,-0.80000,1.94190,0.26540,29.36900,-9.58680,-9.58680,-10.06610,-10.65050,0.13220,0.39140,229.95570,-2.52360,-4.52330,-1.48400,-2.52360,33.28440,0.00000,
2020-12-31,78.69200,55.42800,23.26400,1.87500,22.57900,24.45400,-1.19000,2.14200,0.95200,-2.98000,3.93200,3.90600,1.28600,-1.19000,-1.19000,7.87370,7.87370,0.30100,0.30100,1.97230,0.20080,29.56340,-1.51220,-1.51220,1.20980,1.63420,0.16740,0.50990,176.50030,1.39960,2.63500,0.83090,1.39960,32.13780,-2.4935,-2.5641
2020-09-30,68.90500,48.78400,20.12100,1.17400,18.85400,20.02800,0.09300,-6.14700,-6.05400,1.02700,-7.08100,-7.09700,-6.55200,0.09300,0.09300,8.38470,8.38470,-0.80000,-0.80000,1.95140,0.28110,29.20110,0.13500,0.13500,-8.78600,-9.50870,0.14810,0.49220,182.85000,-2.51220,-3.27360,-1.52490,-2.51220,32.79170,-0.4447,-0.4298
2020-06-30,58.11300,41.49800,16.61500,1.12600,14.08800,15.21400,1.40100,-0.99000,0.41100,0.40400,0.00700,-0.02100,0.38200,1.40100,1.40100,7.48050,8.05930,0.10000,0.10000,1.53860,0.23390,28.59090,2.41080,2.41080,0.70720,0.65730,0.15950,0.44900,200.42590,-0.01050,-0.02680,-0.00580,-0.01050,26.40880,0.4447,0.4298
2020-03-31,49.03500,35.77200,13.26300,1.17400,14.15500,15.32900,-2.06600,-6.40500,-8.47100,-0.08400,-8.38700,-8.42800,-7.73400,-2.06600,-2.06600,6.43760,6.43760,-1.20100,-1.20100,1.35800,0.35000,27.04800,-4.21330,-4.21330,-17.27540,-15.77240,0.15230,0.33070,272.17500,-6.03990,-11.41570,-2.61780,-6.03990,19.78560,0.00000,
2019-12-31,56.67500,39.51300,17.16200,1.30200,21.14100,22.44300,-5.28100,-0.48100,-5.76200,0.06000,-5.82200,-5.99900,-5.74000,-5.28100,-5.28100,5.71680,5.71680,-1.10000,-0.70000,1.20330,0.74950,30.28140,-9.31810,-9.31810,-10.16670,-10.12790,0.17630,0.37850,237.76990,-5.23670,-13.50280,-1.86580,-5.23670,21.25660,-5.2991,-5.3792
2019-09-30,54.16800,40.61100,13.55700,1.42300,14.42500,15.84800,-2.29100,3.33100,1.04000,-0.04000,1.08000,0.86300,1.41300,-2.29100,-2.29100,5.75730,6.71840,0.20000,-0.20000,1.27520,0.60850,25.02770,-4.22940,-4.22940,1.92000,2.60860,0.19660,0.38830,231.79390,0.79830,1.82760,0.31320,0.79830,19.99870,2.3248,2.4088
2019-06-30,49.34700,35.75100,13.59600,1.50500,14.47200,15.97700,-2.38100,-0.76800,-3.14900,0.08100,-3.23000,-3.24400,-3.14100,-2.38100,-2.38100,5.70210,5.70210,-0.60000,-0.60000,1.28690,0.54290,27.55180,-4.82500,-4.82500,-6.38130,-6.36510,0.18480,0.37930,237.25520,-3.01550,-7.12780,-1.21470,-3.01550,19.77450,-2.3248,-2.4088
2019-03-31,39.21800,26.82800,12.39000,1.34400,13.23400,14.57800,-2.18800,-0.33500,-2.52300,-0.05400,-2.46900,-2.46900,-2.13500,-2.18800,-2.18800,5.63770,5.63770,-0.20000,-0.20000,1.45060,0.41380,31.59260,-5.57910,-5.57910,-6.43330,-5.44390,0.17570,0.49730,180.98910,-2.21200,-5.09480,-1.10630,-2.21200,20.50410,0.00000,
2018-12-31,39.50400,27.75100,11.75300,2.45100,19.84800,22.29900,-10.54600,1.39200,-9.15400,-1.01500,-8.13900,-8.13900,-7.93700,-10.54600,-10.54600,5.29040,5.29040,-1.52900,-1.52900,1.53680,0.41520,29.75140,-26.69610,-26.69610,-23.17230,-20.09160,0.19060,0.56680,158.78040,-7.63220,-15.99110,-3.92700,-7.63220,20.02780,-2.914,-2.961
2018-09-30,42.58700,33.25500,9.33200,5.40900,17.94700,23.35600,-14.02400,-7.07600,-21.10000,0.65400,-21.75400,-21.75400,-21.75400,-14.02400,-14.02400,5.27230,5.27230,-4.10000,-4.10000,1.50550,0.44570,21.91280,-32.93020,-32.93020,-49.54560,-51.08130,0.20280,0.64790,138.91910,-20.35810,-42.74630,-10.35840,-20.35810,21.29180,0,0
2018-06-30,42.69700,32.78500,9.91200,1.48200,9.58700,11.06900,-1.15700,-0.87700,-2.03400,0.57200,-2.60600,-2.60600,-2.60600,-1.15700,-1.15700,5.21680,5.21680,-0.50000,-0.50000,2.07270,0.08880,23.21470,-2.70980,-2.70980,-4.76380,-6.10350,0.24120,0.61300,146.82200,-2.21700,-4.30480,-1.47210,-2.21700,24.37350,0,0
2018-03-31,35.22900,27.10600,8.12300,1.39500,8.45500,9.85000,-1.72700,2.05900,0.33200,0.44400,-0.11200,-0.11200,-0.11200,-1.72700,-1.72700,5.21490,5.21490,-0.02100,-0.02100,2.03520,0.08950,23.05770,-4.90220,-4.90220,0.94240,-0.31790,0.19080,0.69770,128.99000,-0.09290,-0.17920,-0.06070,-0.09290,25.13870,0.00000,
2017-12-31,39.76100,30.04500,9.71600,1.20000,14.34300,15.54300,39.76100,-2.85900,39.76100,0.04900,39.76100,-8.73500,-8.73500,-4.45300,39.76100,2.96990,2.96990,-4.10000,-4.10000,1.94010,0.08740,100.00000,-14.65510,100.00000,100.00000,-21.96880,0.21060,0.94370,95.37360,-7.28010,-14.34600,-4.62610,-7.28010,25.06350,-3.6077,-3.6312
2017-09-30,29.75600,23.25700,6.49900,1.34400,7.86100,9.20500,-2.70600,8.96500,6.25900,-0.10200,6.36100,6.36100,5.72000,1.50400,-2.70600,2.72660,4.95210,2.10000,1.20000,0.73710,-0.09890,21.84100,-9.09400,-9.09400,21.03440,19.22300,0.19440,0.96610,93.15770,-8.02560,-4.56360,4.15640,-8.02590,,-1.0662,-1.0925
2017-06-30,29.85700,22.90400,6.95300,1.46300,7.72300,9.18600,-2.23300,-7.39800,-9.63100,0.61000,-10.24100,-10.24100,-10.86900,-2.23300,-2.23300,2.72430,2.72430,-4.00000,-4.00000,,,23.28770,-7.47900,-7.47900,-32.25710,-36.40350,,,,,,,,,0,0
2017-03-31,25.88400,19.52700,6.35700,1.77100,8.99100,10.76200,-4.40500,-7.60800,-12.01300,-0.00900,-12.00400,-12.00400,-12.61900,-4.40500,-4.40500,2.72240,2.72240,-4.63500,-4.63500,,,24.55960,-17.01820,-17.01820,-46.41090,-48.75210,,,,,,,,,0.00000,
2016-12-31,,,,,,,,,,,,,,,,,,,0.00000,,,,,,,,,,,,,,,,0,0
2015-12-31,,,,,,,,,,,,,,,,,,,0.00000,,,,,,,,,,,,,,,,0,0
