Date,revenue,cost-goods-sold,gross-profit,research-development-expenses,selling-general-administrative-expenses,other-operating-income-expenses,operating-expenses,operating-income,total-non-operating-income-expense,pre-tax-income,income-after-taxes,income-from-continuous-operations,net-income,ebitda,ebit,basic-shares-outstanding,shares-outstanding,eps-basic-net-earnings-per-share,eps-earnings-per-share-diluted,current-ratio,gross-margin,operating-margin,ebit-margin,pre-tax-profit-margin,net-profit-margin,asset-turnover,inventory-turnover,receiveable-turnover,days-sales-in-receivables,roe,return-on-tangible-equity,roa,roi,book-value-per-share,operating-cash-flow-per-share,free-cash-flow-per-share
2023-09-30,0.06620,0.27770,-0.21150,7.95140,4.85450,-0.00040,12.80620,-13.01770,4.90680,-8.11010,-8.11010,-8.11010,-8.11010,-12.86710,-13.01770,58.88300,58.88300,-0.14150,-0.14150,11.93450,-319.57800,-19670.74000,-19670.74000,-12255.00000,-12255.00000,0.00050,0.15560,0.01790,5030.39800,-6.31530,-6.31890,-5.75460,-6.31530,2.18090,-0.083,-0.083
2023-06-30,,,,11.90670,4.16190,-0.00290,,-16.07150,7.12790,-8.94360,-8.94360,-8.94360,-8.94360,-15.91050,-16.07150,56.98600,56.98600,-0.15270,-0.15270,15.02870,,,,,,,,,,-6.58030,-6.58510,-6.16870,-6.58030,2.30820,-0.1628,-0.1628
2023-03-31,,,,15.81320,3.87340,-0.00060,,-19.68730,7.78990,-11.89740,-11.89740,-11.89740,-11.89740,-19.52840,-19.68730,44.77200,44.77200,-0.26840,-0.26840,11.23970,,,,,,,,,,-14.10520,-14.12580,-12.84170,-14.10520,1.88380,-0.25210,-0.25210
2022-12-31,,,,8.29550,3.00740,-0.00050,,-11.30350,3.43500,-7.86850,-7.86850,-7.86850,-7.86850,-11.12640,-11.30350,44.20800,44.20800,-0.17620,-0.17620,7.47820,,,,,,,,,,-8.45300,-8.46630,-7.29310,-8.45300,2.08230,-0.1542,-0.1538
2022-09-30,,,,7.59160,3.10950,,,-10.70110,2.72240,-7.97870,-7.97870,-7.97870,-7.97870,-10.56980,-10.70110,44.20400,44.20400,-0.18130,-0.18130,10.29860,,,,,,,,,,-7.96630,-7.97940,-7.12910,-7.96630,2.26580,-0.0395,-0.0399
2022-06-30,,,,11.89880,4.62600,-0.00030,,-16.52510,17.02040,0.49530,0.49530,0.49530,0.49530,-16.37700,-16.52510,44.20400,44.20400,0.01060,0.01060,9.92870,,,,,,,,,,0.45570,0.45650,0.40600,0.45570,2.45880,-0.2841,-0.2841
2022-03-31,,,,11.75160,4.92360,-0.00060,,-16.67580,0.96270,-15.71310,-15.71310,-15.71310,-15.71310,-16.50380,-16.67580,44.20400,44.20400,-0.35910,-0.35910,5.47260,,,,,,,,,,-14.72040,-14.75300,-12.16750,-14.72040,2.41480,-0.32640,-0.32640
2021-12-31,,,,11.66690,3.28070,-0.03350,,-14.98100,0.40550,-14.57550,-14.57550,-14.57550,-14.57550,-14.78170,-14.98100,41.63000,41.63000,-0.36840,-0.36840,5.10100,,,,,,,,,,-11.70180,-11.72800,-9.84480,-11.70180,2.81780,-0.382,-0.382
2021-09-30,,,,11.03710,4.00410,0.02690,,-15.01430,0.79910,-14.21520,-14.21520,-14.21520,-14.21520,-14.82840,-15.01430,44.18630,44.18630,-0.31840,-0.31840,7.73850,,,,,,,,,,-10.46190,-10.48580,-9.31800,-10.46190,3.07510,-0.2552,-0.2552
2021-06-30,,,,13.61450,3.25060,-0.00030,,-16.86550,-0.94410,-17.80950,-17.80950,-17.80950,-17.80950,-16.66170,-16.86550,44.18600,44.18600,-0.39760,-0.39760,13.04100,,,,,,,,,,-11.95770,-11.98600,-10.94680,-11.95770,3.37070,-0.1265,-0.1258
2021-03-31,,,,5.91570,3.64370,-0.00070,,-9.56020,2.17540,-7.38480,-7.38480,-7.38480,-7.38480,-9.35720,-9.56020,33.80780,33.80780,-0.21700,-0.21700,17.68110,,,,,,,,,,-4.41150,-4.42170,-4.15980,-4.41150,3.78850,-0.37130,-0.37200
2020-12-31,,,,7.05370,2.91730,-0.00500,,-9.97600,-0.69510,-10.67110,-10.67110,-10.67110,-10.67110,-9.78570,-9.97600,27.06490,27.06490,-0.37560,-0.37560,8.54470,,,,,,,,,,-11.99760,-12.05180,-10.58970,-11.99760,3.15090,-0.412,-0.412
2020-09-30,,,,6.13320,1.36310,0.00000,,-7.49640,-0.52180,-8.01810,-8.01810,-8.01810,-8.01810,-7.26220,-7.49640,27.73400,27.73400,-0.29230,-0.29230,8.64960,,,,,,,,,,-7.64700,-7.67950,-6.76950,-7.64700,3.71450,-0.3631,-0.3631
2020-06-30,,,,8.10010,2.56210,-0.00380,,-10.66600,-0.38120,-11.04720,-11.04720,-11.04720,-11.04720,-10.47740,-10.66600,26.17200,26.17200,-0.41840,-0.41840,8.12140,,,,,,,,,,-11.01020,-11.05920,-9.65900,-11.01020,3.81940,-0.322,-0.322
2020-03-31,,,,8.05200,2.82950,-0.00630,,-10.88780,1.80480,-9.08310,-9.08310,-9.08310,-9.08310,-10.68670,-10.88780,26.10500,26.10500,-0.35300,-0.35300,9.48720,,,,,,,,,,-8.10950,-8.14400,-7.25270,-8.10950,4.29060,-0.44460,-0.44460
2019-12-31,,,,12.23830,3.38240,0.54260,,-15.07810,-0.10420,-15.18120,-15.18120,-15.18120,-15.18120,-14.87560,-15.07810,26.00450,26.00450,-0.57870,-0.57870,8.46270,,,,,,,,,,-12.65050,-12.70420,-11.14900,-12.65050,4.59700,-0.7054,-0.7054
2019-09-30,,,,14.90710,2.76920,-0.00090,,-17.67720,1.55160,-16.12560,-16.12560,-16.12560,-16.12560,-17.48310,-17.67720,25.98300,25.98300,-0.62270,-0.62270,7.81090,,,,,,,,,,-11.77500,-11.82020,-10.24670,-11.77500,5.24610,-0.3446,-0.3446
2019-06-30,,,,14.04660,4.10040,-0.08880,,-18.23580,1.07230,-17.16460,-17.16460,-17.16460,-17.16460,-18.02250,-18.23580,25.96400,25.96400,-0.66300,-0.66300,10.67350,,,,,,,,,,-11.66900,-11.70960,-10.53760,-11.66910,5.66530,-0.4391,-0.4391
2019-03-31,,,,8.74000,3.74930,-0.00450,,-12.49380,1.31980,-11.17400,-11.17400,-11.17400,-11.17400,-12.36090,-12.49380,25.96400,25.96400,-0.43160,-0.43160,18.08090,,,,,,,,,,-6.73980,-6.75490,-6.34880,-6.73980,6.38540,-0.37170,-0.37170
2018-12-31,,,,10.49160,4.10100,,,-14.59840,2.87790,-11.72050,-11.72050,-11.72050,-11.72050,-14.51390,-14.59840,25.09500,25.09500,-0.44570,-0.44570,20.39180,,,,,,,,,,-6.55540,-6.56510,-6.23330,-6.55540,6.88620,-0.4256,-0.4256
2018-09-30,,,,6.33790,3.53690,,,-9.87480,1.99870,-7.87610,-7.87610,-7.87610,-7.87610,-9.81350,-9.87480,25.66200,25.66200,-0.34880,-0.34880,18.68280,,,,,,,,,,-4.27220,-4.27340,-4.11470,-4.27220,7.10790,-0.1461,-0.1461
2018-06-30,,,,6.00000,3.76980,,,-9.76980,6.85630,-2.91350,-2.91350,-2.91350,-2.91350,-9.73720,-9.76980,24.43000,24.43000,-0.11930,-0.11930,43.98450,,,,,,,,,,-1.51010,-1.51060,-1.47530,-1.51010,,-0.2705,-0.2705
2018-03-31,,,,6.72860,3.69370,,,-10.42240,-2.27770,-12.70130,-12.70130,-12.70130,-12.70130,-10.39530,-10.42240,25.83000,25.83000,-0.49170,-0.49170,27.70570,,,,,,,,,,-9.22300,-9.22630,-8.88990,-9.22310,,-0.27370,-0.27370
2017-09-30,,,,3.06280,0.81210,,,-3.87500,-0.89320,-4.76820,-4.76820,-4.76820,-4.76820,-3.83690,-3.87500,0.02820,0.02820,-169.24320,-169.24320,8.78320,,,,,,,,,,11.22330,11.21650,-16.89710,11.22330,,-146.99,-148.9252
2017-06-30,,,,3.41080,0.80400,,,-4.21480,-0.92390,-5.13870,-5.13870,-5.13870,-5.13870,-4.21480,-4.21480,0.02810,0.02810,-182.58300,-182.58300,9.98860,,,,,,,,,,14.29840,14.29010,-17.58310,14.29840,,-204.4653,-205.3251
2016-12-31,,,,,,,,,,,,,,,,,,,0.00000,,,,,,,,,,,,,,,,0,0
