Date,revenue,cost-goods-sold,gross-profit,selling-general-administrative-expenses,operating-expenses,operating-income,total-non-operating-income-expense,pre-tax-income,total-provision-income-taxes,income-after-taxes,income-from-continuous-operations,net-income,ebitda,ebit,basic-shares-outstanding,shares-outstanding,eps-basic-net-earnings-per-share,eps-earnings-per-share-diluted,long-term-debt-capital,debt-equity-ratio,operating-margin,ebit-margin,pre-tax-profit-margin,net-profit-margin,asset-turnover,roe,return-on-tangible-equity,roa,roi,book-value-per-share,operating-cash-flow-per-share,free-cash-flow-per-share
2024-03-31,114.50000,62.50000,52.00000,22.30000,22.30000,29.70000,7.70000,37.40000,-0.50000,37.90000,37.90000,37.40000,29.70000,29.70000,44.30000,44.30000,0.84000,0.84000,,,25.93890,25.93890,32.66380,32.66380,0.06090,6.80190,6.80190,2.01610,6.80190,12.02440,0.00000,
2023-12-31,114.75200,71.36300,43.38900,22.62700,22.62700,20.76210,13.78600,34.54800,1.65400,32.89400,32.89400,30.89500,20.76210,20.76200,42.94400,43.46900,0.75000,0.72000,,,18.09300,18.09290,30.10670,26.92330,0.06240,6.08580,6.08580,1.78980,6.08580,12.14580,4.5229,4.4503
2023-09-30,108.90000,59.20000,49.70000,20.50000,20.50000,29.20000,-16.90000,12.30000,1.40000,10.90000,10.90000,10.20000,29.20000,29.20000,43.00000,43.00000,0.24000,0.24000,,,26.81360,26.81360,11.29480,9.36640,0.06230,2.31870,2.31870,0.62380,2.31870,10.11490,0,0
2023-06-30,118.40000,68.20000,50.20000,18.80000,18.80000,31.40000,11.50000,42.90000,2.40000,40.50000,40.50000,37.90000,31.40000,31.40000,43.10000,43.10000,0.88000,0.88000,,,26.52030,26.52030,36.23310,32.01010,0.06830,8.67610,8.67610,2.33640,8.67610,10.01850,0,0
2023-03-31,105.10000,65.30000,39.80000,17.00000,17.00000,22.80000,13.50000,36.30000,2.40000,33.90000,33.90000,31.70000,22.80000,22.80000,44.40000,44.40000,0.71000,0.71000,,,21.69360,21.69360,34.53850,30.16180,0.06480,7.88010,7.88010,2.09070,7.88010,9.16920,0.00000,
2022-12-31,96.69100,72.06100,24.63000,17.04300,17.04300,7.58700,16.37900,23.96600,1.53200,22.43400,22.43400,20.08100,7.58700,7.58700,45.54600,45.66700,0.47000,0.46000,,,7.84670,7.84670,24.78620,20.76820,0.06120,5.45920,5.45920,1.41990,5.45920,8.93100,3.3914,3.3754
2022-09-30,96.40000,54.40000,42.00000,16.90000,16.90000,25.10000,-1.70000,23.40000,0.80000,22.60000,22.60000,21.20000,25.10000,25.10000,45.70000,45.70000,0.46000,0.46000,,,26.03730,26.03730,24.27390,21.99170,0.06560,5.64580,5.69990,1.53860,5.64580,8.14310,0.3023,0.3086
2022-06-30,96.00000,55.70000,40.30000,16.20000,16.20000,24.10000,-2.40000,21.70000,-0.30000,22.00000,22.00000,20.70000,24.10000,24.10000,45.70000,45.70000,0.45000,0.45000,,,25.10420,25.10420,22.60420,21.56250,0.06570,5.58510,5.64240,1.50550,5.58510,7.98900,-0.3023,-0.3086
2022-03-31,87.30000,45.60000,41.70000,17.10000,17.10000,24.60000,-1.50000,23.10000,0.90000,22.20000,22.20000,22.20000,24.60000,24.60000,47.23400,47.23400,0.47000,0.47000,,,28.17870,28.17870,26.46050,25.42960,0.06250,5.67920,5.73790,1.58930,5.67920,8.57240,0.00000,
2021-12-31,86.19800,55.55800,30.64000,16.64600,16.64600,13.99400,-4.45100,9.54300,0.34700,9.19600,9.19600,6.14800,13.99400,13.99400,45.47100,45.47100,0.20000,0.20000,,,16.23470,16.23470,11.07100,7.13240,0.05940,2.28830,2.31320,0.63350,2.28830,8.22150,2.8543,2.8216
2021-09-30,91.20000,64.50000,26.70000,13.00000,13.00000,13.70000,1.90000,15.60000,-0.50000,16.10000,16.10000,16.10000,13.70000,13.70000,45.50000,45.50000,0.31000,0.31000,,,15.02190,15.02190,17.10530,17.65350,0.06550,4.07080,4.12400,1.15590,4.07080,8.09070,-1.2222,-1.2166
2021-06-30,85.50000,64.60000,20.90000,14.30000,14.30000,6.60000,2.20000,8.80000,0.60000,8.20000,8.20000,8.20000,6.60000,6.60000,48.23500,48.23500,0.17000,0.17000,,,7.71930,7.71930,10.29240,9.59060,0.06140,2.03420,2.06240,0.58930,2.03420,8.24340,1.2222,1.2166
2021-03-31,82.30000,54.70000,27.60000,15.00000,15.00000,12.60000,-1.10000,11.50000,1.30000,10.20000,10.20000,10.20000,12.60000,12.60000,45.50000,45.50000,0.21000,0.21000,,,15.30990,15.30990,13.97330,12.39370,0.06500,2.57580,2.61400,0.80590,2.57580,8.12260,0.00000,
2020-12-31,74.01600,59.16200,14.85400,12.62300,12.62300,2.23100,9.79500,12.02600,0.97500,11.05100,11.05100,9.88600,2.23100,2.23100,43.04800,43.04800,0.26000,0.26000,,,3.01420,3.01420,16.24780,13.35660,0.05790,2.90040,2.93670,0.86390,2.90040,7.84410,-2.104,-2.112
2020-09-30,73.30000,56.90000,16.40000,11.80000,11.80000,4.60000,1.20000,5.80000,0.70000,5.10000,5.10000,5.10000,4.60000,4.60000,45.40000,45.40000,0.10000,0.10000,,,6.27560,6.27560,7.91270,6.95770,0.06060,1.34350,1.35670,0.42180,1.34350,8.36120,1.1702,1.1728
2020-06-30,67.70000,44.80000,22.90000,12.10000,12.10000,10.80000,2.20000,13.00000,1.00000,12.00000,12.00000,11.30000,11.92300,10.80000,45.40000,45.40000,0.25000,0.25000,,,15.95270,15.95270,19.20240,16.69130,0.05800,3.27620,3.30950,1.02810,3.27620,7.56160,-1.1702,-1.1728
2020-03-31,68.50000,45.30000,23.20000,10.40000,10.40000,12.80000,-14.30000,-1.50000,-0.60000,-0.90000,-0.90000,-0.80000,12.80000,12.80000,35.80000,35.80000,-0.02000,-0.02000,,,18.68610,18.68610,-2.18980,-1.16790,,,,,,,0.00000,
2019-12-31,107.74400,85.59900,22.14500,20.16600,20.16600,1.97900,9.55900,11.53800,1.31600,10.22200,10.22200,10.22200,3.93400,1.97900,34.29200,34.29200,0.33700,0.33700,,,1.83680,1.83680,10.70870,9.48730,0.10680,3.27480,3.31610,1.01300,3.27480,6.44300,0.659,0.6467
2019-09-30,54.00000,38.40000,15.60000,9.90000,9.90000,5.70000,-1.40000,4.30000,,4.30000,4.30000,4.30000,4.62190,5.70000,34.00000,34.00000,0.13000,0.13000,0.01090,0.01110,10.55560,10.55560,7.96300,7.96300,0.30190,2.53740,2.53740,2.40380,2.50970,,0.9656,0.9697
2019-06-30,53.80000,39.50000,14.30000,9.00000,9.00000,5.30000,3.30000,8.60000,0.20000,8.40000,8.40000,8.40000,6.37810,5.30000,34.58700,34.58700,0.24300,0.24300,0.01010,0.01020,9.85130,9.85130,15.98510,15.61340,0.30180,4.96880,4.96880,4.71160,4.91860,,-0.9444,-0.9485
2019-03-31,,,,0.20000,,-0.20000,1.01500,0.81500,0.17200,0.64300,-0.10700,-0.10700,-0.20000,-0.20000,5.64800,5.64800,-0.02000,-0.02000,0.01010,0.01020,,,,,,-0.06360,-0.06360,-0.06020,-0.06290,,-0.05610,-0.05610
2018-12-31,,127.25100,-127.25100,34.89200,34.89200,-162.14300,3.21240,24.38000,-0.19080,24.57080,-0.10500,-0.10500,-160.78310,-162.14300,5.25500,5.25500,-0.02000,-0.02000,,,,,,,,-0.03130,-0.03490,-0.01160,-0.03490,6.21640,-0.116,-0.116
2018-09-30,,,,0.18160,,-0.18160,0.81400,0.63200,0.13250,0.49950,-0.09000,-0.09000,-0.18160,-0.18160,5.62900,5.62900,-0.02000,-0.02000,0.01020,0.01030,,,,,,-0.05390,-0.05390,-0.05100,-0.05330,,-0.0158,-0.0158
2018-06-30,,,,0.20900,,-0.20900,0.78900,0.58000,0.12050,0.45950,-0.07800,-0.07900,-0.20900,-0.20900,5.61800,5.62000,-0.01000,-0.01000,0.01030,0.01040,,,,,,-0.04680,-0.04680,-0.04440,-0.04640,,-0.06,-0.06
2018-03-31,,,,0.06930,,-0.06930,0.08160,0.01240,0.00000,0.01240,-0.02400,-0.02400,-0.06930,-0.06930,4.45800,4.46000,-0.01000,0.00000,0.01030,0.01190,,,,,,-0.01450,-0.01450,-0.01370,-0.01430,,-0.01120,-0.01120
2017-12-31,,,,0.00440,,-0.00440,,-0.00440,0.00000,-0.00440,-0.00440,-0.00440,-0.00440,-0.00440,,,,0.00000,,35.34480,,,,,,-75.86210,-73.33340,-1.82570,-75.86210,,0,0
2017-09-30,,,,0.00030,,-0.00030,,-0.00030,0.00000,-0.00030,-0.00030,-0.00030,-0.00030,-0.00030,,,,0.00000,,,,,,,,,,,,,0,0
2017-06-30,,,,0.00160,,-0.00160,,-0.00160,0.00000,-0.00160,-0.00160,-0.00160,-0.00160,-0.00160,,,,0.00000,,,,,,,,,,,,,0,0
2017-03-31,,,,0.01000,,-0.01000,,-0.01000,0.00000,-0.01000,-0.01000,-0.01000,-0.01000,-0.01000,,,,0.00000,,,,,,,,,,,,,0.00000,
