Date,revenue,cost-goods-sold,gross-profit,selling-general-administrative-expenses,other-operating-income-expenses,operating-expenses,operating-income,total-non-operating-income-expense,pre-tax-income,total-provision-income-taxes,income-after-taxes,income-from-continuous-operations,net-income,ebitda,ebit,basic-shares-outstanding,shares-outstanding,eps-basic-net-earnings-per-share,eps-earnings-per-share-diluted,current-ratio,long-term-debt-capital,debt-equity-ratio,gross-margin,operating-margin,ebit-margin,pre-tax-profit-margin,net-profit-margin,asset-turnover,receiveable-turnover,days-sales-in-receivables,roe,return-on-tangible-equity,roa,roi,book-value-per-share,operating-cash-flow-per-share,free-cash-flow-per-share
2023-09-30,71.77300,43.03200,28.74100,20.99200,,22.51800,6.22300,-1.43100,4.79200,1.59100,3.20100,3.20100,3.20100,7.80400,6.22300,48.71100,50.25700,0.07000,0.06000,2.89250,0.42820,0.74890,40.04430,8.67040,8.67040,6.67660,4.45990,0.29460,0.77590,115.98940,3.02760,-272.89260,1.31410,1.73120,2.16620,0.0629,0.0494
2023-06-30,74.60900,45.84700,28.76200,22.33000,,23.89900,4.86300,-1.15400,3.70900,1.37600,2.33300,2.33300,2.33300,6.48800,4.86300,48.47600,50.31700,0.05000,0.05000,2.85630,0.43350,0.76530,38.55030,6.51800,6.51800,4.97130,3.12700,0.31250,0.85390,105.40190,2.25500,-54.39500,0.97730,1.27740,2.13370,0.0561,0.0469
2023-03-31,78.48600,49.16900,29.31700,20.67000,,22.26700,7.05000,-1.84600,5.20400,1.71300,3.49100,3.49100,3.49100,8.71800,7.05000,48.43800,50.28800,0.07000,0.07000,2.71060,0.43270,0.76290,37.35320,8.98250,8.98250,6.63050,4.44790,0.32210,0.90120,99.86280,3.36370,-73.17120,1.43280,1.90810,2.14530,-0.06710,-0.07710
2022-12-31,74.16700,44.53900,29.62800,20.96300,,22.45800,7.17000,-1.17600,5.99400,1.71100,4.28300,4.28300,4.28300,8.74900,7.17000,48.17500,50.42000,0.09000,0.08000,2.25590,0.42560,0.78380,39.94770,9.66740,9.66740,8.08180,5.77480,0.30520,0.92510,97.28450,4.26460,-48.01030,1.76230,2.44960,2.07930,0.1289,0.1135
2022-09-30,68.83600,39.78600,29.05000,20.33400,,21.62000,7.43000,-0.65600,6.77400,1.21800,5.55600,5.55600,5.55600,8.80000,7.43000,47.88800,49.84400,0.12000,0.11000,2.24600,0.41500,0.75540,42.20180,10.79380,10.79380,9.84080,8.07140,0.32170,0.95610,94.12760,5.93320,-73.18230,2.59620,3.47080,1.95360,-0.0051,-0.0161
2022-06-30,70.70100,41.37000,29.33100,20.88500,,22.18300,7.14800,-0.47200,6.67600,1.71900,4.95700,4.95700,4.95700,8.53200,7.14800,48.16000,50.74200,0.10000,0.10000,2.11750,0.41730,0.76180,41.48600,10.11020,10.11020,9.44260,7.01120,0.31950,1.03400,87.04420,5.26270,-63.96120,2.24020,3.06660,1.97240,0.0172,-0.0039
2022-03-31,72.56300,43.95500,28.60800,19.58700,,20.87600,7.73200,-0.49400,7.23800,2.30800,4.93000,4.93000,4.93000,9.10700,7.73200,48.52600,51.32600,0.10000,0.10000,2.01620,0.41270,0.74690,39.42510,10.65560,10.65560,9.97480,6.79410,0.30930,1.08060,83.28870,5.06000,-93.69060,2.10160,2.97160,2.02010,0.08010,0.05970
2021-12-31,69.56900,41.06300,28.50600,19.99100,,21.36000,7.14600,-0.55600,6.59000,3.01200,3.57800,3.57800,3.57800,8.60200,7.14600,48.63800,51.75600,0.08000,0.06000,2.04280,0.41390,0.75000,40.97510,10.27180,10.27180,9.47260,5.14310,0.29380,1.08120,83.24050,3.63640,-74.43320,1.51100,2.13120,2.01390,0.0443,0.0286
2021-09-30,71.09500,43.24900,27.84600,19.23600,,20.58300,7.26300,-0.47200,6.79100,2.37000,4.42100,4.42100,4.42100,8.69800,7.26300,48.75100,51.51000,0.09000,0.09000,1.99320,0.41770,0.76120,39.16730,10.21590,10.21590,9.55200,6.21840,0.29200,1.09030,82.54760,4.49850,-79.11600,1.81550,2.61930,2.00760,0.3582,0.3479
2021-06-30,70.59700,43.00700,27.59000,20.49200,,21.74700,5.84300,-0.54500,5.29800,1.19200,4.10600,4.10600,4.10600,7.18700,5.84300,48.30700,51.31500,0.08000,0.08000,2.04300,0.42470,0.78260,39.08100,8.27660,8.27660,7.50460,5.81610,0.29580,1.00930,89.16750,4.23820,-53.09020,1.72020,2.43820,2.00260,0.1775,0.1671
2021-03-31,66.57100,41.15600,25.41500,19.04000,,20.40000,5.01500,-0.58300,4.43200,1.00800,3.42400,3.42400,3.42400,6.46500,5.01500,48.50400,52.31300,0.07000,0.07000,2.17420,0.41840,0.76210,38.17730,7.53330,7.53330,6.65760,5.14340,0.27690,1.00900,89.19560,3.39590,-77.22140,1.42430,1.97500,2.07430,0.23040,0.22200
2020-12-31,66.38900,38.34000,28.04900,22.99300,,24.54700,3.50200,-0.71300,2.78900,1.34100,1.44800,1.44800,1.44800,5.14700,3.50200,47.71700,49.97200,0.04000,0.04000,2.26240,0.42590,0.78530,42.24950,5.27500,5.27500,4.20100,2.18110,0.27720,0.98390,91.46950,1.46060,-20.87960,0.60450,0.83850,2.05730,0.1324,0.1247
2020-09-30,61.63500,36.76200,24.87300,20.31800,,21.89900,2.97400,-0.69200,2.28200,0.22700,2.05500,2.05500,2.05500,4.65000,2.97400,47.88000,49.90800,0.04000,0.04000,2.48270,0.44340,0.84250,40.35530,4.82520,4.82520,3.70240,3.33410,0.26790,0.93050,96.72280,2.19520,-15.64050,0.89320,1.22190,1.95210,0.1966,0.1895
2020-06-30,57.39400,33.75900,23.63500,18.59300,,20.12200,3.51300,-0.84700,2.66600,2.05400,0.61200,0.61200,0.61200,5.13300,3.51300,47.60100,48.96200,0.01000,0.01000,2.50300,0.46120,0.90460,41.18030,6.12090,6.12090,4.64510,1.06630,0.26350,0.85220,105.61520,0.69310,-5.13340,0.28090,0.37350,1.85200,0.4535,0.4484
2020-03-31,63.71000,41.01700,22.69300,21.88100,,23.41300,-0.72000,-1.14900,-1.86900,-0.50900,-1.36000,-1.36000,-1.36000,0.93800,-0.72000,47.31500,47.31500,-0.03000,-0.03000,3.02830,0.48630,0.99660,35.61920,-1.13010,-1.13010,-2.93360,-2.13470,0.30130,0.88810,101.34500,-1.58070,9.17560,-0.64310,-0.81200,1.83260,0.09740,0.09370
2019-12-31,65.50100,36.54300,28.95800,22.19100,,23.86800,5.09000,-1.56100,3.52900,1.43500,2.09400,2.09400,2.09400,6.91700,5.09000,46.91700,47.62000,0.04000,0.04000,2.41940,0.45490,0.95710,44.21000,7.77090,7.77090,5.38770,3.19690,0.29940,0.84980,105.90440,2.33510,-17.05210,0.95720,1.27300,1.88870,0.3093,0.292
2019-09-30,68.14300,37.72500,30.41800,23.09200,,24.76400,5.65400,-1.55000,4.10400,2.37300,1.73100,1.73100,1.73100,7.47400,5.65400,47.42600,48.40400,0.04000,0.04000,2.53260,0.50130,1.12750,44.63850,8.29730,8.29730,6.02260,2.54020,0.30870,0.82470,109.13640,2.04930,-9.41580,0.78420,1.02190,1.77920,0.1076,0.0987
2019-06-30,67.32800,38.14600,29.18200,24.22300,,25.89800,3.28400,-1.53100,1.75300,1.33900,0.41400,0.41400,0.41400,5.09700,3.28400,46.88000,47.40100,0.01000,0.01000,2.43770,0.51490,1.18000,43.34300,4.87760,4.87760,2.60370,0.61490,0.30970,0.81540,110.37730,0.51070,-1.80580,0.19040,0.24780,1.71660,-0.0156,-0.0221
2019-03-31,64.79100,40.76500,24.02600,23.01200,,24.69600,-0.67000,-1.57700,-2.24700,-1.34900,-0.89800,-0.89800,-0.89800,1.18800,-0.67000,45.80800,45.80800,-0.02000,-0.02000,2.25350,0.51960,1.19530,37.08230,-1.03410,-1.03410,-3.46810,-1.38600,0.29990,0.85440,105.33270,-1.14100,3.41700,-0.41570,-0.54810,1.71330,0.02790,0.02020
2018-12-31,67.90100,38.16000,29.74100,24.50200,,26.40100,3.34000,-1.55700,1.78300,2.63500,-0.85200,-0.85200,-0.85200,5.40000,3.34000,44.67300,46.06700,-0.01000,-0.01000,2.41560,0.53170,1.24020,43.80050,4.91890,4.91890,2.62590,-1.25480,0.31620,0.89420,100.64740,-1.08410,3.10680,-0.39680,-0.50780,1.72980,0.1784,0.1681
2018-09-30,67.96500,38.62400,29.34100,23.99000,,25.96700,3.37400,-1.67800,1.69600,-2.30700,4.00300,4.00300,4.00300,5.55700,3.37400,45.11500,47.10000,0.09000,0.08000,2.43500,0.54360,1.29870,43.17080,4.96430,4.96430,2.49540,5.88980,0.31970,0.88960,101.17370,5.23200,-12.99510,1.88330,2.38810,1.69500,0.0817,0.078
2018-06-30,71.02600,40.15300,30.87300,24.68000,,26.67300,4.20000,-1.67600,2.52400,0.16200,2.36200,2.36200,2.36200,6.38900,4.20000,44.65500,46.08600,0.05000,0.05000,2.15570,0.56750,1.52740,43.46720,5.91330,5.91330,3.55360,3.32550,0.32690,0.96610,93.16280,3.33360,-6.25220,1.08730,1.44180,1.57810,-0.053,-0.06
2018-03-31,68.87700,42.98400,25.89300,22.22800,,24.13000,1.76300,-1.65400,0.10900,-0.05500,0.16400,0.16400,0.16400,3.86300,1.76300,43.70500,45.86100,0.00000,0.00000,2.10410,0.58950,1.66160,37.59310,2.55960,2.55960,0.15830,0.23810,0.30900,1.03700,86.78820,0.24280,-0.38560,0.07360,0.09970,1.54080,0.20810,0.14230
2017-12-31,66.61200,37.47700,29.13500,22.23100,,25.17900,3.95600,-1.72700,2.22900,4.87900,-2.65000,-2.65000,-2.65000,7.04900,3.95600,43.02500,43.02500,-0.06000,-0.06000,1.95400,0.60870,1.79950,43.73840,5.93890,5.93880,3.34620,-3.97830,0.29640,0.94050,95.69090,-4.17080,5.54790,-1.17900,-1.63200,1.45860,0.1927,0.1698
2017-09-30,68.34900,38.21400,30.13500,23.71000,,26.66100,3.47400,-1.81200,1.66200,0.23400,1.42800,1.42800,1.42800,6.65400,3.47400,43.30500,44.65800,0.03000,0.03000,1.88730,0.61230,1.81160,44.08990,5.08270,5.08270,2.43160,2.08930,0.30400,0.91380,98.48920,2.23930,-2.86180,0.63520,0.86820,1.47140,0.0344,0.0179
2017-06-30,68.03800,40.25300,27.78500,23.38000,,27.23900,0.54600,-1.77400,-1.22800,-0.92300,-0.30500,-0.30500,-0.30200,4.63600,0.54600,43.05800,43.05800,-0.01000,-0.01000,2.15240,0.65330,2.00390,40.83750,0.80250,0.80250,-1.80490,-0.44390,0.30160,0.97220,92.57680,-0.51060,0.53730,-0.13520,-0.17700,1.38350,-0.0159,-0.0295
2017-03-31,66.55500,40.68600,25.86900,21.72500,,24.68800,1.18100,-1.74400,-0.56300,0.00800,-0.57100,-0.57100,-0.60600,4.42300,1.18100,42.31600,42.31600,-0.01000,-0.01000,2.10460,0.66350,2.08230,38.86860,1.77450,1.77450,-0.84590,-0.91050,0.29020,1.08670,82.82220,-0.98360,0.94100,-0.24900,-0.33100,1.37390,0.05480,0.03410
2016-12-31,54.28700,33.92600,20.36100,26.43500,,28.91800,-8.55700,-0.86600,-9.42300,-1.27700,-8.14600,-8.14600,-8.15000,-5.90200,-8.55700,36.62500,36.62500,-0.23000,-0.22000,2.02950,0.67130,2.13950,37.50620,-15.76260,-15.76260,-17.35780,-15.01280,0.23090,0.83960,107.20030,-14.28220,12.72470,-3.46460,-4.69450,1.35350,0.0257,0.0129
2016-09-30,51.92900,30.95900,20.97000,16.61300,,18.35400,2.61600,-0.63400,1.98200,1.22600,0.75600,0.75600,0.73200,4.40300,2.61600,35.70700,36.87300,0.02000,0.02000,2.36060,0.57410,1.40180,40.38210,5.03760,5.03760,3.81680,1.40960,0.37800,1.03960,86.57190,1.80330,-6.24170,0.55030,0.76800,1.17320,0.1338,0.1153
2016-06-30,60.35400,36.10600,24.24800,19.10400,,21.03100,3.21700,-0.32000,2.89700,1.23400,1.66300,1.66300,1.61200,5.19000,3.21700,35.60900,36.71900,0.05000,0.04000,2.19510,0.59030,1.49770,40.17630,5.33020,5.33020,4.80000,2.67090,0.43930,1.14790,78.40740,4.20110,-10.69250,1.21040,1.72120,1.11480,0.0996,0.0821
2016-03-31,49.92900,31.36800,18.56100,16.71100,,18.42900,0.13200,-0.91200,-0.78000,-0.12900,-0.65100,-0.65100,-0.69900,1.88800,0.13200,37.34000,37.34000,-0.02000,-0.02000,2.33560,0.50210,1.05640,37.17480,0.26440,0.26440,-1.56220,-1.40000,0.38220,1.05330,85.44490,-1.39030,11.80420,-0.49830,-0.69230,1.25080,0.07830,0.06270
2015-12-31,53.88600,31.61200,22.27400,18.01500,,19.79000,2.48400,-0.55000,1.93400,0.69200,1.24200,1.24200,1.27600,4.29400,2.48400,37.18600,38.93600,0.03000,0.04000,2.29290,0.50940,1.08720,41.33540,4.60970,4.60970,3.58910,2.36800,0.41210,1.08900,82.64780,2.68990,-24.96990,0.94980,1.31960,1.24050,0.1758,0.1673
2015-09-30,51.40400,30.09300,21.31100,16.40500,,18.15700,3.15400,-0.39300,2.76100,0.97500,1.78600,1.78600,1.77800,4.93600,3.15400,37.31500,39.29600,0.05000,0.05000,2.56950,0.52580,1.15960,41.45790,6.13570,6.13570,5.37120,3.45890,0.41600,1.16920,76.97550,4.03370,-21.94100,1.44550,1.91280,1.19370,0.1072,0.0981
2015-06-30,53.41100,32.55800,20.85300,17.01100,,18.84900,2.00400,-0.40700,1.59700,0.57800,1.01900,1.01900,0.93400,3.88000,2.00400,37.19900,38.97100,0.03000,0.02000,2.46410,0.53800,1.21710,39.04250,3.75200,3.75200,2.99000,1.74870,0.43330,1.14930,78.31080,2.38720,-11.07130,0.82660,1.10290,1.14650,-0.0125,-0.0228
2015-03-31,50.53900,30.43800,20.10100,16.41000,,18.12800,1.97300,-0.12200,1.85100,0.94400,0.90700,0.90700,0.85300,3.72900,1.97300,37.03200,38.49000,0.02000,0.02000,2.06980,0.54520,1.30370,39.77330,3.90390,3.90390,3.66250,1.68780,0.40450,1.18630,75.86930,2.25110,-6.98710,0.72590,1.02370,1.08620,-0.05710,-0.06460
2014-12-31,53.23000,31.33600,21.89400,16.67600,,18.54800,3.34600,-0.73200,2.61400,1.88700,0.72700,0.72700,0.65700,5.25700,3.34600,37.08600,38.69300,0.03000,0.02000,1.93430,0.54830,1.31080,41.13090,6.28590,6.28590,4.91080,1.23430,0.39670,1.29360,69.57200,1.78550,-5.18620,0.54190,0.80640,1.10760,0.2367,0.2246
2014-09-30,53.25800,31.48700,21.77100,16.13600,,17.99900,3.77200,-0.57400,3.19800,0.80800,2.39000,2.39000,2.35300,5.67200,3.77200,37.03900,38.74000,0.06000,0.06000,2.37500,0.52280,1.17490,40.87840,7.08250,7.08250,6.00470,4.41810,0.40150,1.19430,75.36050,5.17940,-23.36500,1.80180,2.47150,1.25390,0.2219,0.2075
2014-06-30,54.88800,31.49700,23.39100,16.96700,,18.86700,4.52400,-0.37400,4.15000,1.05100,3.09900,3.09900,3.10500,6.46300,4.52400,37.22000,38.83700,0.08000,0.08000,2.37640,0.53100,1.20600,42.61590,8.24220,8.24220,7.56090,5.65700,0.40520,1.08040,83.30510,6.78820,-24.96380,2.28800,3.18380,1.23050,-0.1021,-0.1139
2014-03-31,48.24100,29.81200,18.42900,15.65500,,17.39300,1.03600,-0.53000,0.50600,0.41800,0.08800,0.08800,0.06300,2.81200,1.03600,37.38300,38.86100,0.00000,0.00000,2.32550,0.54690,1.28450,38.20200,2.14750,2.14750,1.04890,0.13060,0.35160,1.08190,83.19040,0.20220,-0.70370,0.06410,0.09160,1.16450,-0.17540,-0.19320
2013-12-31,53.44000,31.51800,21.92200,17.06200,,18.93500,2.98700,-0.62600,2.36100,1.40400,0.95700,0.95700,0.95700,4.89900,2.98700,36.81000,38.68700,0.02000,0.03000,2.22150,0.55240,1.31230,41.02170,5.58940,5.58940,4.41800,1.79080,0.38210,1.38130,65.15570,2.21310,-7.06740,0.68420,0.99050,1.16490,0.3894,0.381
2013-09-30,51.37100,30.73300,20.63800,16.98700,,18.84100,1.79700,-0.68600,1.11100,0.70000,0.41100,0.41100,0.41100,3.68900,1.79700,36.78100,38.83000,0.01000,0.01000,2.38510,0.56710,1.38900,40.17440,3.49810,3.49810,2.16270,0.80010,0.37200,1.09660,82.07240,0.96330,-2.64190,0.29760,0.41700,1.15120,0.1719,0.1561
2013-06-30,55.58300,31.70200,23.88100,17.74100,,19.57400,4.30700,-0.67200,3.63500,1.19600,2.43900,2.43900,2.43900,6.19600,4.30700,36.75600,38.51200,0.07000,0.06000,2.36050,0.58300,1.48120,42.96460,7.74880,7.74880,6.53980,4.38800,0.40730,1.14540,78.57330,6.01050,-12.78300,1.78720,2.50640,1.10870,0.0813,0.0673
2013-03-31,50.58800,30.03200,20.55600,16.03300,,17.94600,2.61000,-0.67400,1.93600,0.96700,0.96900,0.96900,0.96900,4.60500,2.61000,36.63200,38.79400,0.03000,0.03000,2.02780,0.56410,1.54990,40.63410,5.15930,5.15930,3.82700,1.91550,0.37960,1.13780,79.09780,2.47980,-4.40050,0.72700,1.08100,1.06820,-0.04670,-0.05760
2012-12-31,49.52000,29.75700,19.76300,15.85700,,18.07700,1.68600,-0.77700,0.90900,0.76000,0.14900,0.14900,0.14900,3.85600,1.68600,36.20500,37.62600,0.01000,0.01000,2.04700,0.58070,1.64620,39.90910,3.40470,3.40470,1.83560,0.30090,0.36420,1.21020,74.37000,0.38890,-0.61310,0.10960,0.16310,1.05250,0.2823,0.2731
2012-09-30,46.46900,27.87600,18.59300,13.95700,,16.18100,2.41200,-0.85500,1.55700,1.34700,0.21000,0.21000,0.21000,4.70600,2.41200,36.15900,38.08200,0.01000,0.01000,2.16700,0.59680,1.72650,40.01160,5.19060,5.19060,3.35060,0.45190,0.34340,1.03270,87.14910,0.55940,-0.78190,0.15520,0.22560,1.03980,0.0767,0.0646
2012-06-30,50.47400,29.45000,21.02400,16.48700,,18.74300,2.28100,-0.85900,1.42200,0.60600,0.81600,0.81600,0.81600,4.85600,2.28100,36.12200,37.96200,0.02000,0.02000,2.25960,0.61400,1.82320,41.65310,4.51920,4.51920,2.81730,1.61670,0.36370,1.05740,85.11430,2.23510,-2.74950,0.58800,0.86280,1.01110,0.0573,0.0507
2012-03-31,46.28200,27.34600,18.93600,16.60800,,18.76500,0.17100,-0.81900,-0.64800,-0.07600,-0.57200,-0.57200,-0.57200,2.33900,0.17100,36.34700,36.34700,-0.02000,-0.02000,2.16950,0.62870,1.90980,40.91440,0.36950,0.36950,-1.40010,-1.23590,0.32670,0.98680,91.20570,-1.59920,1.77620,-0.40370,-0.59380,0.98890,-0.13110,-0.15170
2011-12-31,44.61400,24.87000,19.74400,15.41300,,79.68900,-59.94500,-1.00100,-60.94600,-8.96000,-51.98600,-51.98600,-51.98600,-22.95400,-59.94500,36.25800,36.25800,-1.43000,-1.43000,2.33760,0.63730,1.95250,44.25520,-134.36370,-134.36370,-136.60740,-116.52400,0.30760,1.06180,84.76510,-144.87240,153.45510,-35.84400,-52.53920,0.98920,0.2628,0.2465
2011-09-30,48.90100,28.00500,20.89600,16.23700,,19.11900,1.77700,-0.98000,0.79700,3.39000,-2.59300,-2.59300,-2.59300,4.75700,1.77700,36.33700,36.33700,-0.07000,-0.07000,2.01330,0.42460,0.80890,42.73120,3.63390,3.63390,1.62980,-5.30260,0.23060,0.98410,91.45760,-2.95170,5.59080,-1.22260,-1.69850,2.44110,0.1726,0.1603
2011-06-30,50.25300,27.71800,22.53500,17.16300,,20.02200,2.51300,-0.62500,1.88800,1.20100,0.68700,0.68700,0.68700,5.42700,2.51300,36.37600,38.37900,0.02000,0.02000,2.33200,0.42000,0.78410,44.84310,5.00070,5.00070,3.75700,1.36710,0.23690,0.96940,92.84040,0.74750,-1.51210,0.32390,0.43350,2.52590,-0.1622,-0.1732
2011-03-31,40.65800,24.23000,16.42800,18.90400,,21.61500,-5.18700,-0.81500,-6.00200,-3.95700,-2.04500,-2.04500,-2.04500,-2.36400,-5.18700,36.10400,36.10400,-0.06000,-0.06000,2.28990,0.43100,0.81020,40.40530,-12.75760,-12.75760,-14.76220,-5.02980,0.18910,1.02190,88.06750,-2.26780,4.12880,-0.95110,-1.29030,2.48180,-0.24920,-0.25560
2010-12-31,31.60700,16.62600,14.98100,14.69500,,17.50000,-2.51900,-0.88500,-3.40400,-1.34000,-2.06400,-2.06400,-2.06400,0.37400,-2.51900,32.05000,32.05000,-0.07000,-0.07000,5.24960,0.46040,0.85330,47.39770,-7.96980,-7.96970,-10.76980,-6.53020,0.17130,1.18810,75.75130,-2.52270,9.21300,-1.11830,-1.36120,2.50960,0.1626,0.1559
2010-09-30,32.19000,18.64200,13.54800,10.63200,-5.90000,65.46300,-51.91500,-0.89100,-52.80600,-1.05900,-51.74700,-51.74700,-51.74700,-2.89500,-51.91500,32.04400,32.04400,-1.61000,-1.61000,7.33850,0.45670,0.84070,42.08760,-161.27680,-161.27680,-164.04470,-160.75490,0.17470,1.15310,78.05030,-62.31500,218.60920,-28.07940,-33.85390,2.58990,-0.0068,-0.0152
2010-06-30,33.37200,17.77900,15.59300,12.22400,,14.56600,1.02700,-0.71000,0.31700,0.13100,0.18600,0.18600,0.18600,3.45900,1.02700,31.98100,32.21900,0.01000,0.01000,7.46690,0.34430,0.52510,46.72480,3.07740,3.07740,0.94990,0.55740,0.14130,1.27570,70.55020,0.13990,-0.65910,0.07880,0.09170,4.15690,0.1009,0.0941
2010-03-31,34.84400,18.48100,16.36300,12.33800,,14.69700,1.66600,-0.86400,0.80200,0.34200,0.46000,0.46000,0.46000,4.11700,1.66600,31.92200,32.13400,0.01000,0.01000,7.10050,0.34490,0.52660,46.96070,4.78130,4.78130,2.30170,1.32020,0.14720,1.25350,71.80060,0.34700,-1.50430,0.19430,0.22730,4.14940,-0.07740,-0.08530
2009-12-31,34.46500,18.22700,16.23800,12.24700,,14.64900,1.58900,-0.89100,0.69800,0.57600,0.12200,0.12200,0.12200,4.08900,1.58900,31.49100,31.49100,0.00000,0.00000,4.86630,0.34660,0.54560,47.11450,4.61040,4.61040,2.02520,0.35400,0.14240,1.31180,68.60790,0.09270,-0.36400,0.05040,0.06060,4.13920,0.1705,0.1572
2009-09-30,32.46200,16.96800,15.49400,10.53200,-6.80000,19.69800,-4.20400,-1.17900,-5.38300,-1.78600,-3.59700,-3.59700,-3.59700,-1.54500,-4.20400,31.47800,31.47800,-0.11000,-0.11000,4.11520,0.34830,0.58810,47.72970,-12.95050,-12.95050,-16.58250,-11.08070,0.13280,1.22280,73.60360,-2.75400,9.83750,-1.47120,-1.79470,4.14900,0.051,0.0445
2009-06-30,31.51800,17.61400,13.90400,10.10600,,12.52800,1.37600,-1.20600,0.17000,0.07200,0.09800,0.09800,0.09800,4.06800,1.37600,31.47100,31.55900,0.00000,0.00000,6.86920,0.38060,0.61440,44.11450,4.36580,4.36580,0.53940,0.31090,0.12350,1.27180,70.76810,0.07360,-0.22870,0.03840,0.04560,4.23380,0.1962,0.1916
2009-03-31,34.29900,14.86500,19.43400,15.00900,,17.38100,2.05300,-1.15200,0.90100,0.36000,0.54100,0.54100,0.54100,4.54800,2.05300,31.41800,31.46500,0.02000,0.02000,6.20650,0.41420,0.71420,56.66060,5.98560,5.98560,2.62690,1.57730,0.12800,1.15770,77.73810,0.41180,-1.15660,0.20190,0.24130,4.17740,-0.28890,-0.30380
