Date,revenue,cost-goods-sold,gross-profit,research-development-expenses,selling-general-administrative-expenses,other-operating-income-expenses,operating-expenses,operating-income,total-non-operating-income-expense,pre-tax-income,total-provision-income-taxes,income-after-taxes,other-income,income-from-continuous-operations,income-from-discontinued-operations,net-income,ebitda,ebit,basic-shares-outstanding,shares-outstanding,eps-basic-net-earnings-per-share,eps-earnings-per-share-diluted,current-ratio,long-term-debt-capital,debt-equity-ratio,gross-margin,operating-margin,ebit-margin,pre-tax-profit-margin,net-profit-margin,asset-turnover,inventory-turnover,receiveable-turnover,days-sales-in-receivables,roe,return-on-tangible-equity,roa,roi,book-value-per-share,operating-cash-flow-per-share,free-cash-flow-per-share
2023-09-30,103.89600,41.18100,62.71500,2.77100,36.28200,-0.52300,40.68300,22.03200,-0.45800,21.57400,6.55500,15.01900,,15.01900,,11.99000,41.80300,22.03200,54.61800,55.53500,0.22000,0.22000,1.02790,,0.70740,60.36320,21.20580,21.20580,20.76500,11.54040,0.12210,0.90780,0.32430,277.48260,4.21000,5.57100,1.76500,4.21000,6.53300,0.5159,0.4885
2023-06-30,97.97900,40.09200,57.88700,2.76200,38.90600,-0.84600,43.66100,14.22600,-1.15200,13.07400,3.46100,9.61300,,9.61300,,8.35100,28.72900,14.22600,54.59100,55.32000,0.15000,0.15000,0.99380,,0.76000,59.08100,14.51940,14.51940,13.34370,8.52330,0.12010,1.07510,0.31750,283.42670,2.85350,3.84240,1.17850,2.85350,6.16770,0.0816,0.0699
2023-03-31,86.94600,36.89500,50.05100,1.85500,34.14800,-1.57300,38.65000,11.40100,-1.39300,10.00800,4.88500,5.12300,,5.12300,,2.45400,25.34600,11.40100,54.06400,54.99100,0.05000,0.04000,0.97390,,0.77620,57.56560,13.11270,13.11270,11.51060,2.82240,0.10580,0.98410,0.28790,312.55500,1.53790,2.07460,0.62360,1.53790,6.10200,0.38580,0.37920
2022-12-31,98.04600,49.19900,48.84700,1.63200,37.86200,-0.39800,41.31000,7.53700,-1.43900,6.09800,2.01700,4.08100,,4.08100,,2.61300,22.24700,7.53700,56.67400,56.67400,0.04000,0.04000,0.95720,,0.79940,49.82050,7.68720,7.68720,6.21950,2.66510,0.11940,1.56020,0.31670,284.14720,1.24030,1.67600,0.49700,1.24030,6.07670,0.297,0.2421
2022-09-30,68.75500,37.05400,31.70100,1.11500,32.90500,-0.80800,35.93900,-4.23800,-1.17100,-5.40900,2.34800,-7.75700,,-7.75700,,-8.95300,12.11400,-4.23800,56.03900,56.03900,-0.16000,-0.16000,0.96820,,0.67970,46.10720,-6.16390,-6.16390,-7.86710,-13.02160,0.08590,1.01860,0.23550,382.15740,-2.30040,-3.06110,-0.96940,-2.30040,6.02430,0.1009,0.0584
2022-06-30,73.96800,29.93200,44.03600,1.35600,37.09500,-4.58200,44.13700,-0.10100,-1.01700,-1.11800,3.13300,-4.25100,,-4.25100,,-2.85100,14.91100,-0.10100,57.32000,57.32000,-0.05000,-0.05000,1.07200,,0.62770,59.53390,-0.13650,-0.13650,-1.51150,-3.85440,0.09220,0.89560,0.25270,356.08330,-1.18910,-1.43310,-0.53020,-1.18910,6.37280,-0.0277,-0.0665
2022-03-31,60.03600,28.26500,31.77100,1.19700,30.18100,-7.22900,39.80300,-8.03200,-1.30800,-9.34000,2.61000,-11.95000,,-11.95000,,-13.60900,5.73200,-8.03200,58.57400,58.57400,-0.23000,-0.23000,1.17720,,0.54460,52.91990,-13.37860,-13.37860,-15.55730,-22.66810,0.07050,1.03410,0.20990,428.77270,-2.89120,-3.39310,-1.40250,-2.89120,7.03510,-0.06460,-0.07700
2021-12-31,108.57200,44.53700,64.03500,1.24800,34.92900,-0.93300,38.40100,25.63400,-1.10700,24.52700,11.14800,13.37900,,13.37900,,10.10000,41.91000,25.63400,59.12600,59.12600,0.17000,0.17000,1.21310,,0.52630,58.97930,23.61010,23.61010,22.59050,9.30260,0.12290,1.65420,0.36760,244.80100,3.11420,3.64050,1.51480,3.11420,7.32450,0.4331,0.4121
2021-09-30,56.60200,29.11500,27.48700,2.02500,28.37700,3.31700,28.34000,-0.85300,-1.08900,-1.94200,4.40200,-6.34400,,-6.34400,,-8.37800,14.78700,-0.85300,59.24400,59.24400,-0.14000,-0.14000,1.17520,,0.55460,48.56190,-1.50700,-1.50700,-3.43100,-14.80160,0.06500,0.76130,0.21730,414.16020,-1.51150,-1.77910,-0.72820,-1.51150,7.10390,-0.0439,-0.0606
2021-06-30,50.95500,25.35200,25.60300,2.20000,28.80700,3.64200,28.55500,-2.95200,-1.21400,-4.16600,1.94600,-6.11200,,-6.11200,,-9.21100,10.74100,-2.95200,59.36700,59.36700,-0.16000,-0.16000,1.20060,,0.53460,50.24630,-5.79340,-5.79340,-8.17580,-18.07670,0.05780,0.67970,0.20920,430.21250,-1.40580,-1.64830,-0.69310,-1.40580,7.31970,-0.101,-0.1161
2021-03-31,38.75400,21.47300,17.28100,1.47100,25.20900,-0.30500,28.12600,-10.84500,3.41300,-7.43200,3.06800,-10.50000,,-10.50000,,-14.84000,2.14100,-10.84500,59.01200,59.01200,-0.25000,-0.25000,1.16370,,0.62870,44.59150,-27.98420,-27.98420,-19.17740,-38.29280,0.04110,0.54890,0.16050,560.87550,-2.41540,-2.83530,-1.11420,-2.41540,7.32340,-0.18560,-0.19350
2020-12-31,55.99000,35.67700,20.31300,1.05600,25.23800,-7.13100,34.80500,-14.49200,-3.15400,-17.64600,1.89800,-19.54400,,-19.54400,,-21.24500,-2.18000,-14.49200,59.23700,59.23700,-0.37000,-0.37000,1.17110,,0.65880,36.27970,-25.88320,-25.88320,-31.51630,-37.94430,0.05610,0.90140,0.24490,367.51630,-4.21200,-4.90150,-1.95880,-4.21200,7.87510,0.1351,0.1346
2020-09-30,37.25600,33.42700,3.82900,1.13000,24.81500,-3.92500,31.21900,-27.39000,-0.41600,-27.80600,19.34900,-47.15500,,-48.48400,,-47.20900,-13.27800,-27.39000,58.85900,58.85900,-0.80000,-0.80000,1.17240,,0.62820,10.27750,-73.51840,-73.51840,-74.63500,-126.71520,0.03700,0.63040,0.16500,545.48850,-10.22070,-11.87390,-4.81210,-10.22070,8.05910,-0.1685,-0.1696
2020-06-30,8.85500,16.54300,-7.68800,1.23200,29.79600,-1.44000,33.81200,-41.50000,1.20500,-40.29500,-10.24800,-30.04700,,-30.04700,,-25.96700,-29.57000,-41.50000,58.80800,58.80800,-0.44000,-0.44000,1.18630,,0.57920,-86.82100,-468.66180,-468.66180,-455.05360,-293.24670,0.00830,0.27490,0.04060,2216.72400,-5.84470,-6.72400,-2.83070,-5.84470,8.73460,-0.4538,-0.4595
2020-03-31,34.90200,29.81600,5.08600,2.20000,28.63600,-11.36800,43.52500,-38.43900,-4.93800,-43.37700,15.50500,-58.88200,,-59.41100,,-49.35400,-23.18700,-38.43900,60.41800,60.41800,-0.82000,-0.82000,1.23570,,0.55420,14.57220,-110.13410,-110.13410,-124.28230,-141.40740,0.03170,0.48380,0.15540,579.22640,-11.03520,-12.64580,-5.38960,-11.03520,9.15810,0.09870,0.09430
2019-12-31,124.27900,61.92000,62.35900,1.48600,34.18900,-0.47300,37.53900,24.82000,1.25500,26.07500,4.78200,21.29300,,21.35200,,18.17100,42.80700,24.82000,61.31000,61.48900,0.29000,0.29000,1.82220,,0.02860,50.17660,19.97120,19.97120,20.98100,14.62110,0.13980,1.44040,0.46440,193.78330,3.35100,3.76040,2.40160,3.35100,10.41560,0.3758,0.345
2019-09-30,86.39000,39.27000,47.12000,1.35900,29.48200,-0.59900,32.71100,14.40900,-0.64900,13.76000,3.03000,10.73000,,10.89600,,9.03300,30.10500,14.40900,61.30400,61.47900,0.15000,0.15000,1.71980,,0.02950,54.54340,16.67900,16.67900,15.92780,10.45610,0.09930,0.67500,0.35980,250.13420,1.77860,2.00900,1.25240,1.77860,9.99540,0.3052,0.2832
2019-06-30,104.79700,45.24400,59.55300,1.22200,32.13600,-0.92700,35.50300,24.05000,-4.76800,19.28200,5.30800,13.97400,,13.83600,,11.39700,39.64300,24.05000,61.33100,61.50700,0.19000,0.19000,1.63460,,0.03800,56.82700,22.94910,22.94910,18.39940,10.87530,0.11960,0.94310,0.42010,214.25940,2.29050,2.59660,1.57970,2.29050,9.84900,0.7997,0.7681
2019-03-31,80.19800,35.05800,45.14000,1.13600,27.64900,-1.28100,31.14100,13.99900,2.22000,16.21900,3.64800,12.57100,,12.48700,,8.26500,28.21000,13.99900,61.37700,61.55900,0.13000,0.13000,1.58130,,0.09620,56.28570,17.45560,17.45560,20.22370,10.30570,0.08980,0.78230,0.31270,287.83330,2.07690,2.36030,1.39800,2.07690,9.80970,-0.01090,-0.04720
2018-12-31,108.96400,54.32200,54.64200,2.18600,30.38000,-17.07800,50.89300,3.74900,-0.01500,3.73400,-0.02200,3.75600,,3.77100,,1.69400,19.20200,3.74900,63.07500,63.20700,0.03000,0.03000,1.71210,,0.06370,50.14680,3.44060,3.44060,3.42680,1.55460,0.12470,1.21910,0.42440,212.04560,0.63600,0.72550,0.43170,0.63600,9.65130,0.6559,0.5617
2018-09-30,82.10800,39.91700,42.19100,4.02800,26.65400,-0.86100,32.58200,9.60900,-0.45300,9.15600,1.45200,7.70400,,7.50200,,5.02000,23.55900,9.60900,62.55100,62.79300,0.08000,0.08000,1.76630,,0.02870,51.38480,11.70290,11.70290,11.15120,6.11390,0.09400,0.75870,0.35330,254.77600,1.22290,1.37970,0.85870,1.22290,9.80220,0.3484,0.3672
2018-06-30,98.34500,37.94100,60.40400,3.92200,32.48400,-8.31100,45.68200,14.72200,-0.73200,13.99000,3.63500,10.35500,,10.25500,,7.62500,29.23500,14.72200,63.42600,63.42600,0.12000,0.12000,1.69930,,0.04030,61.42050,14.96980,14.96980,14.22540,7.75330,0.11310,0.93210,0.41110,218.91840,1.69660,1.91700,1.17940,1.69660,9.66770,0.4963,0.4622
2018-03-31,84.98400,34.29200,50.69200,3.59200,27.95900,-1.15300,33.59600,17.09600,-0.37100,16.72500,4.45300,12.27200,,12.06700,,8.50500,30.61700,17.09600,64.55500,64.61900,0.13000,0.13000,1.80590,,0.03960,59.64890,20.11670,20.11670,19.68020,10.00780,0.09680,1.17860,0.34060,264.25590,1.92130,2.16060,1.37390,1.92130,9.81410,0.23930,0.13730
2017-12-31,125.55200,65.40400,60.14800,6.21700,24.81200,-3.03800,34.90300,25.24500,-0.77600,24.46900,15.90500,8.56400,,8.69800,,4.83100,52.28500,25.24500,65.38000,65.54000,0.08000,0.08000,1.75710,,0.04210,47.90690,20.10720,20.10720,19.48910,3.84780,0.14490,2.12430,0.48280,186.40570,1.44420,1.63490,1.00370,1.44420,9.30900,0.3239,0.2079
2017-09-30,98.80000,58.93200,39.86800,4.62600,25.54000,-4.40000,35.36800,4.50000,-0.27500,4.22500,1.00900,3.21600,,2.89800,,-0.85000,18.91300,4.50000,64.73600,64.80300,-0.01000,-0.01000,1.76910,,0.04380,40.35220,4.55470,4.55470,4.27630,-0.86030,0.11670,1.57690,0.43710,205.89230,0.49140,0.55770,0.34230,0.49140,9.10740,0.4146,0.3103
2017-06-30,87.75800,38.29900,49.45900,5.67800,28.58900,-12.42300,47.46900,1.99000,-0.15500,1.83500,-0.23800,2.07300,,1.80900,,-1.71200,15.25600,1.99000,65.79300,65.99200,-0.03000,-0.03000,1.79220,,0.04540,56.35840,2.26760,2.26760,2.09100,-1.95080,0.10440,0.92810,0.40710,221.09780,0.31190,0.35470,0.21530,0.31190,8.96120,0.5732,0.4856
2017-03-31,68.65700,32.88600,35.77100,4.33400,30.94100,-0.18500,36.06200,-0.29100,-0.22700,-0.51800,0.11400,-0.63200,,-0.88700,,0.07500,11.79700,-0.29100,66.36300,67.18000,0.00000,0.00000,2.18340,,0.04310,52.10100,-0.42380,-0.42380,-0.75450,0.10920,0.08160,0.72380,0.31700,283.93710,-0.14260,-0.16080,-0.10540,-0.14260,9.34080,-0.00920,-0.06970
2016-12-31,106.91300,51.58700,55.32600,4.71200,32.03900,0.67700,36.61600,18.71000,-0.20700,18.50300,6.57700,11.92600,,12.07600,,8.94500,31.01600,18.71000,67.57500,68.26300,0.14000,0.13000,2.11670,,0.04390,51.74860,17.50020,17.50020,17.30660,8.36660,0.12470,1.22470,0.48940,183.91270,1.94280,2.18720,1.40860,1.94280,9.39520,0.4721,0.3964
2016-09-30,86.55000,41.65100,44.89900,4.46000,30.68600,-1.49800,37.17500,7.72400,-0.09900,7.62500,2.55100,5.07400,,4.38400,,2.52500,19.83900,7.72400,67.09000,67.74600,0.04000,0.04000,2.17030,,0.04450,51.87640,8.92430,8.92430,8.80990,2.91740,0.10070,0.81640,0.41580,216.44090,0.70220,0.78890,0.51020,0.70220,9.34480,0.1418,0.1175
2016-06-30,91.74300,41.46600,50.27700,3.43500,33.10100,-0.42400,37.47500,12.80200,-0.07800,12.72400,2.47600,10.24800,,8.90800,,6.01600,24.42800,12.80200,67.76800,68.45500,0.09000,0.09000,2.13130,,0.04520,54.80200,13.95420,13.95420,13.86920,6.55740,0.10580,0.92610,0.42960,209.51340,1.42190,1.59590,1.02780,1.42190,9.33490,0.4556,0.3967
2016-03-31,92.12800,39.95200,52.17600,3.70800,28.91900,-0.12600,33.24400,18.93200,0.06900,19.00100,4.60800,14.39300,,13.95200,,11.30200,29.37000,18.93200,70.63800,70.63800,0.16000,0.16000,2.36580,,0.04420,56.63430,20.54970,20.54970,20.62460,12.26770,0.10480,0.89650,0.43540,206.69480,2.14230,2.39270,1.58670,2.14230,9.53880,0.07130,0.00640
2015-12-31,119.33300,47.45000,71.88300,3.11900,32.99700,-0.27800,36.95200,34.93100,-0.25000,34.68100,7.64400,27.03700,,26.24500,,22.75600,46.54300,34.93100,69.52600,71.05800,0.32440,0.31450,2.33750,,0.04340,60.23730,29.27190,29.27190,29.06240,19.06930,0.12820,1.22440,0.55450,162.31120,3.89480,4.33180,2.82010,3.89480,9.67160,0.592,0.5258
2015-09-30,85.10100,42.71200,42.38900,2.72200,24.97300,-0.60600,28.73000,13.65900,-0.24100,13.41800,2.47700,10.94100,,10.51400,,8.34700,24.12600,13.65900,69.69900,70.86000,0.12000,0.12000,1.71980,,0.04500,49.81020,16.05030,16.05030,15.76720,9.80830,0.11920,1.20110,0.42230,213.11880,2.12570,2.46310,1.47290,2.12570,7.15400,0.335,0.2796
2015-06-30,107.16000,38.12500,69.03500,2.34700,29.02300,-0.69300,32.50600,36.52900,-0.14400,36.38500,9.25600,27.12900,,26.38000,,24.35000,47.62000,36.52900,69.84300,71.68800,0.34000,0.34000,1.93070,,0.04290,64.42240,34.08830,34.08830,33.95390,22.72300,0.14740,1.11520,0.53590,167.93620,5.08470,5.84950,3.62800,5.08470,7.39560,0.1721,0.0045
2015-03-31,62.21100,26.23000,35.98100,4.54200,28.35200,-0.00500,33.32900,2.65200,-0.05800,2.59400,0.67500,1.91900,,1.48500,,0.39100,12.28500,2.65200,69.21000,70.67600,0.00560,0.00550,1.81280,,0.03370,57.83700,4.26290,4.26290,4.16970,0.62850,0.09200,1.02340,0.36290,247.98430,0.31090,0.36110,0.21970,0.31090,6.86370,0.08590,-0.23360
2014-12-31,102.45700,38.71300,63.74400,4.62800,24.93700,-3.14600,33.17600,30.56800,0.09500,30.66300,7.79900,22.86400,,22.51400,,21.13400,40.38700,30.56800,68.34600,69.75400,0.31150,0.29160,1.67020,,0.01230,62.21540,29.83500,29.83490,29.92770,20.62720,0.16480,2.26880,0.56370,159.65320,5.88180,7.12020,3.62230,5.88180,5.54840,0.2133,-0.007
2014-09-30,60.74200,25.30000,35.44200,4.56000,23.51300,-0.02600,28.54000,6.90200,-0.12000,6.78200,1.18800,5.59400,,5.29700,,4.85800,14.89400,6.90200,68.48000,69.60200,0.07000,0.07000,1.68870,,,58.34840,11.36280,11.36280,11.16530,7.99780,0.10830,1.18010,0.37190,242.03190,1.36440,1.64690,0.94430,1.36440,5.66580,0.5251,0.4091
2014-06-30,79.14500,31.35100,47.79400,3.30900,23.49800,-0.97900,28.20200,19.59200,-0.24400,19.34800,5.40700,13.94100,,13.77900,,13.16500,27.98200,19.59200,68.22800,69.45200,0.19000,0.19000,1.79310,,,60.38790,24.75460,24.75460,24.44630,16.63400,0.14700,1.87010,0.44490,202.29050,3.61260,4.36860,2.56000,3.61260,5.57440,0.3065,0.1821
2014-03-31,48.19700,21.78900,26.40800,3.59900,21.31200,-0.28700,25.60000,0.80800,-0.25000,0.55800,0.07200,0.48600,,0.22400,0.35500,0.57900,8.36300,0.80800,67.90800,69.32100,0.00850,0.00840,1.40560,,,54.79180,1.67650,1.67650,1.15770,1.20130,0.10080,1.57910,0.29440,305.67170,0.06940,0.08730,0.04680,0.06940,4.74970,0.20100,0.08670
2013-12-31,105.05100,37.72500,67.32600,3.50400,23.30500,-0.16600,27.44700,39.87900,-0.32100,39.55800,9.92800,29.63000,,27.87100,-0.04200,27.82900,48.02400,39.87900,67.15100,68.96100,0.42000,0.41000,1.42510,,,64.08890,37.96160,37.96160,37.65600,26.49090,0.21830,3.83970,0.58300,154.36840,8.72100,11.02440,5.79260,8.72100,4.71080,0.3209,0.2214
2013-09-30,51.50700,24.05500,27.45200,3.97400,19.77800,-0.22400,24.38500,3.06700,-0.30100,2.76600,0.68500,2.08100,,1.73700,-0.12800,1.60900,11.89300,3.06700,67.30900,69.11600,0.02000,0.02000,1.19650,,0.01760,53.29760,5.95450,5.95450,5.37010,3.12380,0.11510,1.68150,0.35790,251.46250,0.61060,0.79770,0.38820,0.61060,4.21320,0.3604,0.3446
2013-06-30,81.71300,38.07800,43.63500,3.65900,22.11000,-0.05500,26.19700,17.43800,-0.33600,17.10200,4.81300,12.28900,,11.85500,-0.03900,11.81600,29.04800,17.43800,66.95200,68.89300,0.18000,0.17000,1.17140,,0.06500,53.40030,21.34050,21.34050,20.92940,14.46040,0.18010,2.98180,0.50190,179.31050,4.27780,5.63690,2.61260,4.27780,4.13240,0.1311,0.106
2013-03-31,49.66600,23.47600,26.19000,3.63400,19.66100,2.18500,21.47400,4.71600,-0.33200,4.38400,1.20300,3.18100,,2.96100,-0.10000,2.86100,13.30700,4.71600,66.64600,68.69000,0.04000,0.04000,1.06710,,0.06910,52.73230,9.49540,9.49540,8.82700,5.76050,0.11490,1.62440,0.34360,261.96510,1.13670,1.53140,0.68490,1.13670,3.89560,-0.01440,-0.06270
2012-12-31,76.23800,33.43700,42.80100,3.78800,22.52900,0.30500,26.18600,16.61500,0.69800,17.31300,3.59400,13.71900,,13.39500,,12.88300,24.69900,16.61500,65.85400,67.93300,0.19000,0.19000,1.07170,,0.04350,56.14130,21.79360,21.79360,22.70920,16.89840,0.18070,2.11710,0.55980,160.78590,5.29280,7.19620,3.17510,5.29280,3.80670,0.2946,0.2435
2012-09-30,80.71100,35.96100,44.75000,2.52800,19.43200,-0.24100,22.36700,22.38300,-0.35100,22.03200,6.78700,15.24500,,14.91100,,14.91100,30.42100,22.38300,65.93000,68.30100,0.23000,0.22000,0.98450,,0.12570,55.44470,27.73230,27.73230,27.29740,18.47460,0.18900,1.72550,0.63210,142.37460,6.24990,8.67700,3.49180,6.24990,3.61610,0.4991,0.487
2012-06-30,70.21000,31.37700,38.83300,2.46500,20.43100,-0.28700,23.37300,15.46000,-0.44900,15.01100,3.73200,11.27900,,11.03400,,11.03400,24.66000,15.46000,65.82200,68.37400,0.17000,0.16000,0.92590,,0.25090,55.30980,22.01970,22.01970,21.38010,15.71570,0.16500,1.59700,0.51890,173.45610,5.03270,7.20660,2.59330,5.03270,3.32730,0.1372,0.1167
2012-03-31,55.59600,28.73500,26.86100,2.63000,19.16800,-0.45100,22.42500,4.43600,-0.50200,3.93400,0.96600,2.96800,,2.50900,,2.50900,11.90200,4.43600,65.40200,68.15800,0.04000,0.04000,0.85650,,0.27180,48.31460,7.97900,7.97900,7.07600,4.51290,0.13420,1.39890,0.41780,215.39720,1.23990,1.82680,0.60580,1.23990,3.08150,0.15300,0.14750
2011-12-31,66.67600,34.53900,32.13700,1.81000,18.19400,-0.81500,20.12800,12.00900,-0.38900,10.16900,2.78900,7.38000,-0.49000,6.32900,0.00000,6.32900,19.14900,12.00900,64.79900,67.46000,0.10000,0.09000,0.81320,,0.29010,44.75370,18.01100,18.01100,15.25140,9.49220,0.16370,1.74910,0.49990,180.02830,3.33340,5.02590,1.55410,3.33340,2.91870,0.1871,-0.3231
2011-09-30,67.48800,31.05000,36.43800,2.04100,19.44000,-0.41600,22.01000,14.42800,-0.41800,14.01000,5.17900,8.83100,,8.39200,,8.39200,20.26500,14.42800,64.65400,67.75600,0.13000,0.12000,0.86230,,0.21840,53.99180,21.37860,21.37860,20.75930,12.43480,0.18030,1.42760,0.55530,162.08220,4.62980,6.15790,2.24160,4.62980,,0.0574,0.0247
2011-06-30,57.23200,30.93000,26.30200,2.11700,19.47000,-0.15100,21.85400,4.44800,-0.53800,3.91000,1.63400,2.27600,,1.82500,,1.82500,11.38400,4.44800,64.37600,68.69900,0.03000,0.03000,1.40890,,0.20250,45.95680,7.77190,7.77190,6.83180,3.18880,0.15380,1.74350,0.46230,194.68130,1.06860,1.41170,0.49040,1.06860,,-0.003,-0.0223
2011-03-31,45.16000,24.51400,20.64600,1.86800,16.86800,-2.26300,21.11100,-0.46500,-0.42500,-0.89000,-0.30900,-0.58100,,-1.00300,,-1.00300,4.78200,-0.46500,64.18700,64.18700,-0.02000,-0.02000,0.82730,,0.10810,45.71750,-1.02970,-1.02970,-1.97080,-2.22100,0.13420,1.43020,0.42420,212.16560,-0.61960,-0.83260,-0.29800,-0.61960,,-0.14900,-0.16210
2010-12-31,69.16300,32.79200,36.37100,2.29000,33.46500,,35.92800,0.44300,0.06400,0.56900,-54.55400,55.12300,-0.49000,54.16100,0.00000,54.16100,5.47300,0.44300,63.95100,67.69000,0.85000,0.80000,1.38320,,0.11040,52.61480,0.64050,0.64050,0.82270,78.30920,0.19810,2.14750,0.61110,147.26520,34.17960,46.29540,15.51540,34.18180,,0.0582,-0.2765
2010-09-30,51.06900,25.14000,25.92900,1.50000,16.12000,,17.72000,8.20900,-0.30000,7.89000,1.16000,6.73000,0.00000,6.73600,0.00000,6.73600,13.01900,8.20900,63.73100,66.65400,0.11000,0.10000,1.48230,,0.21770,50.75490,16.07430,16.07430,15.44970,13.19000,0.17880,1.42600,0.50480,178.29410,6.70520,11.37840,2.35870,6.70580,,0.2098,0.228
2010-06-30,55.59800,28.55000,27.04800,1.21000,11.13000,,12.45000,14.59800,-0.87000,13.69000,0.39000,13.30000,0.00000,13.30200,0.00000,13.30200,20.13800,14.59800,63.56500,66.98800,0.21000,0.20000,1.32060,,0.27210,48.63490,26.25630,26.25630,24.62320,23.92530,0.20410,2.40320,0.53710,167.55820,14.60310,26.67330,4.88340,14.60310,,0.428,0.3698
2010-03-31,72.78400,24.48000,48.30400,1.24000,19.53000,,20.90000,27.40400,-0.38000,27.01000,0.43000,26.58000,0.00000,26.58000,0.00000,26.58000,32.55400,27.40400,63.05600,66.10800,0.42000,0.40000,1.16260,,0.52690,66.36070,37.65110,37.65110,37.10980,36.51900,0.26370,2.01320,0.58760,153.16970,35.01520,76.42320,9.62940,35.01520,,0.16790,0.14950
2009-12-31,54.23700,24.75000,29.48700,1.04000,21.37000,,22.54000,6.94700,-2.00000,3.63000,-0.61000,4.24000,0.00000,3.88200,0.15700,4.03900,11.37700,6.94700,62.46100,65.17000,0.07000,0.06000,0.92080,,1.11090,51.82810,12.80860,12.80860,6.69280,7.44690,0.21910,2.40990,0.54110,166.32000,8.62470,100.83130,1.56820,8.62480,,-0.0072,-0.1023
2009-09-30,43.64300,24.98000,18.66300,0.99000,12.75000,,13.88000,4.78300,-3.37000,1.38000,0.34000,1.04000,0.00000,1.06200,0.00000,1.06200,10.26300,4.78300,58.39000,60.71000,0.02000,0.02000,1.86910,0.72190,3.09300,42.75600,10.95940,10.95940,3.16200,2.43340,0.14130,1.74560,0.54470,165.24300,2.63920,-116.70090,0.34370,0.73410,,0.1769,-0.124
2009-06-30,40.99200,20.33000,20.66200,1.18000,12.25000,,13.56000,7.10200,-4.23000,2.84000,0.28000,2.56000,0.00000,2.56100,0.00000,2.56100,12.25200,7.10200,46.49300,47.96600,0.06000,0.05000,1.53300,1.18590,-7.48260,50.37570,17.32530,17.32530,6.92820,6.24760,0.15160,1.18200,0.45720,196.83110,-14.11800,-4.31510,0.94700,2.62590,,0.0859,0.0833
2009-03-31,33.72200,19.59000,14.13200,0.54000,10.90000,,11.58000,2.55200,-4.90000,-2.38000,0.26000,-2.64000,0.00000,-2.64200,0.00000,-2.64200,6.54200,2.55200,43.68100,43.68100,-0.06000,-0.06000,1.19550,,-0.20300,41.90140,7.56780,7.56780,-7.05770,-7.83460,0.14860,1.23520,1.35870,66.24160,2.68170,1.89040,-1.16400,2.68200,,-0.04420,-0.05200
