Date,revenue,cost-goods-sold,gross-profit,research-development-expenses,selling-general-administrative-expenses,other-operating-income-expenses,operating-expenses,operating-income,total-non-operating-income-expense,pre-tax-income,total-provision-income-taxes,income-after-taxes,income-from-continuous-operations,net-income,ebitda,ebit,basic-shares-outstanding,shares-outstanding,eps-basic-net-earnings-per-share,eps-earnings-per-share-diluted,current-ratio,long-term-debt-capital,debt-equity-ratio,gross-margin,operating-margin,ebit-margin,pre-tax-profit-margin,net-profit-margin,asset-turnover,inventory-turnover,receiveable-turnover,days-sales-in-receivables,roe,return-on-tangible-equity,roa,roi,book-value-per-share,operating-cash-flow-per-share,free-cash-flow-per-share
2023-06-30,,,,,,,,,,,,,,,,,,,,0.00000,,,,,,,,,,,,,,,,,,,
2023-03-31,31.24800,21.53000,9.71800,0.04440,7.41410,-0.57580,8.03440,1.68360,-1.18140,0.50220,0.47620,0.02600,0.02600,0.06060,2.58300,1.68360,42.80000,42.80000,0.00140,0.00140,1.82530,0.18460,0.37310,31.09950,5.38790,5.38790,1.60720,0.19390,0.12600,0.55740,0.65220,137.99240,0.01760,0.03850,0.01050,0.01430,,-0.34750,-0.35210
2022-12-31,32.83360,25.61130,7.22230,0.04960,7.91600,-0.55800,8.52360,-1.30140,-1.57480,-2.87620,-4.23420,1.35810,1.35810,2.35360,0.02100,-1.30140,45.35260,45.40690,0.02430,0.03350,1.62280,0.19060,0.48100,21.99650,-3.96350,-3.96350,-8.75990,7.16820,0.11500,0.67940,0.82040,109.69770,0.87390,1.92050,0.47570,0.70740,3.40990,0.2838,0.252
2022-09-30,28.64250,15.03280,13.60970,0.03530,9.05680,0.24830,8.84380,4.76590,-1.24750,3.51840,1.07170,2.44670,2.44670,2.13690,5.54630,4.76590,45.35000,45.35000,0.04710,0.04710,1.65890,0.11240,0.39190,47.51590,16.63930,16.63930,12.28380,7.46060,0.11120,0.37730,0.84630,106.34020,1.61800,3.63980,0.94970,1.43620,,0.0332,0.0063
2022-06-30,29.38280,16.34300,13.03980,0.05260,7.32960,-0.29950,7.68170,5.35810,0.98250,6.34060,1.71480,4.62580,4.62580,4.67420,6.00390,5.35810,44.67800,45.99200,0.10460,0.10160,1.87240,0.11850,0.32150,44.37910,18.23550,18.23550,21.57920,15.90800,0.12400,0.55370,1.34600,66.86710,3.08230,6.92690,1.95140,2.71710,,0.0017,-0.011
2022-03-31,28.85910,16.51620,12.34300,0.05080,5.95120,-0.07680,6.07870,6.26420,-0.18210,6.08220,1.47550,4.60670,4.60670,4.19140,7.00200,6.26420,35.22190,37.15790,0.11900,0.11280,1.67390,0.06780,0.26140,42.76970,21.70630,21.70630,21.07530,14.52370,0.12380,0.56460,1.86090,48.36310,3.03380,6.99200,1.97640,2.82820,,0.01780,-0.04040
2021-09-30,19.52080,12.68790,6.83290,0.09230,4.81210,-0.52170,5.42610,1.40680,-0.76330,0.64350,0.47620,0.16730,0.16730,-0.50930,1.93580,1.40680,41.10000,54.80000,-0.01240,-0.00930,1.89720,0.05160,0.17660,35.00340,7.20670,7.20670,3.29630,-2.60910,0.09610,0.79200,1.24730,72.15600,0.12000,0.27640,0.08240,0.11380,,0.0514,0.0411
2021-06-30,14.41880,8.29670,6.12200,0.10930,3.42650,0.13870,3.39710,2.72500,-0.12370,2.60130,0.77890,1.82240,1.82240,1.90030,2.72500,2.72500,44.22900,51.60000,0.04300,0.03680,3.16180,0.08140,0.09710,42.45880,18.89870,18.89870,18.04100,13.17950,0.07980,0.62490,1.11990,80.36250,1.33580,2.72450,1.00900,1.22710,,0.0577,0.031
