Date,revenue,cost-goods-sold,gross-profit,research-development-expenses,selling-general-administrative-expenses,other-operating-income-expenses,operating-expenses,operating-income,total-non-operating-income-expense,pre-tax-income,total-provision-income-taxes,income-after-taxes,income-from-continuous-operations,net-income,ebitda,ebit,basic-shares-outstanding,shares-outstanding,eps-basic-net-earnings-per-share,eps-earnings-per-share-diluted,current-ratio,long-term-debt-capital,debt-equity-ratio,gross-margin,operating-margin,ebit-margin,pre-tax-profit-margin,net-profit-margin,asset-turnover,inventory-turnover,receiveable-turnover,days-sales-in-receivables,roe,return-on-tangible-equity,roa,roi,book-value-per-share,operating-cash-flow-per-share,free-cash-flow-per-share
2023-06-30,376.22800,233.43600,142.79200,79.34600,72.78300,,157.08300,-14.29100,0.50000,-13.79100,6.47200,-20.26300,-20.26300,-20.26300,6.76900,-14.29100,225.92200,225.92200,-0.09000,-0.09000,1.67660,0.80170,4.08550,37.95360,-3.79850,-3.79850,-3.66560,-5.38580,0.23720,0.54620,1.15530,77.90020,-12.12060,21.59340,-1.27750,-2.40320,0.73810,0.0065,-0.0401
2023-03-31,392.07500,245.17700,146.89800,81.04200,70.94200,,156.36300,-9.46500,4.62700,-4.83800,3.57200,-8.41000,-8.41000,-8.41000,10.98400,-9.46500,222.39300,222.39300,-0.04000,-0.04000,1.68750,0.78040,3.59120,37.46680,-2.41410,-2.41410,-1.23390,-2.14500,0.24530,0.59370,1.17240,76.76860,-4.51530,9.53740,-0.52620,-0.99180,0.82840,-0.00800,-0.08350
2022-12-31,485.93590,305.42190,180.51400,77.98600,73.01200,,155.15600,25.35800,12.06400,37.42200,3.96400,33.45800,33.45800,33.45800,46.01600,25.35810,216.37600,216.37600,0.16000,0.16000,1.60950,0.78800,3.71970,37.14770,5.21840,5.21840,7.70100,6.88530,0.29110,0.81480,1.15770,77.73900,18.62430,-33.19150,2.00450,3.94850,0.81510,-0.0036,-0.0429
2022-09-30,390.44700,256.03200,134.41500,76.15600,62.84200,-3.58200,143.72200,-9.30700,2.16900,-7.13800,4.79200,-11.93000,-11.93000,-11.93000,13.14400,-9.30700,217.62000,217.62000,-0.05000,-0.05000,1.69820,0.85380,5.84600,34.42590,-2.38370,-2.38370,-1.82820,-3.05550,0.26040,0.77340,1.37480,65.46370,-10.44650,7.20320,-0.79550,-1.52700,0.52180,0.0928,0.0433
2022-06-30,357.98500,248.78500,109.20000,78.63500,65.47900,,148.91400,-39.71400,-10.66800,-50.38200,5.33900,-55.72100,-55.72100,-55.72100,-15.51600,-39.71400,215.50900,215.50900,-0.26000,-0.26000,1.66790,0.84600,5.49610,30.50410,-11.09380,-11.09380,-14.07380,-15.56520,0.24370,0.80360,1.18170,76.15830,-47.80540,29.87400,-3.79360,-7.36430,0.53850,-0.3372,-0.3855
2022-03-31,338.87400,227.22700,111.64700,73.41100,63.71400,,148.14100,-36.49400,1.08100,-35.41300,6.43700,-41.85000,-41.85000,-41.85000,-13.86200,-36.49400,212.18200,212.18200,-0.20000,-0.20000,1.64870,0.79250,3.82110,32.94650,-10.76920,-10.76920,-10.45020,-12.34970,0.22660,0.77900,1.22760,73.31650,-24.58800,26.89680,-2.79830,-5.10310,0.79820,0.07440,-0.00130
2021-12-31,400.25700,257.79100,142.46600,75.78300,67.46300,4.35100,152.60800,-10.14200,-20.47900,-30.62100,2.44700,-33.06800,-33.06800,-33.06800,21.62400,-10.14200,207.37700,207.37700,-0.15000,-0.15000,1.61920,0.59560,1.47430,35.59360,-2.53390,-2.53390,-7.65030,-8.26170,0.25220,0.88480,1.11510,80.71280,-10.21340,177.87100,-2.08340,-4.13060,1.53170,0.0077,-0.0373
2021-09-30,355.81400,237.72100,118.09300,76.64800,61.52400,-4.35100,149.06900,-30.97600,-17.36300,-48.33900,5.45500,-53.79400,-53.79400,-53.79400,-1.84600,-30.97600,209.18300,209.18300,-0.26000,-0.26000,1.74840,0.57940,1.37930,33.18950,-8.70570,-8.70570,-13.58550,-15.11860,0.23200,0.82080,1.30160,69.14680,-15.80920,247.97870,-3.50800,-6.64850,1.61900,-0.0652,-0.095
2021-06-30,338.22700,217.84400,120.38300,73.93400,65.97900,0.00000,143.63100,-23.24800,-9.27100,-32.51900,3.07500,-35.59400,-35.59400,-35.59400,3.52600,-23.24800,206.78000,206.78000,-0.17000,-0.17000,1.77620,0.55040,1.22550,35.59240,-6.87350,-6.87350,-9.61460,-10.52370,0.21670,0.79500,1.20360,74.77810,-9.45160,-2473.47900,-2.28090,-4.24920,1.80650,0.1012,0.0343
2021-03-31,330.90700,213.87500,117.03200,73.52900,59.27800,-0.61400,140.14500,-23.11300,-24.19800,-47.31100,1.01100,-48.32200,-48.32200,-48.32200,5.25500,-23.11300,202.63800,202.63800,-0.24000,-0.24000,1.81100,0.53660,1.22150,35.36700,-6.98470,-6.98470,-14.29740,-14.60290,0.21120,0.81370,1.19520,75.29900,-12.28480,-372.62800,-3.08380,-5.69340,1.92050,0.09190,0.03410
2020-12-31,353.52500,227.38200,126.14300,64.72800,56.48100,0.26500,132.91900,-6.77610,-2.04300,-8.81900,1.10500,-9.92400,-9.92400,-9.92400,26.74090,-6.77610,188.21600,188.21600,-0.03000,-0.03000,1.67520,0.51130,1.28550,35.68150,-1.91670,-1.91670,-2.49460,-2.80720,0.20410,0.84430,1.10670,81.31960,-2.32800,-35.47340,-0.57280,-1.13770,2.11660,0.2711,0.207
2020-09-30,340.21100,231.93500,108.27600,65.63600,57.13700,-1.04500,135.19300,-26.91700,-7.62000,-34.53700,1.35900,-35.89600,-35.89600,-35.89600,3.43600,-26.91700,189.58900,189.58900,-0.19000,-0.19000,1.85070,0.59700,1.55270,31.82610,-7.91190,-7.91190,-10.15160,-10.55110,0.21650,0.84080,1.17190,76.80070,-10.27870,90.85530,-2.28420,-4.14220,1.81060,-0.1777,-0.2184
2020-06-30,331.58700,234.18000,97.40700,67.09000,61.91700,-3.34400,142.03300,-44.62600,-14.37400,-59.00000,2.63500,-61.63500,-61.63500,-61.63500,-11.41690,-44.62600,185.59600,185.59600,-0.33000,-0.33000,1.69450,0.60740,1.63120,29.37600,-13.45830,-13.45830,-17.79320,-18.58790,0.20780,0.81270,1.14690,78.47000,-18.68550,94.88440,-3.86220,-7.33590,1.76110,-0.1873,-0.2432
2020-03-31,330.27300,253.30700,76.96600,68.18000,66.30900,-9.22200,153.84600,-76.88000,-21.45200,-98.33200,0.93600,-99.26800,-99.26800,-99.26800,-45.70400,-76.88000,182.02400,182.02400,-0.55000,-0.55000,1.68060,0.58580,1.50220,23.30380,-23.27770,-23.27770,-29.77290,-30.05630,0.19810,0.79230,1.21300,74.19630,-27.44340,300.36600,-5.95440,-11.36580,1.97450,-0.50280,-0.54930
2019-12-31,384.56700,273.16100,111.40600,68.63200,67.99300,-11.01100,172.27680,-60.87080,-5.88600,-66.75700,-0.16300,-66.59400,-66.59400,-66.59400,-27.17280,-60.87080,178.98400,178.98400,-0.36000,-0.36000,1.31810,0.45760,0.92550,28.96920,-15.82840,-15.82840,-17.35900,-17.31660,0.23620,0.80240,1.09990,81.82720,-17.22850,197.84920,-4.08970,-9.34510,2.13400,-0.0618,-0.0774
2019-09-30,325.34100,238.51200,86.82900,71.74800,63.37700,-11.96200,156.11610,-69.28710,-13.93200,-83.21900,1.54800,-84.76700,-84.76700,-84.76700,-35.38710,-69.28710,179.98800,179.98800,-0.47000,-0.47000,1.47330,0.42870,0.76660,26.68860,-21.29680,-21.29680,-25.57900,-26.05480,0.21600,0.73420,1.14380,78.68770,-19.86580,-1055.50100,-5.62760,-11.34960,2.36270,-0.2018,-0.2665
2019-06-30,296.25000,234.99400,61.25600,73.93700,73.32300,-12.16400,169.64000,-108.38400,-3.88700,-112.27100,1.38500,-113.65600,-113.65600,-113.65600,-72.54900,-108.38400,178.67700,178.67700,-0.64000,-0.64000,1.54430,0.35680,0.55460,20.67710,-36.58530,-36.58530,-37.89740,-38.36490,0.19570,0.69360,1.13790,79.09430,-22.06610,-134.03140,-7.50690,-14.19360,2.87200,-0.3531,-0.4041
2019-03-31,292.70700,226.27500,66.43200,73.66000,73.08100,-7.13400,178.12000,-111.68800,-9.72000,-121.40800,0.19300,-121.60100,-121.60100,-121.60100,-76.13500,-111.68800,176.40600,176.40600,-0.69000,-0.69000,1.78140,0.31180,0.45320,22.69570,-38.15690,-38.15690,-41.47770,-41.54360,0.18590,0.68050,1.09580,82.13170,-19.69890,-67.62450,-7.72090,-13.55590,3.47940,-0.31830,-0.35570
2018-12-31,332.05810,247.55400,84.50410,78.80500,70.92100,-13.46300,198.72800,-114.22390,-19.23100,-133.45500,0.01200,-133.46700,-133.46700,-133.46700,-59.65990,-114.22400,157.74800,157.74800,-0.84000,-0.84000,1.90330,0.39550,0.65420,25.44860,-34.39880,-34.39880,-40.19030,-40.19390,0.18430,0.79370,1.04710,85.94990,-18.96320,-54.81840,-7.40960,-11.46340,4.01150,-0.4487,-0.5116
2018-09-30,200.41300,130.23400,70.17900,50.65800,40.95400,-2.06700,95.33700,-25.15800,-7.31700,-32.47500,0.13500,-32.61000,-32.61000,-32.61000,-6.38900,-25.15800,153.49200,153.49200,-0.21000,-0.21000,3.91970,0.27160,0.37280,35.01720,-12.55310,-12.55310,-16.20400,-16.27140,0.16070,0.61450,1.30220,69.11270,-4.63000,-7.13270,-2.61420,-3.37260,4.57380,-0.1327,-0.1674
2018-06-30,208.22700,123.92200,84.30500,56.15800,46.59900,,105.92400,-21.61900,-0.44300,-22.06200,-0.12400,-21.93800,-21.93800,-21.93800,-3.29100,-21.61900,152.25900,152.25900,-0.14000,-0.14000,2.22160,,,40.48710,-10.38240,-10.38240,-10.59520,-10.53560,0.22130,0.56500,1.40670,63.97990,-3.44170,-5.67680,-2.33140,-3.44170,4.16770,0.0472,-0.0408
2018-03-31,202.68100,120.51300,82.16800,58.68100,46.72100,,106.84600,-24.67800,-2.28000,-26.95800,-0.67800,-26.28000,-26.28000,-26.28000,-4.68400,-24.67800,150.33300,150.33300,-0.17000,-0.17000,1.72790,,0.22040,40.54060,-12.17580,-12.17580,-13.30070,-12.96620,0.17890,0.55820,1.25470,71.73190,-3.91530,-6.65840,-2.32020,-3.91530,4.44030,-0.09390,-0.14720
2017-12-31,195.81600,148.53000,47.28600,55.29200,39.91300,,117.79310,-70.50710,-4.44900,-74.95600,-0.97100,-73.98500,-73.98500,-73.98500,-50.95810,-70.50700,147.87800,147.87800,-0.50000,-0.50000,1.72930,,0.21780,24.14820,-36.00680,-36.00680,-38.27880,-37.78290,0.17520,0.69180,1.55220,57.98140,-11.11950,-19.59550,-6.61960,-11.11950,4.45150,-0.0077,-0.0625
2017-09-30,192.58000,124.75400,67.82600,56.61600,45.45800,,102.07400,-34.24800,-2.77200,-37.02000,0.21100,-37.23100,-37.23100,-37.23100,-14.86200,-34.24800,148.77700,148.77700,-0.25000,-0.25000,1.80180,,0.19400,35.21970,-17.78380,-17.78380,-19.22320,-19.33270,0.16170,0.51370,1.40430,64.08750,-5.08660,-8.56550,-3.12580,-5.08660,4.90230,-0.1405,-0.2125
2017-06-30,176.82100,111.98900,64.83200,57.37700,47.96000,,105.33700,-40.50500,-2.84600,-43.35100,-0.51200,-42.83900,-42.83900,-42.83900,-21.03400,-40.50500,147.53800,147.53800,-0.29000,-0.29000,1.79550,,0.18860,36.66530,-22.90730,-22.90730,-24.51690,-24.22730,0.14830,0.45530,1.42710,63.06530,-5.80800,-9.63400,-3.59200,-5.80800,4.97730,-0.0209,-0.1855
2017-03-31,175.52200,111.46600,64.05600,55.08300,46.80000,,101.88300,-37.82700,-2.78200,-40.60900,-0.15800,-40.45100,-40.45100,-40.45100,-18.89400,-37.82700,145.78600,145.78600,-0.28000,-0.28000,3.25250,0.15400,0.18210,36.49460,-21.55120,-21.55120,-23.13610,-23.04610,0.14870,0.47660,1.41180,63.74840,-5.40240,-8.69130,-3.42700,-4.57030,5.11050,0.02080,-0.08030
2016-12-31,181.04300,112.01100,69.03200,67.60200,39.23900,,114.90000,-45.86800,5.58900,-40.27900,-4.02600,-36.25300,-36.25300,-36.25300,-17.11100,-45.86800,142.98900,142.98900,-0.26000,-0.25000,3.37330,0.14910,0.17520,38.13020,-25.33540,-25.33540,-22.24830,-20.02450,0.15100,0.48080,1.20400,74.75190,-4.75560,-7.59870,-3.02470,-4.04650,5.25670,-0.0333,-0.1079
2016-09-30,185.45200,100.85000,84.60200,50.85500,44.60600,,95.46100,-10.85900,-2.85400,-13.71300,-2.41600,-11.29700,-11.29700,-11.17200,7.80300,-10.85900,143.85000,143.85000,-0.08000,-0.08000,3.35000,0.13940,0.16200,45.61940,-5.85540,-5.85540,-7.39440,-6.02420,0.15000,0.43560,1.21630,73.99240,-1.39760,-2.32230,-0.91370,-1.20280,5.59250,0.0399,-0.0291
2016-06-30,258.82200,135.07600,123.74600,59.54100,48.12300,,107.66400,16.08200,-3.29500,12.78700,1.47500,11.31200,11.31200,11.48300,34.09100,16.08200,142.39600,145.89100,0.08000,0.08000,3.11970,0.13500,0.15610,47.81120,6.21350,6.21350,4.94050,4.43660,0.20350,0.66780,1.33820,67.25570,1.37570,2.30780,0.88950,1.19000,5.74480,0.1939,0.1082
2016-03-31,244.81800,128.48000,116.33800,54.14500,47.32200,,101.46700,14.87100,-2.84700,12.02400,0.21600,11.80800,11.80800,12.01500,32.48700,14.87100,140.80500,146.88000,0.09000,0.08000,3.13010,0.13500,0.15610,47.52020,6.07430,6.07430,4.91140,4.90770,0.19690,0.67710,1.32830,67.75570,1.46500,2.56030,0.94970,1.26720,5.69920,0.06790,-0.00590
2015-12-31,260.03400,144.27000,115.76400,52.55900,49.41600,,101.97500,13.78900,-2.01300,11.77600,-0.39200,12.16800,12.16800,12.63100,30.39200,13.78900,133.25900,143.17100,0.09000,0.08000,2.80590,0.13700,0.15870,44.51880,5.30280,5.30280,4.52860,4.85740,0.21240,0.82580,1.39620,64.46030,1.56590,2.83520,0.99400,1.35140,5.54260,0.1913,0.0816
2015-09-30,232.47200,129.66700,102.80500,45.46600,43.07900,,88.54500,14.26000,-5.90100,8.35900,-0.15100,8.51000,8.51000,8.51000,26.46600,14.26000,134.83400,145.30000,0.06000,0.06000,3.22560,0.14060,0.16370,44.22250,6.13410,6.13410,3.59570,3.66070,0.20050,0.76330,1.64190,54.81410,1.13030,2.12370,0.73390,0.97130,5.38620,0.2066,0.1372
2015-06-30,207.34600,110.55000,96.79600,43.42100,36.84500,,80.26600,16.53000,2.38400,18.91400,1.00800,17.90600,17.90600,17.90600,25.92200,16.53000,130.34900,140.64200,0.14000,0.13000,4.54230,0.18320,0.22430,46.68330,7.97220,7.97220,9.12200,8.63580,0.24010,0.70330,1.89450,47.50670,3.31720,3.31720,2.07360,2.70950,4.11540,0.3878,0.327
2015-03-31,186.86200,98.75000,88.11200,39.25700,33.69800,,72.95500,15.15700,-2.17500,12.98200,0.61600,12.36600,12.36600,12.36600,24.93100,15.15700,127.84000,137.30400,0.10000,0.09000,4.27700,0.18980,0.23420,47.15350,8.11130,8.11130,6.94740,6.61770,0.22700,0.62820,1.42400,63.20260,2.43500,2.43500,1.50250,1.97290,3.93380,0.14450,0.09090
2014-12-31,186.30600,101.96300,84.34300,37.34900,34.12800,,71.47700,12.86590,-2.77300,10.09300,1.68300,8.41000,8.41000,8.41000,22.67290,12.86600,123.67200,128.56500,0.07000,0.07000,3.73920,0.19520,0.24260,45.27120,6.90580,6.90580,5.41740,4.51410,0.22780,0.69600,1.20510,74.68170,1.74520,1.74650,1.02810,1.40450,3.81980,0.146,0.0776
2014-09-30,173.55900,98.25700,75.30200,35.05100,32.77100,,67.82200,7.48000,-2.43200,5.04800,0.20500,4.84300,4.84300,4.84300,17.10500,7.48000,124.37800,128.96400,0.04000,0.04000,4.27500,0.19920,0.24870,43.38700,4.30980,4.30980,2.90850,2.79040,0.22800,0.75100,1.27540,70.56760,1.04840,1.04840,0.63630,0.83960,3.68780,0.1746,0.1419
2014-06-30,165.39900,95.14600,70.25300,31.73800,30.46300,,62.20100,8.05200,-2.65500,5.39700,0.61700,4.78000,4.78000,4.78000,17.54200,8.05200,123.12800,126.75800,0.04000,0.04000,4.57700,0.20450,0.25710,42.47490,4.86820,4.86820,3.26300,2.89000,0.23020,0.72710,1.37050,65.66990,1.08810,1.08810,0.66510,0.86560,3.55380,0.0863,0.0538
2014-03-31,142.81500,84.40900,58.40600,29.34600,30.11600,,59.46200,-1.05600,-3.07000,-4.12600,0.24800,-4.37400,-4.37400,-4.37400,8.10600,-1.05600,121.35200,121.35200,-0.04000,-0.04000,4.51960,0.20660,0.26050,40.89630,-0.73940,-0.73940,-2.88910,-3.06270,0.20490,0.66740,1.32970,67.68510,-1.02610,-1.02610,-0.62750,-0.81410,3.48020,-0.12720,-0.17340
2013-12-31,139.09200,83.18000,55.91200,30.85900,32.13400,,62.99300,-7.08100,-2.68300,-9.76400,0.41400,-10.17800,-10.17800,-10.17800,1.54600,-7.08100,117.42500,117.42500,-0.08000,-0.08000,3.82460,0.20720,0.26130,40.19790,-5.09090,-5.09090,-7.01980,-7.31750,0.19840,0.67250,1.38200,65.12140,-2.43600,-2.43600,-1.45210,-1.93140,3.48500,0.2242,0.154
2013-09-30,142.02000,73.64900,68.37100,32.52800,29.39800,,61.92600,6.44500,-2.79000,3.65500,0.30800,3.34700,3.34700,3.34700,14.74000,6.44500,118.74000,124.67900,0.03000,0.03000,4.60240,0.20410,0.25640,48.14180,4.53810,4.53810,2.57360,2.35670,0.21170,0.59630,1.61760,55.63750,0.79930,0.79930,0.49890,0.63620,3.50430,0.1043,0.0757
2013-06-30,138.38500,86.73100,51.65400,31.68100,28.58100,,60.26200,-8.60800,-0.80000,-9.40800,0.60100,-10.00900,-10.00900,-10.00900,-1.55500,-8.60800,116.91100,116.91100,-0.09000,-0.09000,4.50660,0.20920,0.26450,37.32630,-6.22030,-6.22030,-6.79840,-7.23270,0.21080,0.71490,1.41530,63.59220,-2.50760,-2.50760,-1.52490,-1.98300,3.38410,0.1574,0.12
2013-03-31,124.62500,81.92300,42.70200,29.72600,27.91800,,57.64400,-14.94200,-0.00600,-14.94800,0.33100,-15.27900,-15.27900,-15.27900,-8.29400,-14.94200,114.30800,114.30800,-0.13000,-0.13000,3.22350,,,34.26440,-11.98960,-11.98960,-11.99440,-12.26000,0.24400,0.62540,1.07960,83.36040,-4.33520,-4.33520,-2.99120,-4.33520,3.04830,-0.18630,-0.22950
2012-12-31,128.06400,84.79600,43.26800,26.66000,32.12100,,58.78100,-15.51300,0.07500,-15.43800,0.65000,-16.08800,-16.08800,-16.08800,-8.66800,-15.51300,110.73900,110.73900,-0.14000,-0.14000,2.98160,,,33.78620,-12.11340,-12.11340,-12.05490,-12.56250,0.24250,0.66350,1.16480,77.26850,-4.51740,-4.51740,-3.04600,-4.51740,3.16680,0.0713,0.0412
2012-09-30,112.21400,70.71400,41.50000,27.91200,31.79300,,59.70500,-18.20500,-0.44200,-18.64700,0.43400,-19.08100,-19.08100,-19.08100,-11.64300,-18.20500,111.57900,111.57900,-0.17000,-0.17000,3.53070,,,36.98290,-16.22350,-16.22350,-16.61740,-17.00410,0.22400,0.59690,1.18380,76.02450,-5.26370,-5.26370,-3.80840,-5.26370,3.23320,-0.2598,-0.28
2012-06-30,93.45800,61.08400,32.37400,31.67600,30.09700,,61.77300,-29.39900,0.37700,-29.02200,0.52700,-29.54900,-29.54900,-29.54900,-23.22300,-29.39900,110.40300,110.40300,-0.27000,-0.27000,3.76140,,,34.64020,-31.45690,-31.45690,-31.05350,-31.61740,0.19040,0.53060,1.61990,55.55740,-8.08870,-8.08870,-6.02110,-8.08870,3.29600,-0.2052,-0.2587
2012-03-31,104.70100,64.27400,40.42700,30.98500,29.32600,,60.31100,-19.88400,-0.14900,-20.03300,0.57900,-20.61200,-20.61200,-20.61200,-13.73800,-19.88400,108.66600,108.66600,-0.19000,-0.19000,3.57050,,,38.61190,-18.99120,-18.99120,-19.13350,-19.68650,0.20250,0.63250,1.58550,56.76570,-5.36960,-5.36960,-3.98630,-5.36960,3.50540,-0.05300,-0.17810
2011-12-31,112.00900,67.32500,44.68400,31.21800,32.45500,,63.54400,-18.86000,0.05600,-18.80400,0.54600,-19.35000,-19.35000,-19.35000,-13.43100,-18.86000,105.43200,105.43200,-0.18000,-0.18000,3.20790,,,39.89320,-16.83790,-16.83800,-16.78790,-17.27540,0.21070,0.75650,1.36660,65.85700,-4.98960,-4.98960,-3.63920,-4.98960,3.62510,-0.0479,-0.2046
2011-09-30,104.02200,63.37300,40.64900,31.69400,30.65700,,62.35100,-21.70200,0.39300,-21.30900,0.49700,-21.80600,-21.80600,-21.80600,-15.70900,-21.70200,106.26400,106.26400,-0.21000,-0.21000,3.92040,,,39.07730,-20.86290,-20.86290,-20.48510,-20.96290,0.20020,0.90150,1.48150,60.74840,-5.52570,-5.52570,-4.19680,-5.52570,3.69690,0.0387,-0.0138
2011-06-30,95.95600,58.54200,37.41400,32.89900,28.59200,,61.49100,-24.07700,0.24500,-23.83200,0.36200,-24.19400,-24.19400,-24.19400,-18.62700,-24.07700,105.16500,105.16500,-0.23000,-0.23000,4.14670,,,38.99080,-25.09170,-25.09170,-24.83640,-25.21360,0.18280,0.84380,1.27220,70.74150,-6.04320,-6.04320,-4.60930,-6.04320,3.78750,-0.0011,-0.0605
2011-03-31,92.89000,50.14600,42.74400,31.30900,27.44400,,58.75300,-16.00900,-0.09900,-16.10800,0.28600,-16.39400,-16.39400,-16.39400,-10.80700,-16.00900,103.42600,103.42600,-0.16000,-0.16000,4.61930,,,46.01570,-17.23440,-17.23440,-17.34090,-17.64880,0.17650,0.64020,1.48030,60.79970,-3.97780,-3.97780,-3.11480,-3.97780,3.96130,-0.00830,-0.10900
2010-12-31,117.13300,59.84200,57.29100,31.22600,28.84100,,60.06700,-2.77600,0.33300,-2.44300,0.29700,-2.74000,-2.74000,-2.74000,2.25700,-2.77600,99.38000,99.38000,-0.01000,-0.01000,3.84400,,,48.91110,-2.37000,-2.37000,-2.08570,-2.33920,0.21240,0.73070,1.45780,61.73830,-0.66710,-0.66710,-0.49680,-0.66710,4.00760,0.0836,0.0248
2010-09-30,130.06100,65.58900,64.47200,29.88600,30.45600,,60.34200,4.13000,0.45500,4.58500,0.22500,4.36000,4.36000,4.36000,9.23700,4.13000,99.97600,105.15900,0.04000,0.04000,3.98560,,,49.57060,3.17540,3.17540,3.52530,3.35230,0.24690,0.73950,1.93320,46.55590,1.09460,1.09460,0.82780,1.09460,3.94520,0.087,0.0373
2010-06-30,111.39800,64.08800,47.31000,28.92300,28.13000,,57.05100,-9.74100,0.11700,-9.62400,-0.06300,-9.56100,-9.56100,-9.56100,-5.02400,-9.74100,98.77700,98.77700,-0.10000,-0.10000,3.90130,,,42.46940,-8.74430,-8.74430,-8.63930,-8.58270,0.22130,0.76130,2.00290,44.93540,-2.57020,-2.57020,-1.89980,-2.57020,3.74870,0.1133,0.0652
2010-03-31,95.76000,58.64400,37.11600,28.48300,28.77400,,57.41800,-20.30200,0.16900,-20.13300,-0.14200,-19.99100,-19.99100,-19.99100,-15.77900,-20.30200,97.27600,97.27600,-0.21000,-0.21000,4.16770,,,38.75940,-21.20090,-21.20090,-21.02440,-20.87620,0.19660,0.81430,1.61260,55.81020,-5.45800,-5.45800,-4.10330,-5.45800,3.74530,0.02340,-0.02480
2009-12-31,90.18100,56.01400,34.16700,26.84300,26.73700,,53.79300,-19.62600,0.44400,-19.18200,-0.53100,-18.65100,-18.65100,-18.65100,-14.82800,-19.62600,95.46800,95.46800,-0.20000,-0.20000,4.02830,,,37.88710,-21.76290,-21.76290,-21.27060,-20.68170,0.18330,0.81330,1.28080,70.26870,-5.06120,-5.06120,-3.79130,-5.06120,3.80400,-0.0288,-0.069
2009-09-30,83.40800,55.70200,27.70600,23.61100,22.73700,,46.94900,-19.24300,1.15000,-18.09300,-1.56100,-16.53200,-16.53200,-16.53200,-14.88300,-19.24300,95.86400,95.86400,-0.17000,-0.17000,4.78560,,,33.21740,-23.07090,-23.07090,-21.69220,-19.82060,0.17420,0.76390,1.48340,60.67300,-4.41350,-4.42540,-3.45270,-4.41350,3.88420,-0.0849,-0.1138
2009-06-30,68.93200,48.67400,20.25800,24.80000,22.93600,,47.73600,-27.47800,0.47000,-27.00800,0.10300,-27.11100,-27.11100,-27.11100,-23.37700,-27.47800,95.16100,95.16100,-0.28000,-0.28000,4.04390,,,29.38840,-39.86250,-39.86250,-39.18060,-39.33010,0.14290,0.67110,1.26070,71.38820,-7.19310,-7.21500,-5.61910,-7.19310,3.94630,-0.1972,-0.2261
2009-03-31,66.58000,46.61000,19.97000,22.03400,21.25000,,43.28400,-23.31400,-0.89600,-24.21000,0.11800,-24.32800,-24.32800,-24.32800,-19.42200,-23.31400,94.27500,94.27500,-0.26000,-0.26000,4.81170,,,29.99400,-35.01650,-35.01650,-36.36230,-36.53950,0.13780,0.72280,1.45410,61.89560,-6.20160,-6.22080,-5.03560,-6.20160,4.12600,-0.03110,-0.09430
