Date,revenue,cost-goods-sold,gross-profit,selling-general-administrative-expenses,operating-expenses,operating-income,total-non-operating-income-expense,pre-tax-income,total-provision-income-taxes,income-after-taxes,income-from-continuous-operations,net-income,ebitda,ebit,basic-shares-outstanding,shares-outstanding,eps-basic-net-earnings-per-share,eps-earnings-per-share-diluted,current-ratio,long-term-debt-capital,debt-equity-ratio,gross-margin,operating-margin,ebit-margin,pre-tax-profit-margin,net-profit-margin,asset-turnover,inventory-turnover,receiveable-turnover,days-sales-in-receivables,roe,return-on-tangible-equity,roa,roi,book-value-per-share,operating-cash-flow-per-share,free-cash-flow-per-share
2023-09-30,31.90900,15.66300,16.24600,14.54900,14.54900,1.69700,-0.57700,1.12000,0.43100,0.68900,0.68900,0.68900,4.78600,1.69700,21.09500,21.71900,0.03000,0.03000,2.08190,0.38820,0.63450,50.91350,5.31830,5.31830,3.51000,2.15930,0.31260,2.57150,1.64010,54.87320,1.33870,1.71970,0.67500,0.81900,2.42960,0.1958,0.1833
2023-06-30,31.73500,15.29300,16.44200,15.19400,15.19400,1.24800,-0.61800,0.63000,0.19500,0.43500,0.43500,0.43500,4.40100,1.24800,20.95500,21.60000,0.02000,0.02000,2.22480,0.41980,0.72340,51.81030,3.93260,3.93260,1.98520,1.37070,0.30890,2.68020,1.68180,53.51510,0.87080,1.13570,0.42340,0.50530,2.37310,0.1137,0.0106
2023-03-31,30.37000,14.83000,15.54000,15.64700,15.64700,-0.10700,-0.51900,-0.62600,-0.30200,-0.32400,-0.32400,-0.32400,3.11400,-0.10700,20.85300,20.85300,-0.02000,-0.02000,2.00420,0.42990,0.75390,51.16890,-0.35230,-0.35230,-2.06120,-1.06680,0.29700,2.62760,1.66270,54.13040,-0.67130,-0.89100,-0.31680,-0.38280,2.30570,-0.00720,-0.15360
2022-12-31,28.83000,12.74600,16.08400,15.05500,15.05500,1.02900,-0.47900,0.55000,0.44300,0.10700,0.10700,0.10700,4.15100,1.02900,20.64900,21.54700,0.01090,0.01080,1.71280,0.40850,0.69070,55.78910,3.56920,3.56920,1.90770,0.37110,0.29010,2.64380,1.70890,52.66700,0.22290,0.29840,0.10770,0.13180,2.30980,0.2093,0.0694
2022-09-30,27.27900,11.06000,16.21900,15.27600,15.27600,0.94300,-0.39600,0.54700,0.10400,0.44300,0.44300,0.44300,4.40100,0.94300,20.68300,21.45200,0.02000,0.02000,1.85700,0.41890,0.72080,59.45600,3.45690,3.45690,2.00520,1.62400,0.27560,2.27530,1.69310,53.15740,0.92660,1.25520,0.44760,0.53850,2.31290,0.1424,-0.0112
2022-06-30,27.04200,12.14100,14.90100,14.69400,14.69400,0.20700,-0.34400,-0.13700,0.02700,-0.16400,-0.16400,-0.16400,3.62600,0.20700,20.58400,20.58400,-0.01000,-0.01000,1.59180,0.42010,0.72450,55.10320,0.76550,0.76550,-0.50660,-0.60650,0.27370,2.49000,1.70730,52.71470,-0.35270,-0.49280,-0.16600,-0.20450,2.24680,0.2634,0.1282
2022-03-31,26.76300,11.39600,15.36700,15.89200,15.89200,-0.52500,-0.30500,-0.83000,-0.46200,-0.36800,-0.36800,-0.36800,2.90900,-0.52500,20.60900,20.60900,-0.02000,-0.02000,1.66850,0.43040,0.75890,57.41880,-1.96170,-1.96170,-3.10130,-1.37500,0.27240,2.93860,1.63270,55.12390,-0.79910,-1.14560,-0.37460,-0.45520,2.24210,0.19790,0.09390
2021-12-31,26.51900,11.20600,15.31300,13.71100,13.71100,1.60200,-0.50400,1.09800,0.71100,0.38700,0.38700,0.38700,5.27700,1.60200,20.52000,22.05000,0.02000,0.01000,1.71100,0.40420,0.68560,57.74350,6.04100,6.04100,4.14040,1.45930,0.27180,2.84490,1.72150,52.28140,0.80170,1.15070,0.39660,0.47770,2.33200,0.121,-0.0934
2021-09-30,26.56600,11.30800,15.25800,15.60900,15.60900,-0.35100,-0.31400,-0.66500,-0.21700,-0.44800,-0.44800,-0.44800,3.40700,-0.35100,20.57800,20.57800,-0.02000,-0.02000,1.50960,0.39680,0.66510,57.43430,-1.32120,-1.32120,-2.50320,-1.68640,0.28030,3.05210,1.67660,53.67950,-0.96440,-1.45370,-0.47260,-0.58170,2.25430,0.3102,0.0907
2021-06-30,24.83400,9.78400,15.05000,14.35400,14.35400,0.69600,-0.35400,0.34200,-0.47800,0.82000,0.82000,0.82000,4.37300,0.69600,20.48800,22.06500,0.04000,0.04000,1.36760,0.41680,0.72620,60.60240,2.80260,2.80260,1.37710,3.30190,0.25870,2.62870,1.59960,56.26360,1.83450,2.93530,0.85420,1.06990,2.17350,0.2787,0.1804
2021-03-31,24.46300,9.88700,14.57600,13.70300,13.70300,0.87300,-0.39100,0.48200,-0.17900,0.66100,0.66100,0.66100,4.53900,0.87300,20.33800,21.93800,0.03000,0.03000,1.93180,0.42500,0.75480,59.58390,3.56870,3.56870,1.97030,2.70200,0.27000,3.06190,1.66490,54.05590,1.53900,2.08990,0.72970,0.88490,2.10570,0.12080,0.04800
2020-12-31,24.71100,9.71500,14.99600,13.96100,13.96100,1.03500,-0.24600,0.78900,-9.88100,10.67000,10.67000,10.67000,4.57200,1.03500,20.10700,21.71700,0.52000,0.49000,1.29460,0.41890,0.95210,60.68550,4.18840,4.18840,3.19290,43.17920,0.25480,3.23730,1.67870,53.61180,26.18280,36.07780,11.00100,15.21460,2.00770,0.349,0.2022
2020-09-30,25.12500,10.00300,15.12200,11.86900,11.86900,3.25300,-0.27500,2.97800,0.03800,2.94000,2.94000,2.94000,6.81700,3.25300,20.17900,21.66300,0.15000,0.14000,1.08740,0.47910,1.18390,60.18710,12.94730,12.94730,11.85270,11.70150,0.31290,2.51770,1.80410,49.88780,10.00370,17.14190,3.66090,5.21060,1.45220,0.3878,0.3671
2020-06-30,25.99900,10.02100,15.97800,11.47200,11.47200,4.50600,-0.34100,4.16500,0.02500,4.14000,4.14000,4.14000,8.04000,4.50600,20.08300,21.63600,0.21000,0.19000,1.13410,0.56000,1.55970,61.45620,17.33140,17.33140,16.01990,15.92370,0.30960,2.35120,1.56500,57.50880,15.80030,32.12040,4.93040,6.95280,1.30140,0.169,-0.0208
2020-03-31,21.55300,8.89000,12.66300,12.63000,12.63000,0.03300,-0.42200,-0.38900,0.02900,-0.41800,-0.41800,-0.41800,3.44000,0.03300,19.91800,19.91800,-0.02000,-0.02000,0.86240,0.59480,1.79930,58.75280,0.15310,0.15310,-1.80490,-1.93940,0.26070,2.10070,1.54120,58.39790,-1.89830,-5.47690,-0.50560,-0.76920,1.09960,0.02800,-0.17470
2019-12-31,21.71000,8.76300,12.94700,11.63600,11.63600,1.31100,-0.49400,0.81700,0.01200,0.80500,0.80500,0.80500,4.60800,1.31100,19.73100,20.83900,0.04000,0.05000,0.88360,0.57560,1.71830,59.63610,6.03870,6.03870,3.76320,3.70800,0.27400,3.02280,1.79470,50.14880,3.60440,11.71590,1.01610,1.52960,1.12330,0.2048,-0.0521
2019-09-30,21.48900,9.25100,12.23800,10.57500,10.57500,1.66300,-0.49900,1.16400,0.02900,1.13500,1.13500,1.13500,4.80100,1.66300,19.78200,20.67900,0.06000,0.05000,0.87060,0.58280,1.71970,56.95010,7.73880,7.73880,5.41670,5.28180,0.27590,3.34210,1.87480,48.00500,5.22580,21.91120,1.45710,2.18010,1.09480,0.2512,-0.1158
2019-06-30,19.72300,8.36700,11.35600,10.38500,10.38500,0.97100,-0.52700,0.44400,0.06300,0.38100,0.38100,0.38100,0.97100,0.97100,19.70800,20.58300,0.02000,0.02000,0.82940,0.57570,1.65720,57.57750,4.92320,4.92320,2.25120,1.93180,0.27260,3.05140,1.75820,51.19000,1.88130,14.45370,0.52650,0.79820,1.02700,0.145,-0.0322
2019-03-31,18.19300,7.85200,10.34100,10.76100,10.76100,-0.42000,-0.48100,-0.90100,0.05900,-0.96000,-0.96000,-0.96000,-0.42000,-0.42000,19.58000,19.58000,-0.05000,-0.05000,0.88760,0.58230,1.66420,56.84050,-2.30860,-2.30860,-4.95250,-5.27680,0.27050,3.07560,1.73680,51.81940,-4.86250,-95.71250,-1.42760,-2.03120,1.00200,0.06480,-0.07670
2018-12-31,17.56300,7.59000,9.97300,9.84700,9.84700,0.12600,-0.45700,-0.33100,-0.05600,-0.27500,-0.27500,-0.27500,0.12600,0.12600,21.41800,21.41800,-0.01000,-0.01000,1.18570,0.58520,1.65080,56.78420,0.71740,0.71740,-1.88460,-1.56580,0.27410,3.36730,1.83080,49.15850,-1.34530,-47.74320,-0.42920,-0.55800,1.04410,0.1347,0.0073
2018-09-30,16.67700,7.00300,9.67400,9.76900,9.76900,-0.09500,-0.37900,-0.47400,0.04500,-0.51900,-0.51900,-0.51900,-0.09500,-0.09500,20.67300,20.67300,-0.03000,-0.03000,1.17400,0.58170,1.62750,58.00800,-0.56960,-0.56960,-2.84220,-3.11210,0.26060,3.52800,1.66060,54.19860,-2.51860,131.39290,-0.81100,-1.05340,1.05330,0.1836,0.1234
2018-06-30,16.41500,6.72900,9.68600,9.89000,9.89000,-0.20400,-0.29500,-0.49900,0.00600,-0.50500,-0.50500,-0.50500,-0.20400,-0.20400,22.70300,22.70300,-0.02000,-0.02000,1.36090,0.42550,0.85100,59.00700,-1.24280,-1.24280,-3.03990,-3.07650,0.25840,3.37970,1.65940,54.23580,-1.70290,-6.73960,-0.79510,-0.97840,1.32070,0.1674,0.1295
2018-03-31,16.48300,6.24600,10.23700,9.64900,9.64900,0.58800,-0.32600,0.26200,0.05800,0.20400,0.20400,0.20400,0.58800,0.58800,22.79900,22.85700,0.01000,0.01000,1.44790,0.42110,0.83720,62.10640,3.56730,3.56730,1.58950,1.23760,0.25370,3.02760,1.48670,60.53690,0.65320,2.58060,0.31400,0.37810,1.37140,0.04610,0.03890
2017-12-31,18.89300,7.56300,11.33000,12.64100,12.64100,-1.31100,-0.31900,-1.63000,16.36400,-17.99400,-17.99400,-17.99400,-1.31100,-1.31100,22.74000,22.74000,-0.78000,-0.78000,1.41630,0.45060,0.93460,59.96930,-6.93910,-6.93910,-8.62750,-95.24160,0.27430,4.28740,1.67430,53.75320,-58.13330,-279.45350,-26.12330,-31.93940,1.35870,0.1591,0.1777
2017-09-30,17.58800,6.54700,11.04100,10.48100,10.48100,0.56000,-0.36200,0.19800,0.32700,-0.12900,-0.12900,-0.12900,0.56000,0.56000,22.75600,22.75600,-0.01000,-0.01000,1.48380,0.35330,0.61690,62.77580,3.18400,3.18400,1.12580,-0.73350,0.20610,3.49550,1.60310,56.14000,-0.26460,-0.59190,-0.15120,-0.17110,2.13980,0.1262,0.1243
2017-06-30,16.94200,6.60100,10.34100,11.43300,11.43300,-1.09200,-0.39900,-1.49100,-0.38500,-1.10600,-1.10600,-1.10600,-1.09200,-1.09200,22.74000,22.74000,-0.05000,-0.05000,1.35520,0.37290,0.66140,61.03770,-6.44550,-6.44550,-8.80060,-6.52820,0.19100,3.36440,1.46720,61.34050,-2.27110,-5.42020,-1.24680,-1.42420,2.14000,0.1177,0.1273
2017-03-31,17.65400,7.00500,10.64900,12.61800,12.61800,-1.96900,-0.36500,-2.33400,-0.85600,-1.47800,-1.47800,-1.47800,-1.96900,-1.96900,22.68100,22.68100,-0.07000,-0.07000,0.39170,0.04100,0.70930,60.32060,-11.15330,-11.15330,-13.22080,-8.37200,0.19210,3.28100,1.46150,61.57870,-2.97780,-7.38960,-1.60840,-2.85570,2.18770,-0.06360,-0.04110
2016-12-31,16.85400,6.20300,10.65100,11.10500,11.10500,-0.45400,-0.34300,-0.79700,-0.32500,-0.47200,-0.47200,-0.47200,-0.45400,-0.45400,22.61800,22.61800,-0.02000,-0.02000,1.26340,0.36510,0.73790,63.19570,-2.69370,-2.69370,-4.72880,-2.80050,0.17490,2.86380,1.45530,61.84230,-0.93120,-2.42670,-0.48990,-0.59120,2.23600,0.1873,0.3184
2016-09-30,17.22600,6.83700,10.38900,9.81300,9.81300,0.57600,-0.39000,0.18600,0.13000,0.05600,0.05600,0.05600,0.57600,0.57600,22.62000,22.99600,0.00000,0.00000,1.32110,0.38080,0.75790,60.31000,3.34380,3.34380,1.07980,0.32510,0.17740,3.31090,1.41010,63.82450,0.10980,0.29220,0.05770,0.06800,2.25210,0.0815,0.1184
2016-06-30,18.12300,6.98000,11.14300,10.70500,10.70500,0.43800,-0.32000,0.11800,-0.03500,0.15300,0.15300,0.15300,0.43800,0.43800,22.62000,23.11000,0.01000,0.01000,1.48260,0.39650,0.77360,61.48540,2.41680,2.41680,0.65110,0.84420,0.18440,3.33020,1.32530,67.91090,0.30030,0.80100,0.15570,0.18120,2.25230,0.0663,-0.062
2016-03-31,18.29400,5.73700,12.55700,12.14300,12.14300,0.41400,-0.28500,0.12900,0.08800,0.04100,0.04100,0.04100,0.41400,0.41400,22.54900,23.03900,0.00000,0.00000,1.28060,0.39030,0.74230,68.64000,2.26300,2.26300,0.70510,0.22410,0.18530,2.18800,1.40450,64.07840,0.08090,0.21770,0.04150,0.04930,2.24490,0.01460,-0.08910
2015-12-31,18.74200,5.55500,13.18700,10.69900,10.69900,2.48800,-0.26700,2.22100,0.69700,1.52400,1.52400,1.52400,2.48800,2.48800,22.41500,22.84300,0.07000,0.06000,1.24280,0.37180,0.69180,70.36070,13.27500,13.27500,11.85040,8.13150,0.19650,2.89930,1.48490,60.61150,3.02860,8.11240,1.59820,1.90260,2.23230,0.073,0.3696
2015-09-30,18.31100,5.43400,12.87700,10.54700,10.54700,2.33000,-0.38500,1.94500,0.80700,1.13800,1.13800,1.13800,2.33000,2.33000,22.44900,22.83800,0.05000,0.05000,1.32050,0.37950,0.71910,70.32380,12.72460,12.72460,10.62200,6.21480,0.19530,2.84950,1.34800,66.76640,2.32250,6.58870,1.21350,1.44110,2.18090,0.0699,0.1054
2015-06-30,16.93600,5.31600,11.62000,10.53700,10.53700,1.08300,-0.38700,0.69600,0.05400,0.64200,0.64200,0.64200,1.08300,1.08300,22.38100,22.82500,0.03000,0.03000,1.12630,0.37110,0.73200,68.61120,6.39470,6.39470,4.10960,3.79070,0.18450,2.80080,1.37650,65.38500,1.35140,3.70260,0.69950,0.84990,2.11770,0.2283,0.0098
2015-03-31,16.55200,4.63600,11.91600,10.53700,10.53700,1.37900,-2.25200,-0.87300,-0.35400,-0.51900,-0.51900,-0.51900,1.37900,1.37900,22.30900,22.30900,-0.02000,-0.02000,1.53760,0.37740,0.72570,71.99130,8.33130,8.33130,-5.27430,-3.13560,0.18920,2.34260,1.43960,62.51930,-1.12030,-2.53500,-0.59340,-0.69750,2.07650,-0.06240,-0.17680
2014-12-31,16.26000,4.63500,11.62500,8.85100,8.85100,2.77400,-0.79200,1.98200,0.94600,1.03600,1.03600,1.03600,2.77400,2.77400,22.15400,22.55200,0.04000,0.04000,1.04950,0.29060,0.54860,71.49450,17.06030,17.06030,12.18940,6.37150,0.20270,2.63650,1.57860,57.01110,2.23030,4.84590,1.29160,1.58210,2.08220,0.1349,0.254
2014-09-30,16.61300,4.88300,11.73000,9.28700,9.28700,2.44300,-0.74900,1.69400,0.84200,0.85200,0.85200,0.85200,2.44300,2.44300,22.20300,22.51100,0.04000,0.04000,1.47910,0.34290,0.61550,70.60740,14.70540,14.70540,10.19680,5.12850,0.20500,3.07300,1.44400,62.32770,1.88150,4.09200,1.05150,1.23630,2.03950,0.1062,0.0415
2014-06-30,16.37200,4.44900,11.92300,9.58500,9.58500,2.33800,-0.73600,1.60200,0.71600,0.88600,0.88600,0.88600,2.33800,2.33800,22.14600,22.39900,0.04000,0.04000,1.54590,0.33980,0.60190,72.82560,14.28050,14.28050,9.78500,5.41170,0.21060,2.99600,1.52040,59.19370,1.99730,4.41370,1.13980,1.31860,1.99800,0.1089,0.0803
2014-03-31,17.24200,5.16600,12.07600,10.30000,10.30000,1.77600,-0.84400,0.93200,0.34900,0.58300,0.58300,0.58300,1.77600,1.77600,21.97300,22.45600,0.03000,0.03000,1.31430,0.33480,0.62530,70.03830,10.30040,10.30040,5.40540,3.38130,0.22030,3.69530,1.42510,63.15450,1.34180,3.00920,0.74500,0.89260,1.97510,-0.02830,-0.02280
2013-12-31,17.17700,5.59100,11.58600,9.12600,9.12600,2.46000,-0.88900,1.57100,0.70700,0.86400,0.86400,0.86400,2.46000,2.46000,21.86800,22.07500,0.05000,0.05000,1.21790,0.33590,0.62560,67.45070,14.32150,14.32150,9.14600,5.03000,0.22200,4.53080,1.60580,56.04760,2.02230,4.65990,1.11670,1.34300,1.94550,0.1223,0.1071
2013-09-30,15.74000,4.40000,11.34000,9.41700,9.41700,1.92300,-0.84500,1.07800,0.42900,0.64900,0.64900,0.64900,1.92300,1.92300,21.89100,22.07600,0.03000,0.03000,1.36190,0.36940,0.66360,72.04580,12.21730,12.21730,6.84880,4.12330,0.20600,3.27620,1.69410,53.12520,1.55930,3.69910,0.84960,0.98330,1.88450,0.1144,0.1258
2013-06-30,14.66200,4.33200,10.33000,9.46900,9.46900,0.86100,-0.90000,-0.03900,-0.14400,0.10500,0.10500,0.10500,0.86100,0.86100,21.86100,22.01500,0.00000,0.00000,1.39850,0.38180,0.69420,70.45420,5.87230,5.87230,-0.26600,0.71610,0.19360,3.14140,1.55320,57.94570,0.25730,0.63300,0.13860,0.15910,1.86410,0.028,0.0208
2013-03-31,14.70100,4.27800,10.42300,9.77100,9.77100,0.65200,-0.56200,0.09000,0.03900,0.05100,0.05100,0.05100,0.65200,0.65200,21.80200,22.23800,0.00000,0.00000,1.28150,0.37770,0.70250,70.89990,4.43510,4.43510,0.61220,0.34690,0.19290,3.10450,1.53620,58.58790,0.12590,0.32590,0.06690,0.07830,1.84270,0.07340,0.04260
2012-12-31,16.23300,4.22900,12.00400,10.44100,10.44100,1.56300,-1.23100,0.33200,0.11100,0.22100,0.22100,0.22100,1.56300,1.56300,21.43000,21.43000,0.01000,0.01000,1.45470,0.40570,0.78140,73.94810,9.62850,9.62850,2.04520,1.36140,0.20940,3.15830,1.90730,47.18720,0.55230,1.52710,0.28510,0.32820,1.83520,-0.0129,-0.0962
2012-09-30,14.17500,3.97800,10.19700,9.27600,9.27600,0.92100,-1.10700,-0.18600,-0.21900,0.03300,0.03300,0.03300,0.92100,0.92100,21.60200,21.82700,0.00000,0.00000,0.43280,0.04670,0.65670,71.93650,6.49740,6.49740,-1.31220,0.23280,0.19150,1.04570,1.85730,48.45710,0.08390,0.25240,0.04460,0.08000,1.80580,0.16,0.1435
2012-06-30,14.07200,3.79800,10.27400,10.24500,10.24500,0.02900,-1.21500,-1.18600,-0.35800,-0.82800,-0.82800,-0.82800,0.02900,0.02900,21.19600,21.19600,-0.04000,-0.04000,0.98740,0.35430,0.70830,73.01020,0.20610,0.20610,-8.42810,-5.88400,0.18830,0.97760,1.81480,49.59210,-2.11220,-6.74430,-1.10810,-1.36380,1.84610,0.108,0.1436
2012-03-31,14.34800,3.91200,10.43600,10.94900,10.94900,-0.51300,-0.59900,-1.11200,-0.19700,-0.91500,-0.91500,-0.91500,-0.51300,-0.51300,21.13300,21.13300,-0.04000,-0.04000,1.13880,0.37290,0.75400,72.73490,-3.57540,-3.57540,-7.75020,-6.37720,0.18970,0.99850,1.72390,52.20730,-2.31430,-7.66330,-1.20980,-1.45130,1.87100,-0.00070,-0.05610
2011-12-31,14.04200,5.97000,8.07200,8.79000,8.79000,-0.71800,-0.53700,-1.24000,-0.48000,-0.76000,-0.76300,-0.76300,1.49900,-0.71800,21.05700,21.05700,-0.04000,-0.04000,0.85070,0.35960,0.72520,57.61290,-5.11320,-5.11320,-8.83070,-5.43370,0.18410,4.56070,1.88530,47.73680,-1.89970,-6.38810,-1.00050,-1.21660,1.90070,0.165,0.1243
2011-09-30,14.50500,5.27300,9.23200,31.72600,31.72600,-22.49400,-0.65900,-23.15300,-6.53000,-16.62300,-16.62300,-16.62300,-20.02900,-22.49400,21.06700,21.06700,-0.79000,-0.79000,1.14300,0.37200,0.75610,63.64700,-155.07750,-155.07750,-159.62080,-114.60190,0.18250,2.45260,1.81770,49.51400,-40.81170,-138.06480,-20.91210,-25.63700,,0.0365,-0.0068
2011-06-30,13.13300,4.14500,8.98800,52.38000,52.38000,-43.39200,-0.47900,-43.87100,-15.98500,-27.88600,-27.88600,-27.88600,-41.05900,-43.39200,21.05900,21.05900,-1.32000,-1.32000,0.99620,0.35960,0.72110,68.43830,-330.40430,-330.40430,-334.05160,-212.33530,0.17220,1.29130,1.76520,50.98610,-70.11470,221.84570,-36.56700,-44.46820,,0.0384,0.0409
2011-03-31,12.95700,3.90400,9.05300,8.82600,8.82600,0.22700,-0.54400,-0.31700,-0.14600,-0.17100,-0.17100,-0.17100,2.49200,0.22700,21.10200,21.10200,-0.01000,-0.01000,1.10920,0.23160,0.37090,69.86960,1.75200,1.75200,-2.44660,-1.31980,0.10050,2.51870,1.83790,48.96970,-0.20120,1.36580,-0.13260,-0.15460,,0.10060,-0.01500
2010-12-31,13.07500,4.08000,8.99500,11.40000,12.02000,-3.02500,-0.44000,-3.40000,-1.26000,-2.14000,-2.15800,-2.15800,-1.33500,-3.02500,20.26200,20.26200,-0.11000,-0.11000,1.23420,0.23830,0.37810,68.91010,-23.13580,-23.13580,-26.00380,-16.50480,0.10030,2.41420,1.96030,45.91210,-2.53430,17.68850,-1.65540,-1.93060,,0.175,0.1188
2010-09-30,12.73300,3.83000,8.90300,7.44000,8.06000,0.84300,-0.35000,0.46000,0.29000,0.17000,0.17400,0.17400,3.36300,0.84300,19.90500,21.64800,0.01000,0.01000,1.36700,0.24810,0.39250,69.81860,6.62060,6.62060,3.61270,1.36650,0.09790,2.64140,1.73470,51.88090,0.20410,-1.41230,0.13380,0.15350,,0.1971,0.1684
2010-06-30,10.48700,2.96000,7.52700,7.24000,7.77000,-0.24300,-0.32000,-0.57000,-0.71000,0.14000,0.13500,0.13500,2.33700,-0.24300,19.79900,20.81200,0.01000,0.01000,1.31740,0.25700,0.40520,71.70780,-2.31710,-2.31710,-5.43530,1.28730,0.08100,1.79390,1.40770,63.93630,0.15970,-0.97330,0.10430,0.11870,,0.0842,0.0767
2010-03-31,10.93400,2.81000,8.12400,6.14000,6.62000,1.50400,-1.18000,0.29000,0.31000,-0.02000,-0.01200,-0.01200,3.30400,1.50400,18.90400,18.90400,0.00000,0.00000,1.53940,0.17490,0.28420,74.26380,13.75530,13.75530,2.65230,-0.10970,0.09520,4.32310,1.67960,53.58520,-0.01440,0.57970,-0.01040,-0.01180,,0.07720,0.04920
2009-12-31,10.66200,-2.11000,12.77200,-5.39000,-5.84000,18.61200,3.61000,22.25000,-0.14000,22.39000,0.96600,0.96600,18.61200,18.61200,18.69800,18.95700,0.05000,0.05000,,,,119.86490,174.56390,174.56390,208.68510,9.06020,,,,,,,,,,0,0
2009-09-30,9.90200,,9.90200,,,9.90200,,9.90000,0.00000,9.90000,-0.44500,-0.44500,9.90200,9.90200,18.64600,18.64600,-0.02000,-0.02000,,,,99.97980,100.00000,100.00000,99.97980,-4.49400,,,,,,,,,,0,0
2009-06-30,9.17300,,9.17300,,,9.17300,,9.17000,0.00000,9.17000,2.76000,2.76000,7.70300,9.17300,18.56700,18.94400,0.15000,0.15000,,,,99.96730,100.00000,100.00000,99.96730,30.08830,,,,,,,,,,-0.068,-0.0367
2009-03-31,9.22700,2.11000,7.11700,5.39000,5.84000,1.27700,-3.61000,-2.36000,0.14000,-2.50000,-2.50700,-2.50700,2.74700,1.27700,18.53200,18.53200,-0.14000,-0.14000,1.06600,0.21390,0.38310,77.05650,13.83980,13.83980,-25.57710,-27.17030,0.07940,4.90700,1.99290,45.16090,-3.22060,27.82460,-2.15600,-2.53180,,0.06800,0.03670
