Date,revenue,cost-goods-sold,gross-profit,selling-general-administrative-expenses,operating-expenses,operating-income,total-non-operating-income-expense,pre-tax-income,total-provision-income-taxes,income-after-taxes,income-from-continuous-operations,income-from-discontinued-operations,net-income,basic-shares-outstanding,shares-outstanding,eps-basic-net-earnings-per-share,eps-earnings-per-share-diluted,long-term-debt-capital,debt-equity-ratio,pre-tax-profit-margin,net-profit-margin,asset-turnover,roe,return-on-tangible-equity,roa,roi,book-value-per-share,operating-cash-flow-per-share,free-cash-flow-per-share
2023-09-30,1974.35800,,1974.35800,3239.07800,,-1264.72100,,3119.35400,889.22280,2230.13200,2230.13200,,2157.20900,3557.90000,3557.90000,0.60950,0.60950,0.70690,5.01810,50.64500,35.02390,0.00550,,3.98780,0.20060,1.14320,16.32410,0,0
2023-06-30,,,,,,,,,,,,,,,,,0.00000,,,,,,,,,,,,
2023-03-31,1669.13700,,1669.13700,3459.56800,,-1790.43100,,2516.05000,767.48100,1748.56900,1748.56900,,1707.77900,3619.10000,3619.10000,0.47230,0.47230,0.67380,4.57240,43.28720,29.38140,0.00530,,3.18380,0.15940,1.01660,15.50670,0.00000,
2022-03-31,1328.68500,,1328.68500,4412.49100,,-3083.80600,,749.62960,217.70680,531.92280,531.92280,,481.42380,3770.40000,3770.40000,0.12340,0.12340,0.64700,3.97340,18.49390,11.87710,0.00360,,0.89540,0.04700,0.30940,16.11200,0.00000,
2021-09-30,1485.79200,,1485.79200,3166.15200,,-1680.36000,-45.98880,2268.78100,614.36320,1654.41700,1654.41700,,1611.96600,3903.50000,3903.50000,0.41300,0.41300,0.62140,3.56870,41.39420,29.41050,0.00470,,2.54450,0.14190,0.94210,17.03250,0,0
2021-03-31,1433.45800,,1433.45800,3904.93800,,-2471.48000,,1763.79300,529.25840,1234.53400,1234.53400,,1211.62800,3900.40000,3900.40000,0.31350,0.31350,0.61660,3.51040,31.11440,21.37390,0.00480,,1.87470,0.10440,0.70130,17.29050,0.00000,
2020-09-30,1118.73300,,1118.73300,3602.85800,,-2484.12500,,1407.47600,454.74100,952.73500,952.73500,,921.17200,3940.00000,3940.00000,0.23380,0.23380,0.63470,3.63470,31.54310,20.64450,0.00400,,1.51450,0.08520,0.53900,16.57180,0,0
2020-03-31,1113.12900,,1113.12900,3854.58100,,-2741.45200,,1121.95400,362.95280,759.00160,759.00160,,739.14400,3941.26100,3941.26100,0.18750,0.18750,0.69250,4.26970,26.42250,17.40710,0.00410,,1.28900,0.07280,0.38270,15.66370,0.00000,
2019-09-30,1219.86400,,1219.86400,3020.19200,,-1800.32800,,2125.03200,603.81600,1521.21600,1521.21600,,1494.52800,3840.00000,3840.00000,0.38920,0.38920,0.68790,4.29670,43.93100,30.89660,0.00470,,2.60720,0.14830,0.78470,15.55090,0,0
2019-03-31,5197.42100,,5197.42100,3400.58500,,1796.83600,,1796.83600,503.15940,1293.67600,1293.67600,,1270.96000,3891.60000,3891.60000,0.32940,0.32940,0.69230,4.31740,36.20970,25.61230,0.00480,,2.20040,0.12590,0.65370,15.64030,0.00000,
2018-06-30,5346.42600,,5346.42600,2936.18100,,2410.24500,,2411.43700,664.27820,1747.15900,1720.92200,,1704.22500,3864.45700,3864.45700,0.44100,0.44100,0.69600,4.79520,46.29120,32.71520,0.00480,2.84510,2.94900,0.15930,0.86500,,1.077,1.0375
2017-06-30,4983.64700,,4983.64700,2793.74600,,2189.90100,,2191.00100,621.44350,1569.55700,1543.16000,,1507.96300,3884.00000,3884.00000,0.38000,0.38000,0.67210,4.52500,46.30410,31.86890,0.00500,2.90540,2.99790,0.16320,0.95270,13.67270,-3.3543,-3.3543
2016-06-30,5136.29100,,5136.29100,2866.92500,,2269.36600,,2269.36600,642.74240,1626.62400,1600.64300,-72.29440,1462.83200,3872.70000,3875.30000,0.37280,0.37280,0.70600,6.06450,47.38210,30.54250,0.00480,2.85080,2.94570,0.16000,0.83800,,-1.7351,-1.6547
2015-12-31,4115.21800,,4115.21800,-301.40890,,4416.62700,,1032.99400,417.95600,615.03830,365.16260,-865.06340,-225.63210,3855.15500,3855.15500,-0.06350,-0.06350,0.72670,5.98410,31.43750,-6.86670,0.00350,0.72100,0.74670,0.03920,0.19700,13.08600,-0.3154,-0.3958
2015-09-30,4353.60400,,4353.60400,2811.54000,,1542.06300,,1542.06400,417.22500,1124.83900,1099.24900,84.55760,1183.80600,3868.00000,3873.70000,0.31150,0.31150,0.72900,6.26670,37.95180,29.13470,0.00420,2.11830,2.19090,0.11460,0.57400,13.41590,4.1983,4.1983
2015-06-30,5030.99800,,5030.99800,2863.95200,,2167.04600,,2167.04600,498.89620,1668.15000,1539.83000,-36.50460,1503.32600,3863.30000,3869.80000,0.38700,0.38700,0.73330,6.09900,46.69850,32.39570,0.00490,2.94020,3.04400,0.16090,0.78430,13.53950,-0.8364,-0.8364
2015-03-31,4879.52000,,4879.52000,3004.59000,,1861.39000,,1874.77000,518.07000,1356.70000,1680.53600,310.66800,1991.20400,3845.65000,3845.65000,0.52000,0.52000,0.66820,2.85610,38.30720,40.68630,0.00410,2.25690,2.31480,0.14130,0.74880,,0.00000,
2014-12-31,4251.04100,-683.14000,4934.18100,-3587.97000,-3514.02000,8448.20100,,188.76000,72.64000,116.12000,602.11800,728.87900,1330.99700,3856.20000,3856.20000,0.35000,0.35000,0.69800,3.19140,-3.62240,-25.54250,-0.00400,0.82840,0.85420,0.04590,0.25020,,4.1432,4.0329
2014-09-30,4934.63500,,4934.63500,3233.65000,,1675.77500,,1971.77000,463.08000,1508.69000,1161.68000,0.00000,1161.68000,3872.26600,3872.26600,0.30000,0.30000,0.70780,3.32130,37.68700,22.20350,0.00400,1.58730,1.63640,0.08830,0.46380,,0,0
2014-06-30,8967.08100,683.14000,8283.94100,6275.98000,6275.98000,2007.96100,,2222.31000,581.64000,1640.67000,1429.53500,0.00000,1429.53500,3810.71400,3810.71400,0.38000,0.38000,0.79350,5.88250,25.76330,16.57270,0.00650,,2.17440,0.10740,0.43250,,0,0
2014-03-31,11686.05000,,11686.05000,8016.05000,,3652.19000,,1896.77000,505.71000,1391.06000,-2746.63300,80.66100,-2665.97200,3834.00000,3834.00000,-0.70000,-0.70000,0.76660,3.92540,16.23110,-22.81330,0.00900,,-4.46630,-0.21130,-1.00170,,0.00000,
2013-12-31,14687.63000,-182.55000,14870.18000,6364.27900,6421.08900,8449.09000,,3015.95000,614.97000,2400.98000,446.62600,289.55600,736.18200,3850.00000,3850.00000,0.19000,0.19000,0.71930,3.52190,104.60530,25.53380,0.00200,0.67450,0.70030,0.03120,0.18930,,-2.9043,-3.0171
2013-09-30,8087.29100,,8087.29100,6210.19000,,1825.44100,,1614.80000,409.33000,1205.47000,1121.31800,-984.70400,136.61400,3807.60000,3807.60000,0.04000,0.04000,0.74040,3.42720,19.96710,1.68920,0.00540,,1.57120,0.07480,0.39410,,0,0
2013-06-30,6560.20000,91.41000,6468.79000,4562.81000,4596.76000,1872.03000,,1681.99000,481.87000,1200.12000,1181.67900,-135.42900,1046.25100,3813.90000,3818.80000,0.28000,0.28000,0.74160,3.49780,13.56500,8.43780,0.00830,,1.69870,0.07910,0.41740,,0,0
2013-03-31,13189.15000,91.14000,13098.01000,11536.74000,11588.25000,1509.76000,,1541.49000,451.74000,1089.75000,2172.80200,204.23500,2377.03700,3838.29800,3838.29800,0.62000,0.62000,0.74530,2.92680,11.03860,17.02190,0.00900,,2.98370,0.13930,0.72450,,0.00000,
2012-12-31,12361.99000,,12361.99000,,,12361.99000,,12361.99000,,12361.99000,1743.95100,100.31600,1844.27000,3773.68400,3773.68400,0.49000,0.49000,0.73080,3.92960,100.00000,14.91890,0.00830,2.56610,2.70100,0.11670,0.69090,,-3.1559,-3.2758
2012-09-30,12225.64000,107.62000,12118.02000,10484.22000,10548.04000,1569.97900,,1332.74000,390.43000,942.31000,524.49900,252.67900,777.17800,3806.25000,3806.25000,0.20000,0.20000,0.76670,3.28590,11.11340,6.48070,0.00770,,0.77340,0.03360,0.17190,,5.3096,5.3096
2012-06-30,14087.81000,,14087.81000,,,14087.81000,,14087.81000,,14087.81000,1315.11000,137.71400,1452.82500,3777.41900,3777.41900,0.39000,0.39000,0.78910,3.74100,100.00000,10.31260,0.00890,2.05190,2.17990,0.08310,0.43280,,-5.3096,-5.3096
2012-03-31,15215.76000,178.29000,15037.47000,13593.75000,13684.20000,1353.27000,,1452.58000,471.96000,980.62000,885.70000,0.00000,885.70000,3776.97200,3776.97200,0.23000,0.23000,0.78730,3.70050,9.47980,5.78020,0.00940,,1.41050,0.05440,0.27940,,0.00000,
2011-12-31,16884.29000,71486.67000,-54602.38000,21073.10000,21389.56000,-75991.95000,,-1506.56100,-553.41000,-953.15110,1537.42200,38.53500,1575.95700,3825.13800,3825.13800,0.41000,0.41000,0.78460,3.64280,-1.99260,2.08440,0.04260,2.38780,2.58690,0.08670,0.51430,,3.3451,3.1879
2011-09-30,20938.34000,174.16000,20764.18000,18893.68000,18998.46000,1765.72100,,2298.16000,470.11000,1828.05000,2318.53100,17.95200,2336.48300,3760.00000,3760.00000,0.62000,0.62000,0.78110,3.56790,10.69870,10.87710,0.01180,3.39170,4.22670,0.12770,0.74250,,6.7262,6.7262
2011-06-30,18454.15000,172.66000,18281.49000,15645.15000,15645.15000,2636.34000,,2844.70000,627.36000,2217.34000,2090.24000,54.07000,2144.31000,3767.23500,3767.23500,0.57000,0.57000,0.80430,4.10920,15.17960,11.44230,0.01050,37.90880,3.61860,0.11710,0.64440,,-6.7262,-6.7262
2011-03-31,19054.65000,213.26000,18841.39000,15940.38000,16047.01000,2794.38100,,2947.46000,861.27000,2086.19000,2045.71700,0.00000,2045.71700,3782.00000,3782.00000,0.54000,0.54000,0.78790,3.71510,14.97640,10.39450,0.01170,3.26680,4.25590,0.12170,0.69280,,0.00000,
2010-12-31,76745.58000,57188.36000,19557.22000,18073.43000,19232.00000,325.21880,,278.81000,-27.35000,306.16000,584.47200,0.00000,584.47200,3936.36400,3936.36400,0.15000,0.15000,0.79530,3.88610,0.43070,0.90280,0.03920,1.01490,1.15830,0.03540,0.20770,,-1.6108,-1.7562
2010-09-30,16435.86000,192.23000,16243.63000,14168.97000,14314.76000,1928.87000,,1975.29000,587.04000,1388.25000,515.09600,0.00000,515.09600,3710.00000,3710.00000,0.14000,0.14000,0.77980,3.54120,11.96930,3.12120,0.01010,,0.94440,0.03170,0.18520,,-1.9607,-1.9607
2010-06-30,19470.73000,16501.23000,2969.50000,17372.74000,17545.00000,-14575.50000,,756.66000,59.97000,696.68990,1533.87200,0.00000,1533.87200,3783.00000,3783.00000,0.41000,0.41000,0.78780,3.71250,2.17410,4.40730,0.02150,2.74800,3.87080,0.09480,0.58310,,1.9607,1.9607
2010-03-31,19449.74000,218.98000,19230.76000,17086.60000,17086.60000,2144.16000,,2144.14000,708.24000,1435.90000,1685.22700,0.00000,1685.22700,3788.57100,3788.57100,0.45000,0.45000,0.78890,3.73790,11.01150,8.65470,0.01140,2.74890,3.78680,0.09840,0.58020,,0.00000,
2009-12-31,84841.85000,66847.23000,17994.63000,20257.22000,20982.65000,-2988.02300,,-3229.76000,-847.41000,-2382.35000,-1051.62400,0.00000,-1051.62400,2157.57600,2157.57600,-0.49000,-0.49000,0.80920,4.24220,-3.49890,-1.13930,0.05710,,-2.50520,-0.06500,-0.39820,,-2.05,-2.4107
2009-09-30,17074.65000,231.53000,16843.12000,15858.40000,15858.40000,984.71970,,1230.54000,130.05000,1100.49000,747.60200,0.00000,747.60200,2028.00000,2028.00000,0.37000,0.37000,0.80690,4.17840,7.10450,4.31630,0.01020,,1.71740,0.04400,0.27660,,-15.6606,-15.6606
2009-06-30,13953.35000,241.09000,13712.26000,13607.37000,13607.37000,104.88960,,100.79000,-96.70000,197.49000,100.45900,0.00000,100.45900,2391.88100,2391.88100,0.04000,0.04000,0.82710,4.78220,0.72230,0.72000,0.00860,,0.34960,0.00620,0.03820,,14.426,14.5364
2009-03-31,19498.36000,27779.30000,-8280.94100,20262.22000,20328.92000,-28609.86000,,-1143.19000,-78.48000,-1064.71000,-1037.24400,0.00000,-1037.24400,2026.00000,2063.00000,-0.51000,-0.50000,0.83490,5.05720,-2.43410,-2.20850,0.02820,-2.59940,-4.41620,-0.06240,-0.42910,,-14.42600,-14.53640
