Date,revenue,cost-goods-sold,gross-profit,research-development-expenses,selling-general-administrative-expenses,operating-expenses,operating-income,total-non-operating-income-expense,pre-tax-income,total-provision-income-taxes,income-after-taxes,income-from-continuous-operations,net-income,ebitda,ebit,basic-shares-outstanding,shares-outstanding,eps-basic-net-earnings-per-share,eps-earnings-per-share-diluted,current-ratio,long-term-debt-capital,debt-equity-ratio,gross-margin,operating-margin,ebit-margin,pre-tax-profit-margin,net-profit-margin,asset-turnover,inventory-turnover,receiveable-turnover,days-sales-in-receivables,roe,return-on-tangible-equity,roa,roi,book-value-per-share,operating-cash-flow-per-share,free-cash-flow-per-share
2023-12-31,192.50800,28.05400,164.45400,31.05200,124.10500,155.15700,9.29700,5.94300,15.24000,0.47700,14.76300,14.76300,14.76300,7.64500,9.29700,29.30220,29.30220,0.51000,0.51000,7.60180,,,85.42710,4.82940,4.82940,7.91660,7.66880,0.28440,0.82790,2.14170,42.02190,2.57860,2.57860,2.18130,2.57860,19.36790,0.5898,0.3145
2023-09-30,153.30200,24.38200,128.92000,29.14400,113.24700,142.39100,-13.47100,5.27100,-8.20000,0.34000,-8.54000,-8.54000,-8.54000,-12.69400,-13.47100,29.36600,29.36600,-0.29000,-0.29000,8.13760,,,84.09540,-8.78720,-8.78720,-5.34890,-5.57070,0.23970,0.93360,2.14530,41.95250,-1.56930,-1.56930,-1.33540,-1.56930,18.50760,0.1233,-0.1133
2023-06-30,151.09200,24.25200,126.84000,30.82100,112.61800,143.43900,-16.59900,4.86100,-11.73800,0.21400,-11.95200,-11.95200,-11.95200,-15.94000,-16.59900,29.22990,29.22990,-0.41000,-0.41000,8.39860,,,83.94890,-10.98600,-10.98600,-7.76880,-7.91040,0.24440,1.16370,2.37940,37.82460,-2.25780,-2.25780,-1.93320,-2.25780,18.05080,0.1744,0.0089
2023-03-31,127.89700,19.88800,108.00900,25.51900,101.98800,127.50700,-19.49800,4.29000,-15.20800,0.21600,-15.42400,-15.42400,-15.42400,-18.90500,-19.49800,29.09000,29.09000,-0.53000,-0.53000,8.91260,,,84.45000,-15.24510,-15.24510,-11.89080,-12.05970,0.22370,1.26970,2.14000,42.05680,-3.05640,-3.05640,-2.69720,-3.05640,17.30440,-0.04620,-0.17520
2022-12-31,137.90000,22.15200,115.74800,21.24800,94.83500,116.08300,-0.33500,3.61000,3.27500,0.12500,3.15000,3.15000,3.15000,0.23000,-0.33500,28.07180,28.07180,0.14000,0.14000,8.66260,,,83.93620,-0.24300,-0.24290,2.37490,2.28430,0.24410,1.86370,2.25220,39.96030,0.63510,0.63510,0.55760,0.63510,17.09900,0.6849,0.5786
2022-09-30,109.18800,19.78600,89.40200,20.99300,85.60300,106.59600,-17.19400,0.59300,-16.60100,0.24600,-16.84700,-16.84700,-16.84700,-16.68100,-17.19400,28.22640,28.22640,-0.60000,-0.60000,10.05340,,,81.87900,-15.74710,-15.74710,-15.20410,-15.42940,0.20700,1.30640,2.25140,39.97530,-3.58290,-3.58290,-3.19360,-3.58290,16.31460,0.4049,0.2827
2022-06-30,91.38600,14.17300,77.21300,14.53400,76.68600,91.22000,-14.00700,-0.34100,-14.34800,0.14200,-14.49000,-14.49000,-14.49000,-13.59000,-14.00700,27.59490,27.59490,-0.53000,-0.53000,5.61610,0.04140,0.09710,84.49110,-15.32730,-15.32730,-15.70040,-15.85580,0.31300,0.64840,2.26320,39.76760,-6.38370,-6.38370,-4.96230,-6.11960,8.21390,-0.2144,-0.2658
2022-03-31,69.38200,10.00400,59.37800,11.87000,63.56400,75.43400,-16.05600,-0.53800,-16.59400,0.10000,-16.69400,-16.69400,-16.69400,-15.69700,-16.05600,27.51730,27.51730,-0.61000,-0.61000,6.08040,0.05380,0.11130,85.58130,-23.14150,-23.14150,-23.91690,-24.06100,0.23950,0.45070,2.00850,44.80930,-7.41770,-7.41770,-5.76210,-7.01860,8.16360,-0.46330,-0.50740
2021-12-31,78.39800,11.15600,67.24200,10.29400,58.76900,69.06300,-1.82100,-0.55000,-2.37100,0.02000,-2.39100,-2.39100,-2.39100,-1.46300,-1.82100,27.26300,27.26300,-0.08000,-0.08000,6.50100,0.06450,0.10910,85.77010,-2.32280,-2.32280,-3.02430,-3.04980,0.26570,0.64740,2.29370,39.23710,-1.04390,-1.04390,-0.81030,-0.97650,8.35450,0.0258,0.0061
2021-09-30,61.68500,8.62400,53.06100,9.61400,53.24300,62.85700,-9.79600,-0.54800,-10.34400,0.00300,-10.34700,-10.34700,-10.34700,-9.46000,-9.79600,27.30040,27.30040,-0.38000,-0.38000,7.60610,0.07860,0.11310,86.01930,-15.88070,-15.88070,-16.76910,-16.77390,0.22120,0.55370,2.31250,38.91950,-4.69680,-4.69680,-3.71000,-4.32750,8.05460,-0.0104,-0.0523
2021-06-30,52.95900,7.51800,45.44100,9.28800,48.69700,57.98500,-12.54400,-0.51800,-13.06200,0.02600,-13.08800,-13.08800,-13.08800,-12.32800,-12.54400,27.23000,27.23000,-0.48000,-0.48000,10.24620,0.09020,0.11310,85.80410,-23.68620,-23.68620,-24.66440,-24.71350,0.19460,0.56540,2.12570,42.33960,-5.95140,-5.95140,-4.80810,-5.41460,8.06610,-0.3702,-0.4312
2021-03-31,40.35200,5.98100,34.37100,8.15400,41.90600,50.06000,-15.68900,-0.50400,-16.19300,0.02300,-16.21600,-16.21600,-16.21600,-15.36700,-15.68900,27.14440,27.14440,-0.60000,-0.60000,13.42730,0.10000,0.11120,85.17790,-38.88040,-38.88040,-40.12940,-40.18640,0.14760,0.52530,1.86420,48.27870,-7.26750,-7.26750,-5.93100,-6.54040,8.20240,-0.38320,-0.43180
2020-12-31,46.00900,7.16100,38.84800,7.28500,38.62500,45.91000,-7.06200,-0.39400,-7.45600,0.02800,-7.48400,-7.48400,-7.48400,-6.90900,-7.06200,26.07340,26.07340,-0.25000,-0.25000,13.02140,0.09720,0.10770,84.43570,-15.34910,-15.34910,-16.20550,-16.26640,0.16360,0.84460,1.83570,49.02670,-3.25750,-3.25750,-2.66160,-2.94070,8.48750,-0.2109,-0.2361
2020-09-30,35.84200,5.21100,30.63100,7.30700,33.21600,40.52300,-9.89200,-0.40600,-10.29800,0.08700,-10.38500,-10.38500,-10.38500,-9.60200,-9.89200,26.83560,26.83560,-0.39000,-0.39000,14.66770,0.09740,0.10790,85.46120,-27.59890,-27.59890,-28.73170,-28.97440,0.13190,0.58120,1.69860,52.98510,-4.53840,-4.53840,-3.82100,-4.09650,8.49980,-0.301,-0.3458
2020-06-30,12.18300,1.95400,10.22900,6.06200,26.98100,33.04300,-22.81400,-0.27500,-23.08900,,-23.08900,-23.08900,-23.08900,-22.57800,-22.81400,26.28900,26.28900,-0.88000,-0.88000,20.48060,0.09540,0.10540,83.96130,-187.26100,-187.26100,-189.51820,-189.51820,0.04490,0.19610,1.19030,75.60950,-9.88420,-9.88420,-8.51030,-8.94140,8.73220,-0.9111,-0.9248
2020-03-31,21.34700,3.29700,18.05000,5.43800,29.05200,34.49000,-16.44000,0.19500,-16.24500,,-16.24500,-16.24500,-16.24500,-16.27900,-16.44000,24.16600,24.16600,-0.67000,-0.67000,11.33130,0.16170,0.19290,84.55520,-77.01320,-77.01320,-76.09970,-76.09970,0.12880,0.45510,1.93500,46.51150,-12.75090,-12.75090,-9.80170,-10.68900,5.22960,-0.61140,-0.62190
2019-12-31,26.90600,4.23900,22.66700,3.76700,28.19300,31.96000,-9.29300,0.25300,-9.04000,,-9.08000,-9.08000,-9.08000,-9.22300,-9.29300,23.80450,23.80450,-0.39000,-0.39000,10.12320,0.14920,0.17540,84.24510,-34.53870,-34.53870,-33.59850,-33.74710,0.14840,0.72660,2.04900,43.92290,-6.49340,-6.49340,-5.00960,-5.52460,5.80060,-0.2616,-0.2807
2019-09-30,20.86200,3.45600,17.40600,3.62300,22.43400,26.05700,-8.65100,0.40400,-8.24700,,-8.24700,-8.24700,-8.24700,-8.70200,-8.65100,23.94000,23.94000,-0.34000,-0.34000,13.41900,0.14350,0.16750,83.43400,-41.46780,-41.46780,-39.53120,-39.53120,0.11390,0.73930,1.89910,47.39000,-5.64650,-5.64650,-4.50100,-4.83630,6.07600,-0.1152,-0.1593
2019-06-30,18.03200,3.09400,14.93800,2.84600,20.26800,23.11400,-8.17600,0.52600,-7.65000,,-7.65000,-7.65000,-7.65000,-8.31900,-8.17600,23.75400,23.75400,-0.32000,-0.32000,20.46440,0.13800,0.16010,82.84160,-45.34160,-45.34160,-42.42460,-42.42460,0.09720,0.86890,1.90510,47.24100,-5.01680,-5.01680,-4.12250,-4.32440,6.38000,-0.5362,-0.5764
2019-03-31,16.25000,2.85400,13.39600,2.60300,19.57000,22.17300,-8.77700,0.51100,-8.26600,,-8.26600,-8.26600,-8.26600,-8.87300,-8.77700,23.44200,23.44200,-0.35000,-0.35000,24.09190,0.13400,0.15480,82.43690,-54.01230,-54.01230,-50.86770,-50.86770,0.08570,0.91890,2.30960,38.96860,-5.25110,-5.25110,-4.35960,-4.54730,6.69770,-0.46680,-0.47850
2018-12-31,16.55900,3.19300,13.36600,2.15200,16.11100,18.26300,-4.89700,0.11900,-4.77800,,-4.77800,-4.77800,-4.77800,-5.32800,-4.89700,14.57970,14.57970,4.20000,4.20000,17.86450,0.13190,0.15200,80.71740,-29.57310,-29.57310,-28.85440,-28.85440,0.08280,1.19720,2.48370,36.23590,-2.91340,-2.91340,-2.38800,-2.52900,7.00790,-0.5283,-0.5426
2018-09-30,13.05400,2.46700,10.58700,1.77100,13.46500,15.23600,-4.64900,-0.04400,-4.69300,,-4.69300,-4.69300,-4.69300,-4.43200,-4.64900,21.36200,21.36200,-0.22000,-0.22000,17.11060,0.20150,0.25240,81.10160,-35.61360,-35.61360,-35.95070,-35.95070,0.09990,0.80230,2.41290,37.29890,-4.77360,-4.77360,-3.59010,-3.81160,4.59570,0.1729,0.1744
2018-06-30,10.93800,2.10200,8.83600,1.73500,12.73800,14.47300,-5.63700,-0.21900,-5.85600,,-5.85600,-5.85600,-5.85600,-5.41300,-5.63700,13.54400,13.54400,-0.43000,-0.43000,14.23670,0.17640,0.24080,80.78260,-51.53590,-51.53590,-53.53810,-53.53810,0.08170,0.59240,2.43720,36.92810,-5.70900,-5.70900,-4.37360,-4.70180,4.80380,4.06,4.0611
2018-03-31,10.04200,2.29400,7.74800,1.73000,11.21300,12.94300,-5.19500,-1.30600,-6.50100,,-6.50100,-6.50100,-6.50100,-4.89200,-5.19500,1.28700,1.28700,-5.05000,-5.05000,3.40150,1.26040,-4.97890,77.15590,-51.73270,-51.73270,-64.73810,-64.73810,0.36050,0.67590,2.90320,31.00080,5.24110,131.73250,-23.33960,-34.29700,-3.57870,-4.98680,-4.99220
2017-12-31,9.95700,1.88100,8.07600,1.68200,10.24000,11.92200,-3.84600,-0.40700,-4.25100,0.00000,-4.25100,-4.25100,-4.25100,-3.65100,-3.84600,1.17700,1.17700,-3.42000,-3.42000,3.37160,0.92540,12.40390,81.10880,-38.62610,-38.62610,-42.69360,-42.69360,0.39680,0.51250,2.58090,34.87200,3.60930,-320.34670,-16.94230,-23.89950,1.04320,-2.7813,-2.8339
2017-09-30,7.27100,1.56500,5.70600,1.17600,8.17900,9.35500,-3.64900,-0.37400,-4.02300,,-4.02300,-4.02300,-4.02300,-3.48900,-3.64900,1.17670,1.17670,-3.42000,-3.42000,,,,78.47610,-50.18570,-50.18570,-55.32940,-55.32940,,,,,,,,,,-2.473,-2.574
2017-06-30,6.04200,1.37600,4.66600,1.74300,7.30700,9.05000,-4.38400,-0.37200,-4.75600,,-4.75600,-4.75600,-4.75600,-4.24300,-4.38400,1.15010,1.15010,-4.14000,-4.14000,,,,77.22610,-72.55880,-72.55880,-78.71570,-78.71570,,,,,,,,,,-3.4953,-3.5125
2017-03-31,5.29700,1.19600,4.10100,1.59300,6.63200,8.22500,-4.12400,-0.35500,-4.48100,,-4.48100,-4.48100,-4.48100,-4.02000,-4.12400,1.14860,1.14860,-3.90000,-3.90000,,,,77.42120,-77.85540,-77.85540,-84.59510,-84.59510,,,,,,,,,,-4.66670,-4.84600
2016-12-31,,,,,,,,,,,,,,,,,,,0.00000,,,,,,,,,,,,,,,,,,0,0
