Date,revenue,cost-goods-sold,gross-profit,research-development-expenses,selling-general-administrative-expenses,operating-expenses,operating-income,total-non-operating-income-expense,pre-tax-income,income-after-taxes,income-from-continuous-operations,net-income,ebitda,ebit,basic-shares-outstanding,shares-outstanding,eps-basic-net-earnings-per-share,eps-earnings-per-share-diluted,current-ratio,long-term-debt-capital,debt-equity-ratio,gross-margin,operating-margin,ebit-margin,pre-tax-profit-margin,net-profit-margin,asset-turnover,inventory-turnover,receiveable-turnover,days-sales-in-receivables,roe,return-on-tangible-equity,roa,roi,book-value-per-share,operating-cash-flow-per-share,free-cash-flow-per-share
2023-09-30,1.46800,0.32400,1.14400,1.17100,2.66600,3.83700,-2.69300,-0.51800,-3.21100,-3.21100,-3.21100,-3.21100,-2.38600,-2.69300,23.06100,23.06100,-0.14000,-0.14000,0.05920,-0.03350,-1.04150,77.92920,-183.44690,-183.44690,-218.73300,-218.73300,0.31100,,3.26220,27.58860,27.84190,27.84190,-68.01530,28.77500,-0.46860,-0.054,-0.0657
2023-06-30,1.46800,0.33000,1.13800,1.45100,2.60800,4.05900,-2.92100,-0.20800,-3.12900,-3.12900,-3.12900,-3.12900,-2.29200,-2.92100,21.38300,21.38300,-0.15000,-0.15000,0.06330,-0.00040,-1.11580,77.52040,-198.97820,-198.97820,-213.14710,-213.14710,0.31390,,6.95730,12.93600,30.31680,30.31680,-66.90190,30.32860,-0.46010,-0.0434,-0.0627
2023-03-31,1.30900,0.31300,0.99600,1.79600,3.24400,5.04000,-4.04400,-0.69000,-4.73400,-4.73400,-4.73400,-4.73400,-3.32000,-4.04400,21.06500,21.06500,-0.22000,-0.22000,0.09060,-0.00060,-1.29080,76.08860,-308.93810,-308.93810,-361.65010,-361.65010,0.25130,,2.78510,32.31470,53.60050,53.60060,-90.89860,53.63090,-0.41570,-0.10980,-0.12400
2022-12-31,1.44400,0.54000,0.90400,1.87300,3.54700,5.42000,-4.51600,-0.67800,-5.19400,-5.19400,-5.19400,-5.19400,-3.86200,-4.51600,19.79100,19.79100,-0.25000,-0.25000,0.40920,-0.00240,-2.56010,62.60390,-312.74250,-312.74250,-359.69530,-359.69530,0.15570,,2.72450,33.03330,123.22660,123.22650,-56.00000,123.51960,-0.19890,-0.1845,-0.203
2022-09-30,2.19200,0.99500,1.19700,1.45600,3.56300,5.01900,-3.82200,0.90600,-2.91600,-2.91600,-2.91600,-2.91600,-3.05600,-3.82200,19.82600,19.82600,-0.15000,-0.15000,0.77980,2.46220,-20.61370,54.60770,-174.36130,-174.36130,-133.02920,-133.02920,0.15270,,2.39300,37.60950,539.00020,539.00150,-20.31350,-788.10800,-0.02590,-0.1142,-0.1458
2022-06-30,2.05800,0.91600,1.14200,1.48600,3.61700,5.10300,-3.96100,-0.10400,-4.06500,-4.06500,-4.06500,-4.06500,-3.56100,-3.96100,19.37200,19.37200,-0.21000,-0.21000,0.86880,2.08680,-5.93640,55.49080,-192.46840,-192.46840,-197.52190,-197.52190,0.16410,,1.59660,56.37030,219.25510,219.25570,-32.41110,-238.27670,-0.09390,-0.1862,-0.2024
2022-03-31,1.83500,0.90300,0.93200,1.65000,3.26600,4.91600,-3.98400,-0.07000,-4.05400,-4.05400,-4.05400,-4.05400,-3.63500,-3.98400,19.11300,19.11300,-0.21000,-0.21000,1.20060,0.65260,4.57140,50.79020,-217.11170,-217.11170,-220.92640,-220.92640,0.16070,,1.56300,57.58040,-311.36690,-311.36710,-35.51160,-108.16430,0.06690,-0.18160,-0.19000
2021-12-31,1.64600,1.32400,0.32200,1.46600,2.69600,4.16200,-3.84000,-0.01100,-3.85100,-3.85100,-3.85100,-3.85100,-3.52600,-3.84000,17.99200,17.99200,-0.21000,-0.21000,1.61900,0.14660,0.33610,19.56260,-233.29300,-233.29300,-233.96110,-233.96110,0.17830,,1.59190,56.53710,-98.26470,-98.26490,-41.70910,-83.86320,0.20490,-0.2069,-0.2075
2021-09-30,1.81900,0.93900,0.88000,1.86300,5.12500,6.98800,-6.10800,0.01100,-6.09700,-6.09700,-6.09700,-6.09700,-5.85900,-6.10800,17.90900,17.90900,-0.34000,-0.34000,2.22710,0.08380,0.17740,48.37820,-335.78890,-335.78890,-335.18420,-335.18420,0.14240,,1.73570,51.85270,-89.96610,-89.96610,-47.71860,-82.42530,0.36060,-0.3402,-0.353
2021-06-30,1.96000,0.73300,1.22700,1.53000,5.34800,6.87800,-5.65100,0.70000,-4.95100,-4.95100,-4.95100,-4.95100,-5.51300,-5.65100,17.62000,17.62000,-0.28000,-0.28000,2.75290,0.01150,0.02050,62.60200,-288.31630,-288.31630,-252.60210,-252.60210,0.14160,,1.17510,76.59180,-62.00380,-62.00380,-35.76540,-61.28990,0.45320,-0.1686,-0.2031
2021-03-31,1.85200,0.62500,1.22700,1.46900,3.66200,5.13100,-3.90400,0.00100,-3.90300,-3.90300,-3.90300,-3.90300,-3.82500,-3.90400,17.54100,17.54100,-0.22000,-0.22000,5.49050,0.01680,0.05330,66.25270,-210.79910,-210.79910,-210.74510,-210.74510,0.11010,,1.41920,63.41790,-32.19500,-32.19500,-23.20180,-31.65450,0.68820,-0.20450,-0.21570
2020-12-31,1.58100,0.65900,0.92200,1.05600,3.79700,4.85300,-3.93100,0.00200,-3.92900,-3.92900,-3.92900,-3.92900,-3.86400,-3.93100,14.67800,14.67800,-0.26000,-0.26000,8.54670,0.01340,0.04180,58.31750,-248.64010,-248.64010,-248.51360,-248.51360,0.07950,,1.28220,70.18970,-25.08780,-25.08780,-19.76160,-24.75270,0.89910,-0.1889,-0.2001
2020-09-30,1.58800,0.65200,0.93600,1.08100,1.26200,2.34300,-1.40700,-0.00200,-1.40900,-1.40900,-1.40900,-1.42200,-1.35000,-1.40700,14.45000,14.45000,-0.10000,-0.10000,1.44900,0.16060,0.52870,58.94210,-88.60200,-88.60200,-88.72790,-89.54660,0.33190,,1.54170,58.37530,-112.36070,-112.36040,-29.44620,-94.31060,0.08400,-0.0894,-0.0955
2020-06-30,1.65500,0.65100,1.00400,0.90700,0.81100,1.71800,-0.71400,-0.00100,-0.71500,-0.71500,-0.71500,-0.74800,-0.65900,-0.71400,13.78400,13.78400,-0.05000,-0.05000,2.22010,0.12420,0.27260,60.66470,-43.14200,-43.14200,-43.20240,-45.19640,0.27870,,1.55110,58.02420,-99.03060,-28.95910,-12.04110,-25.36360,0.17900,-0.064,-0.0656
2020-03-31,1.79500,0.74700,1.04800,0.75300,0.76600,1.51900,-0.47100,0.00600,-0.46500,-0.46500,-0.46500,-0.49800,-0.41900,-0.47100,13.70300,13.70300,-0.04000,-0.04000,2.57010,0.00350,0.01710,58.38440,-26.23960,-26.23960,-25.90530,-27.74370,0.29300,,1.73930,51.74370,-33.09610,-14.75250,-7.59060,-14.70120,0.22860,-0.01040,-0.01330
2019-12-31,2.57200,1.00300,1.56900,0.53900,0.73700,1.27600,0.29300,0.00300,0.29600,0.29600,0.29600,0.26100,0.34100,0.29300,13.50200,15.35200,0.01000,0.02000,2.60010,0.00590,0.01800,61.00310,11.39190,11.39190,11.50860,10.14780,0.37630,,1.64240,54.79780,17.27960,8.32400,4.33070,8.27510,0.26260,0.0885,0.0835
2019-09-30,3.86000,1.46500,2.39500,0.29700,0.63300,0.93000,1.46500,-0.00100,1.46400,1.46400,1.46400,1.42900,1.51500,1.46500,13.52300,15.37100,0.11000,0.09000,2.38830,0.00970,0.02290,62.04660,37.95340,37.95340,37.92750,37.02070,0.57070,,1.42750,63.04660,102.59310,44.77060,21.64400,44.33680,0.24150,0.0441,0.0431
2019-06-30,4.02000,1.59000,2.43000,0.29600,0.36700,0.66300,1.76700,-0.00900,1.75800,1.75800,1.75800,1.72300,1.81400,1.76700,13.52300,15.37100,0.13000,0.11000,1.45860,0.02310,0.04990,60.44780,43.95520,43.95520,43.73130,42.86070,0.62670,,1.48610,60.55970,-8370.98200,96.48740,27.40450,94.26270,0.13470,0.0954,0.0908
2019-03-31,3.19100,1.28400,1.90700,0.18200,0.74300,0.92500,0.98200,-0.03500,0.94700,0.94700,0.94700,0.91300,1.02100,0.98200,13.40800,15.32300,0.07000,0.06000,1.26650,0.91470,11.38270,59.76180,30.77410,30.77410,29.67720,28.61170,0.70260,,2.13870,42.08090,-53.74580,1169.13800,20.84990,99.68420,0.00600,0.05140,0.04510
2018-12-31,2.97900,1.10200,1.87700,0.40500,0.57700,0.98200,0.89500,-0.04500,0.85000,0.85000,0.85000,0.81700,0.93200,0.89500,13.04900,15.06300,0.07000,0.05000,1.14080,2.29990,-1.82390,63.00770,30.04370,30.04370,28.53310,27.42530,0.73210,,1.51450,59.42600,-29.25990,-80.03770,20.88970,104.03920,-0.08020,0.0513,0.0494
2018-09-30,2.66500,0.96700,1.69800,0.32900,0.70900,1.03800,0.66000,-0.04300,0.61700,0.61700,0.61700,0.58200,0.69100,0.66000,13.06200,14.95500,0.04000,0.04000,0.83970,-21.15910,-0.98150,63.71480,24.76550,24.76550,23.15200,21.83870,1.06300,,2.38590,37.72230,-16.26680,-31.64100,24.61110,-701.13680,-0.14860,0.036,0.0295
2018-06-30,2.36900,0.92600,1.44300,0.20000,0.72100,0.92100,0.52200,-0.04800,0.47400,0.47400,0.47400,0.43900,0.55400,0.52200,13.01700,14.79100,0.03000,0.03000,0.64160,-2.40690,-0.72760,60.91180,22.03460,22.03460,20.00840,18.53100,1.11590,,2.21820,40.57410,-10.54040,-17.85980,22.32690,-60.84720,-0.20390,0.0978,0.0953
2018-03-31,2.26300,0.85200,1.41100,0.30300,0.70900,1.01200,0.39900,-0.05300,0.34600,0.34600,0.34600,0.31000,0.43200,0.39900,12.94600,14.73000,0.02000,0.02000,0.83140,-27.55050,-0.97980,62.35090,17.63150,17.63150,15.28940,13.69860,1.28220,,1.81910,49.47420,-6.98290,-11.11830,19.60340,-317.43130,-0.23920,-0.01400,-0.01650
2017-12-31,2.08200,0.87300,1.20900,0.36600,0.60000,0.96600,0.24300,-0.05200,0.19100,0.19100,0.19100,0.15700,0.29000,0.24300,12.83600,12.83600,0.02000,0.02000,0.62050,-4.59650,-0.83390,58.06920,11.67150,11.67150,9.17390,7.54080,1.43390,58.20000,2.16420,41.58500,-3.56880,-5.44310,13.15430,-30.46250,-0.27420,0.0017,0.0011
2017-09-30,1.67800,0.73600,0.94200,0.61700,0.63600,1.25300,-0.31100,0.87900,0.56800,0.56800,0.56800,0.53300,-0.26100,-0.31100,12.79800,14.07600,0.04000,0.04000,0.54980,-3.65440,-0.80420,56.13830,-18.53400,-18.53400,33.84980,31.76400,1.19090,24.53330,1.90900,47.14540,-10.28990,-15.44740,40.31230,-71.89870,-0.28730,-0.0012,-0.0015
2017-06-30,1.54300,0.63200,0.91100,0.59400,0.69700,1.29100,-0.38000,-0.05800,-0.43800,-0.43800,-0.43800,-0.47300,-0.32600,-0.38000,12.79800,12.79800,-0.04000,-0.04000,0.41970,-2.61950,-0.74600,59.04080,-24.62740,-24.62740,-28.38630,-30.65460,1.21690,14.04440,3.15540,28.52240,7.21940,10.36930,-34.54260,37.53210,-0.33010,0.0534,0.0534
2017-03-31,1.55900,0.58300,0.97600,0.58500,0.69200,1.27700,-0.30100,-0.05000,-0.35100,-0.35100,-0.35100,-0.38600,-0.24600,-0.30100,12.74800,12.74800,-0.03000,-0.03000,0.61250,-13.76470,-0.96390,62.60420,-19.30720,-19.30720,-22.51440,-24.75950,1.32120,12.95560,2.98090,30.19240,6.25890,9.32270,-29.74580,137.64700,-0.29420,-0.03270,-0.03340
2016-12-31,1.40900,0.50600,0.90300,0.59100,0.61000,1.20100,-0.29800,-0.04300,-0.34100,-0.34100,-0.34100,-0.37500,-0.22200,-0.29800,12.73700,12.73700,-0.03000,-0.03000,0.53610,-6.46050,-0.90680,64.08800,-21.14980,-21.14970,-24.20160,-26.61460,1.10340,11.24450,1.89130,47.58690,6.50140,10.02350,-26.70320,74.78080,-0.26690,-0.0502,-0.0506
2016-09-30,1.59500,0.61000,0.98500,0.50800,0.72100,1.22900,-0.24400,-0.03600,-0.28000,-0.28000,-0.28000,-0.31500,-0.17200,-0.24400,12.74800,12.74800,-0.02000,-0.02000,0.46720,-3.60970,-0.82970,61.75550,-15.29780,-15.29780,-17.55490,-19.74920,1.28010,11.73080,2.71260,33.17870,5.72600,9.18940,-22.47190,42.36010,-0.23900,-0.0448,-0.046
2016-06-30,1.58700,0.52800,1.05900,0.67000,0.74100,1.41100,-0.35200,-0.03500,-0.38700,-0.38700,-0.38700,-0.42200,-0.28000,-0.35200,12.74800,12.74800,-0.03000,-0.03000,0.54410,-3.40580,-0.83100,66.72970,-22.18020,-22.18020,-24.38560,-26.59110,0.96650,9.96230,2.83900,31.70130,8.41120,14.03190,-23.56880,61.82110,-0.21630,0.0598,0.0577
2016-03-31,1.51100,0.53900,0.97200,0.73000,0.75500,1.48500,-0.51300,-0.03100,-0.54400,-0.54400,-0.54400,-0.57900,-0.43900,-0.51300,12.70300,12.70300,-0.05000,-0.05000,0.63510,-10.92430,-1.14570,64.32830,-33.95100,-33.95100,-36.00270,-38.31900,0.95090,11.97780,2.03360,44.25550,12.94010,23.04110,-34.23540,274.74760,-0.18520,-0.06250,-0.06250
2015-12-31,1.48900,0.54600,0.94300,0.67400,0.74300,1.41700,-0.47400,-0.02900,-0.50300,-0.50300,-0.50300,-0.53800,-0.40000,-0.47400,12.59800,12.59800,-0.04000,-0.04000,0.50280,-6.46900,-0.96830,63.33110,-31.83350,-31.83350,-33.78110,-36.13160,1.12380,12.13330,2.56720,35.05710,13.34220,26.10280,-37.96230,194.96110,-0.15280,-0.073,-0.0737
2015-09-30,1.55200,0.57000,0.98200,0.59200,0.79500,1.38700,-0.40500,-0.02700,-0.43200,-0.43200,-0.43200,-0.46700,-0.33600,-0.40500,12.61200,12.61200,-0.04000,-0.04000,0.48840,-0.12000,-1.30060,63.27320,-26.09540,-26.09540,-27.83510,-30.09020,0.67890,47.50000,2.50730,35.89560,13.17070,30.06260,-18.89760,33.67110,-0.11390,0.0159,0.0126
2015-06-30,2.06900,0.78200,1.28700,0.51100,0.75400,1.26500,0.02200,-0.02600,-0.00400,-0.00400,-0.00400,-0.03900,0.11000,0.02200,12.61200,12.61200,0.00000,0.00000,0.65280,-0.23760,-1.87660,62.20400,1.06330,1.06330,-0.19330,-1.88500,0.65040,65.16670,1.37020,65.68390,0.13970,0.39180,-0.12570,0.48480,-0.08100,0.0396,0.0375
2015-03-31,1.71400,0.63200,1.08200,0.53800,0.82900,1.36700,-0.28500,-0.02500,-0.31000,-0.31000,-0.31000,-0.34400,-0.21100,-0.28500,12.55500,12.55500,-0.03000,-0.03000,0.49410,-0.23440,-1.85590,63.12720,-16.62780,-16.62780,-18.08640,-20.07000,0.88210,52.66670,2.42090,37.17620,10.80140,30.18500,-15.95470,37.25960,-0.08140,-0.03310,-0.03660
2014-12-31,1.79000,0.63300,1.15700,0.49900,0.76300,1.26200,-0.10500,-0.02400,-0.12900,-0.12900,-0.12900,-0.16400,-0.04400,-0.10500,12.39300,12.39300,-0.02000,-0.02000,1.26620,1.96920,-2.20930,64.63680,-5.86590,-5.86590,-7.20670,-9.16200,0.77420,52.75000,2.42880,37.05590,4.84960,15.78950,-5.57960,-15.30250,-0.06560,-0.0095,-0.014
2014-09-30,2.03000,0.70700,1.32300,0.44300,0.76300,1.20600,0.11700,0.03000,0.14700,0.14700,0.14700,0.11200,0.17900,0.11700,12.42600,15.48500,0.01000,0.01000,0.69940,-0.19840,-2.36660,65.17240,5.76350,5.76350,7.24140,5.51720,0.67580,58.91670,2.00000,45.00000,-5.64520,-19.31670,4.89350,-23.14960,-0.06120,0.0857,0.09
2014-06-30,1.80500,0.61600,1.18900,0.52000,0.66500,1.18500,0.00400,-0.02600,-0.02200,-0.02200,-0.02200,-0.05600,0.06200,0.00400,12.41900,12.41900,0.00000,0.00000,0.50110,-0.14930,-1.85570,65.87260,0.22160,0.22160,-1.21880,-3.10250,1.00950,32.42110,1.75750,51.20780,0.78210,2.26800,-1.23040,2.60660,-0.07810,0.0103,0.006
2014-03-31,1.59400,0.57600,1.01800,0.47900,0.77600,1.25500,-0.23700,-0.03300,-0.27000,-0.27000,-0.27000,-0.30700,-0.18200,-0.23700,12.29100,12.29100,-0.02000,-0.02000,0.49150,-0.18280,-1.81100,63.86450,-14.86830,-14.86830,-16.93850,-19.25970,0.89150,30.31580,1.55660,57.81680,9.21820,26.57480,-15.10070,31.43190,-0.08200,-0.04040,-0.04040
2013-12-31,1.83800,0.60000,1.23800,0.44100,0.57500,1.01600,0.22200,-0.03400,0.18800,0.18800,0.18800,0.15000,0.25900,0.22200,12.17200,14.29000,0.02000,0.01000,1.23150,2.16690,-1.98020,67.35580,12.07840,12.07840,10.22850,8.16100,0.76040,31.57890,2.25250,39.95650,-6.55970,-21.86050,7.77820,25.50880,-0.07070,0.0541,0.0502
2013-09-30,1.97500,0.79000,1.18500,0.36100,0.61700,0.97800,0.20700,-0.03400,0.17300,0.17300,0.17300,0.13500,0.23900,0.20700,12.17200,14.53200,0.01000,0.01000,0.63880,-0.06860,-1.59960,60.00000,10.48100,10.48100,8.75950,6.83540,0.76700,41.57900,1.11900,80.43040,-5.64440,-16.33620,6.71840,-17.45710,-0.08700,-0.0051,-0.0067
2013-06-30,2.07300,0.72600,1.34700,0.37800,0.73200,1.11000,0.23700,-0.03200,0.20500,0.20500,0.20500,0.16700,0.27500,0.23700,12.17200,13.89300,0.01000,0.01000,0.55090,-0.08280,-1.38130,64.97830,11.43270,11.43270,9.88910,8.05600,0.99330,30.25000,1.77030,50.83940,-6.30960,-16.49240,9.82270,-17.85710,-0.10210,0.0431,0.0417
2013-03-31,1.77700,0.63500,1.14200,0.39900,0.65500,1.05400,0.08800,-0.03100,0.05700,0.05700,0.05700,0.02000,0.12800,0.08800,12.17200,13.73600,0.00000,0.00000,0.54460,-0.06910,-1.38930,64.26560,4.95220,4.95220,3.20770,1.12550,0.79050,52.91670,1.10650,81.33930,-1.64740,-3.92020,2.53560,-4.19120,-0.11950,0.00870,0.00750
2012-12-31,1.49500,0.53000,0.96500,0.53400,0.55400,1.08800,-0.12300,-0.03100,-0.15400,-0.15400,-0.15400,-0.19100,-0.08100,-0.12300,12.03500,12.03500,-0.01000,-0.01000,0.83150,17.32630,-1.20700,64.54850,-8.22740,-8.22740,-10.30100,-12.77590,1.10010,106.00000,1.58030,56.94980,4.32950,9.92910,-11.33190,-162.10540,-0.12740,-0.0393,-0.0378
2012-09-30,1.85500,0.77400,1.08100,0.41400,0.58700,1.00100,0.08000,-0.03200,0.04800,0.04800,0.04800,0.00900,0.11800,0.08000,12.07200,13.92200,0.00000,0.00000,0.40740,-0.08460,-0.17690,58.27490,4.31270,4.31270,2.58760,0.48520,1.28820,154.80000,3.08650,29.15900,-1.39450,-3.34260,3.33330,-3.62540,-0.11900,0.027,0.0264
2012-06-30,1.94900,0.78800,1.16100,0.31400,0.60900,0.92300,0.23800,-0.02600,0.21200,0.21200,0.21200,0.17400,0.27700,0.23800,12.00700,13.96200,0.01000,0.01000,0.42940,-0.04830,-1.16880,59.56900,12.21140,12.21140,10.87740,8.92770,1.27390,157.60000,1.88490,47.74760,-6.04850,-14.14280,13.85620,-14.82520,-0.12420,-0.0152,-0.0156
2012-03-31,1.39800,0.61500,0.78300,0.39800,0.71000,1.10800,-0.32500,-0.02700,-0.35200,-0.35200,-0.35200,-0.39000,-0.28900,-0.32500,11.95200,11.95200,-0.03000,-0.03000,0.31980,-0.04920,-0.10120,56.00860,-23.24750,-23.24750,-25.17880,-27.89700,1.14400,123.00000,2.57460,34.95710,9.32450,19.89830,-28.80520,20.87780,-0.14780,0.00460,0.00410
2011-12-31,1.44600,0.55100,0.89500,0.40500,0.52500,0.93000,-0.03500,-0.14400,-0.17900,-0.17900,-0.17900,-0.21700,0.00000,-0.03500,11.87700,11.87700,-0.02000,-0.02000,0.87770,12.76610,-1.19050,61.89490,-2.42050,-2.42050,-12.37900,-15.00690,1.27960,110.20000,3.01250,29.87550,5.16590,12.26870,-15.84070,-144.35490,-0.12220,-0.022,-0.0223
2011-09-30,1.79200,0.70100,1.09100,0.31300,0.63300,0.94600,0.14500,-0.02400,0.12100,0.12100,0.12100,0.08300,0.18400,0.14500,11.90200,13.60800,0.01000,0.01000,0.35220,-0.02760,-1.14770,60.88170,8.09150,8.09150,6.75220,4.63170,1.62610,18.94600,3.71010,24.25780,-3.53700,-8.55120,10.98000,-8.78720,-0.11850,-0.0079,-0.0099
2011-06-30,1.06800,0.40600,0.66200,0.44000,0.68300,1.12300,-0.46100,-0.01200,-0.47300,-0.47300,-0.47300,-0.51100,-0.44500,-0.46100,11.84400,11.84400,-0.04000,-0.04000,0.26630,,,61.98500,-43.16480,-43.16480,-44.28840,-47.84640,1.44520,6.65570,3.63270,24.77530,13.19750,29.97470,-64.00540,29.97470,-0.13280,-0.0373,-0.0374
2011-03-31,1.04200,0.39900,0.64300,0.39700,0.64400,1.04100,-0.39800,-0.00400,-0.40200,-0.40200,-0.40200,-0.43900,-0.37900,-0.39800,11.81800,11.81800,-0.04000,-0.04000,0.34070,,-0.48430,61.70830,-38.19580,-38.19580,-38.57970,-42.13050,1.29760,6.54100,2.23130,40.33590,12.75380,35.07850,-50.06230,35.07850,-0.09700,-0.06240,-0.06240
2010-12-31,0.93800,0.36400,0.57400,0.37200,0.49500,0.86700,-0.29300,-0.00900,-0.30200,-0.30200,-0.30200,-0.32500,-0.27300,-0.29300,11.74500,13.93700,-0.03000,-0.03000,0.55150,-0.43230,-0.30180,61.19410,-31.23670,-31.23670,-32.19620,-34.64820,0.93610,5.96720,4.22520,21.30070,10.91040,39.63250,-30.13970,56.76690,-0.06450,0.0533,0.0532
2010-09-30,1.57700,0.59400,0.98300,0.37900,0.44100,0.82000,0.16300,0.04000,0.20300,0.20300,0.20300,0.16500,0.18200,0.16300,11.74400,14.12600,0.01000,0.01000,0.56860,,-1.48230,62.33350,10.33610,10.33610,12.87250,10.46290,1.57860,20.48280,3.38410,26.59480,-8.25870,-44.91150,20.32030,-44.91150,-0.03840,-0.0198,-0.0198
2010-06-30,1.53800,0.54800,0.99000,0.34300,0.51400,0.85700,0.13300,-0.01200,0.12100,0.12100,0.12100,0.08300,0.15200,0.13300,11.73400,13.95700,0.01000,0.01000,0.48610,,-0.76050,64.36930,8.64760,8.64760,7.86740,5.39660,1.59880,21.07690,5.19590,17.32120,-4.61130,-19.57930,12.57800,-19.57930,-0.05270,0.0426,0.0411
2010-03-31,1.53500,0.55400,0.98100,0.30100,0.46300,0.76400,0.21700,-0.01300,0.20400,0.20400,0.20400,0.16700,0.23500,0.21700,11.70500,13.61100,0.01000,0.01000,0.49510,,-1.30550,63.90880,14.13680,14.13680,13.28990,10.87950,1.38660,16.29410,3.51260,25.62220,-7.42090,-27.45630,18.42820,-27.45630,-0.06350,0.01500,0.01320
2009-12-31,1.51900,0.51800,1.00100,0.20100,0.40200,0.60300,0.39800,-0.01900,0.37900,0.37900,0.37900,0.34200,0.42200,0.39800,11.67800,12.87300,0.03000,0.03000,0.83850,323.33110,-1.00310,65.89860,26.20150,26.20140,24.95060,22.51480,1.34420,74.00000,4.32760,20.79660,-12.74810,-39.19340,33.53980,12633.25000,-0.08260,0.032,0.0287
2009-09-30,1.25300,0.43500,0.81800,0.28800,0.43300,0.72100,0.09700,-0.01800,0.07900,0.07900,0.07900,0.04100,0.11900,0.09700,11.70400,13.52900,0.00000,0.00000,0.23770,,-0.72070,65.28330,7.74140,7.74140,6.30490,3.27210,1.95780,25.58820,4.42760,20.32720,-2.35680,-5.86920,12.34380,-5.86920,-0.11500,-0.0094,-0.0106
2009-06-30,1.29200,0.43300,0.85900,0.25100,0.54300,0.79400,0.06500,-0.01500,0.05000,0.05000,0.05000,0.01100,0.08300,0.06500,11.66400,13.11700,0.00000,0.00000,0.23580,,,66.48610,5.03100,5.03100,3.87000,0.85140,1.95170,72.16670,4.47060,20.13160,-1.46280,-3.54110,7.55290,-3.54110,-0.12060,-0.0135,-0.0135
2009-03-31,0.85600,0.27600,0.58000,0.36600,0.52400,0.89000,-0.31000,-0.01200,-0.32200,-0.32200,-0.32200,-0.36200,-0.29300,-0.31000,11.63800,11.63800,-0.03000,-0.03000,0.21470,,-0.43180,67.75700,-36.21490,-36.21490,-37.61680,-42.28970,1.33330,17.25000,4.28000,21.02800,8.93200,22.06990,-50.15580,22.06990,-0.12540,-0.04550,-0.04550
