Date,revenue,cost-goods-sold,gross-profit,selling-general-administrative-expenses,other-operating-income-expenses,operating-expenses,operating-income,total-non-operating-income-expense,pre-tax-income,income-after-taxes,income-from-continuous-operations,income-from-discontinued-operations,net-income,ebitda,ebit,basic-shares-outstanding,shares-outstanding,eps-basic-net-earnings-per-share,eps-earnings-per-share-diluted,long-term-debt-capital,debt-equity-ratio,operating-margin,ebit-margin,pre-tax-profit-margin,net-profit-margin,asset-turnover,roe,return-on-tangible-equity,roa,roi,book-value-per-share,operating-cash-flow-per-share,free-cash-flow-per-share
2024-03-31,646.03900,261.63400,384.40500,23.44800,-4.13700,202.89800,181.50700,-89.21900,92.28800,92.28800,92.28800,50.49800,142.15800,361.68000,181.50700,612.22000,613.80700,0.23000,0.23000,0.34760,0.85790,28.09540,28.09540,14.28520,22.00460,0.03360,0.90740,0.93110,0.48040,0.59210,16.60460,0.43270,0.56140
2023-12-31,624.32090,253.78810,370.53290,22.38700,-3.06900,198.61490,171.91790,-91.06900,80.84910,80.84910,80.84910,49.09200,129.36800,349.93990,171.91810,611.89400,613.28900,0.20000,0.22000,0.34720,0.85630,27.53680,27.53680,12.94990,20.72140,0.03250,0.79340,0.81400,0.42060,0.51790,16.65220,0.1436,0.2476
2023-09-30,617.69500,252.88700,364.80800,22.71400,-2.49600,195.90600,168.90200,-94.67000,74.23200,74.23200,74.23200,57.98900,131.63700,344.26100,168.90200,612.00100,613.58000,0.22000,0.21000,0.34560,0.84980,27.34390,27.34390,12.01760,21.31100,0.03170,0.72280,0.74150,0.38130,0.47300,16.78150,0.6854,0.7987
2023-06-30,600.37200,237.38800,362.98400,19.79100,-1.86800,187.41800,175.56600,-84.07200,91.49400,91.49400,91.49400,46.78800,137.69800,345.68900,175.56600,611.95400,613.31600,0.23000,0.22000,0.34530,0.77240,29.24290,29.24290,15.23960,22.93550,0.03240,0.88980,0.91270,0.49340,0.58260,16.80300,0.4574,0.573
2023-03-31,589.89000,232.08100,357.80900,17.45200,-1.16300,183.28800,174.52100,-83.60800,90.91300,90.91300,90.91300,29.67100,120.07100,343.50500,174.52100,611.58800,612.56400,0.20000,0.20000,0.34610,0.77490,29.58540,29.58540,15.41190,20.35480,0.03190,0.88670,0.90960,0.49130,0.57990,16.75620,0.51880,0.57190
2022-12-31,579.83600,232.38500,347.45100,16.92100,-5.82300,186.06210,161.38890,-81.74000,79.64910,79.64910,79.64910,21.21300,100.42600,329.01490,161.38900,609.77100,611.11200,0.17000,0.17000,0.34450,0.76960,27.83350,27.83360,13.73650,17.31970,0.03130,0.77150,0.79130,0.42970,0.50570,16.88490,0.1995,0.1745
2022-09-30,568.67500,226.17200,342.50300,20.12300,-20.00400,200.55500,141.94800,-86.47100,55.47700,55.47700,55.47700,23.95200,79.03200,306.68500,141.94800,610.84600,612.64800,0.13000,0.13000,0.34330,0.76610,24.96120,24.96120,9.75550,13.89760,0.03040,0.53620,0.54990,0.29700,0.35210,16.92210,0.5729,0.5303
2022-06-30,557.30000,212.49400,344.80600,19.34200,-1.35500,179.26900,165.53700,-81.54000,83.99700,83.99700,83.99700,27.50800,110.81500,328.15900,165.53700,610.33200,611.62000,0.18000,0.18000,0.34470,0.77080,29.70340,29.70340,15.07210,19.88430,0.03010,0.81690,0.83800,0.45390,0.53530,16.84580,0.516,0.483
2022-03-31,532.31000,203.23600,329.07400,17.63900,-1.51500,174.95000,154.12400,-79.14700,74.97700,74.97700,74.97700,18.02600,92.39500,313.92000,154.12400,606.41000,607.90800,0.15000,0.15000,0.37370,0.78470,28.95380,28.95380,14.08520,17.35740,0.02870,0.73330,0.75230,0.40430,0.45920,16.76680,0.38660,0.33920
2021-12-31,520.22500,198.05600,322.16900,19.66800,-3.04600,174.37390,147.79510,-87.48200,60.31300,60.31300,60.31300,14.55800,74.47600,295.55010,147.79500,577.68100,579.21000,0.12000,0.12000,0.38820,0.82980,28.40980,28.40980,11.59360,14.31610,0.02810,0.61300,0.62950,0.32540,0.37510,16.36950,0.215,0.1702
2021-09-30,509.53200,202.37000,307.16200,19.36900,-4.29400,174.35700,132.80500,-76.35700,56.44800,56.44800,56.44800,13.04700,69.10800,291.83300,132.80500,577.01100,578.57100,0.12000,0.12000,0.42520,0.83760,26.06410,26.06410,11.07840,13.56300,0.02790,0.59270,0.60930,0.30930,0.34070,16.00830,0.5263,0.5081
2021-06-30,491.63300,193.11800,298.51500,19.82800,-0.98000,166.08800,132.42700,-89.65800,42.76900,42.76900,42.76900,17.91900,60.24200,284.98900,132.42700,567.93100,569.28300,0.11000,0.11000,0.48680,0.94860,26.93610,26.93610,8.69940,12.25350,0.02810,0.49620,0.51150,0.24460,0.25460,15.15630,0.4028,0.43
2021-03-31,475.22500,184.21500,291.01000,16.95000,-0.35600,161.80700,129.20300,-85.96500,43.23800,43.23800,43.23800,14.48400,57.27200,281.36300,129.20300,567.37550,568.82610,0.10000,0.10000,0.48660,0.94790,27.18780,27.18780,9.09840,12.05160,0.02720,0.50090,0.51630,0.24720,0.25710,15.20720,0.42300,0.44400
2020-12-31,464.10000,183.51600,280.58400,16.67900,3.97400,154.79520,125.78880,-67.78000,58.00890,58.00890,58.00890,13.12100,70.58600,268.10490,125.78890,553.99300,555.45900,0.12000,0.12000,0.48910,0.95710,27.10380,27.10380,12.49920,15.20920,0.02650,0.67800,0.69910,0.33140,0.34640,15.08690,0.1407,0.1522
2020-09-30,459.18400,192.82100,266.36300,17.97200,-1.72300,157.84200,108.52100,-90.76200,17.75900,17.75900,17.75900,15.10600,32.54000,254.85000,108.52100,560.59900,561.87140,0.06000,0.06000,0.50460,1.01850,23.63350,23.63350,3.86750,7.08650,0.02590,0.21320,0.22000,0.10000,0.10560,14.86330,0.3936,0.49
2020-06-30,449.75500,181.53100,268.22400,14.42600,0.18000,151.51200,116.71200,-84.70100,32.01100,32.01100,32.01100,11.16700,42.78400,264.70000,116.71200,548.81200,549.92000,0.08000,0.08000,0.50480,1.01940,25.95010,25.95010,7.11740,9.51270,0.02530,0.38360,0.39590,0.18040,0.19000,14.88560,0.3932,0.4486
2020-03-31,449.78900,181.28800,268.50100,14.22800,-3.12700,152.38200,116.11900,-81.04300,35.07600,35.07600,35.07600,15.20000,49.85400,263.30200,116.11900,542.55000,543.90400,0.09000,0.09000,0.52480,1.10440,25.81630,25.81630,7.79830,11.08390,0.02560,0.44080,0.45550,0.19940,0.20940,14.63520,0.32680,0.42250
2019-12-31,444.27710,182.13700,262.14010,15.37500,-6.94000,156.07920,106.06090,-85.28700,20.77390,20.77390,20.77390,31.78000,51.90300,253.92790,106.06090,531.23600,532.49980,0.10000,0.10000,0.51030,1.04220,23.87270,23.87270,4.67590,11.68260,0.02550,0.25130,0.25940,0.11940,0.12310,15.26110,0.1465,0.7062
2019-09-30,443.32600,191.36300,251.96300,16.40500,-4.74000,154.46000,97.50300,-84.33200,13.17100,13.17100,13.17100,20.81200,33.61600,244.01100,97.50300,537.77120,538.64490,0.06000,0.06000,0.51850,1.07690,21.99350,21.99350,2.97100,7.58270,0.02510,0.16110,0.16630,0.07460,0.07760,15.18790,0.3832,0.5432
2019-06-30,441.58200,182.59500,258.98700,15.95600,-1.67100,150.65800,108.32900,-95.09600,13.23300,13.23300,13.23300,26.17200,38.83300,256.19400,108.32900,525.07000,525.93400,0.07000,0.07000,0.53150,1.13430,24.53200,24.53200,2.99670,8.79410,0.02490,0.16460,0.17010,0.07470,0.07710,15.30580,0.3435,0.6161
2019-03-31,435.50000,175.50600,259.99400,26.53800,-5.39200,165.53900,94.45500,-90.85800,3.59700,3.59700,3.59700,17.57200,20.71600,243.15700,94.45500,521.44100,521.81700,0.04000,0.04000,0.52890,1.12290,21.68890,21.68890,0.82600,4.75680,0.02440,0.04380,0.04520,0.02010,0.02060,15.66010,0.37020,0.56840
2018-12-31,432.61600,176.48100,256.13500,25.34000,-7.34300,162.90300,93.23200,-96.24500,-3.01300,-3.01300,-3.01300,28.72700,25.07800,237.83500,93.23200,520.37700,520.37700,0.04840,0.04840,0.52900,1.12300,21.55080,21.55080,-0.69650,5.79680,0.02390,-0.03600,-0.03710,-0.01670,-0.01700,16.07460,0.0951,0.5607
2018-09-30,434.25100,186.71300,247.53800,21.15200,-3.25200,163.77500,83.76300,-94.23400,-10.47100,-10.47100,-10.47100,11.51200,0.82400,236.30500,83.76300,520.62100,521.76100,0.00160,0.00160,0.52870,1.12160,19.28910,19.28910,-2.41130,0.18980,0.02350,-0.12230,-0.12610,-0.05670,-0.05760,16.45210,0.3872,0.4349
2018-06-30,432.42600,179.77100,252.65500,24.63600,-4.10300,175.18900,77.46600,-95.59500,-18.12900,-18.12900,-18.12900,3.94100,-14.15500,234.84200,77.46600,520.50900,520.50900,-0.03000,-0.03000,0.53350,1.14340,17.91430,17.91430,-4.19240,-3.27340,0.02320,-0.21120,-0.21780,-0.09710,-0.09850,16.49130,0.3459,0.4095
2018-03-31,423.66900,177.93100,245.73800,27.63600,-6.12100,178.25700,67.48100,-90.56300,-23.08200,-23.08200,-23.08200,5.50200,-17.49100,221.07400,67.48100,519.66100,519.66100,-0.03000,-0.03000,0.53160,1.13690,15.92780,15.92780,-5.44810,-4.12850,0.02270,-0.26720,-0.27550,-0.12350,-0.12520,16.59780,0.25030,0.25620
2017-12-31,329.95400,129.12800,200.82600,63.58500,-7.61100,178.21610,22.61000,-74.72100,-52.11100,-52.11100,-52.11100,5.65700,-45.96500,136.43300,22.61000,339.42300,339.42300,-0.13000,-0.13000,0.53110,1.13280,6.85250,6.85250,-15.79340,-13.93070,0.01770,-0.60240,-0.62100,-0.27890,-0.28250,16.66090,-0.0932,-0.0798
2017-09-30,243.53600,104.11900,139.41700,27.46200,-14.57200,109.50000,29.91700,-56.18300,-26.26600,-26.26600,-26.26600,3.75600,-22.51000,103.68900,29.91700,311.56000,311.56000,-0.07000,-0.07000,0.61410,1.59170,12.28440,12.28440,-10.78530,-9.24300,0.02560,-0.72920,-0.72920,-0.27580,-0.28140,11.56890,0.3241,0.3274
2017-06-30,242.21600,101.97500,140.24100,18.42600,-0.70600,86.64700,53.59400,-58.22700,-4.63300,-4.63300,-4.63300,10.16200,5.52900,129.28300,53.59400,311.77100,312.27200,0.02000,0.02000,0.61140,1.57360,22.12650,22.12650,-1.91270,2.28270,0.02540,-0.12710,-0.12710,-0.04870,-0.04940,11.74050,0.2998,0.4207
2017-03-31,238.75000,99.61700,139.13300,58.26600,-1.20400,127.04700,12.08600,-68.79800,-56.71200,-56.71200,-56.71200,14.32100,-42.39100,94.18400,12.08600,311.65100,311.65100,-0.08000,-0.08000,0.61330,1.58610,5.06220,5.06220,-23.75370,-17.75540,0.02490,-1.55030,-1.55030,-0.59150,-0.59950,11.78580,0.24410,0.42290
2016-12-31,234.56700,195.37800,39.18900,22.09900,,-6.15800,45.34700,-77.43600,-32.07900,-32.07900,-32.07900,5.42000,-26.66900,127.25000,45.34700,,,,0.00000,0.79640,3.91170,19.33220,19.33220,-13.67580,-11.36950,0.02410,-1.63880,-1.63880,-0.32960,-0.33370,,0,0
2016-09-30,233.03800,101.96100,131.07700,18.81100,-1.27900,86.57000,44.50700,-69.42200,-24.91500,-24.91500,-24.91500,2.96600,-21.94900,125.94500,44.50700,,,,0.00000,,,19.09860,19.09860,-10.69140,-9.41860,,,,,,,0,0
2016-06-30,230.49600,98.81100,131.68500,15.40800,-0.54600,82.03300,49.65200,-70.33800,-20.68600,-20.68600,-20.68600,1.02000,-19.66600,134.83600,49.65200,,,,0.00000,,,21.54140,21.54140,-8.97460,-8.53200,,,,,,,0,0
2016-03-31,224.50200,92.36000,132.14200,15.36000,0.18300,80.87900,51.26300,-70.43000,-19.16700,-19.16700,-19.16700,9.19200,-9.97500,134.88800,51.26300,,,,0.00000,,,22.83410,22.83410,-8.53760,-4.44320,,,,,,,0.00000,
2015-12-31,,,,,,,,,,,,,,,,,,,0.00000,,,,,,,,,,,,,0,0
2014-12-31,,,,,,,,,,,,,,,,,,,0.00000,,,,,,,,,,,,,0,0
