Date,revenue,cost-goods-sold,gross-profit,research-development-expenses,selling-general-administrative-expenses,operating-expenses,operating-income,total-non-operating-income-expense,pre-tax-income,total-provision-income-taxes,income-after-taxes,income-from-continuous-operations,net-income,ebitda,ebit,basic-shares-outstanding,shares-outstanding,eps-basic-net-earnings-per-share,eps-earnings-per-share-diluted,current-ratio,debt-equity-ratio,gross-margin,operating-margin,ebit-margin,pre-tax-profit-margin,net-profit-margin,asset-turnover,receiveable-turnover,days-sales-in-receivables,roe,return-on-tangible-equity,roa,roi,book-value-per-share,operating-cash-flow-per-share,free-cash-flow-per-share
2023-09-30,6.13600,2.00800,4.12800,24.59900,18.97400,46.32200,-42.19400,-2.57800,-44.77200,0.03900,-44.81100,-44.81100,-44.81100,-42.13900,-42.19400,203.39000,203.39000,-0.22000,-0.22000,14.12120,,67.27510,-687.64670,-687.64670,-729.66100,-730.29660,0.01090,2.02310,44.48660,-8.98920,-9.24520,-7.92580,-8.98920,2.44220,-0.1082,-0.134
2023-06-30,5.51500,1.90100,3.61400,19.86900,14.50500,36.70300,-33.08900,-10.62900,-43.71800,,-43.71800,-43.71800,-43.71800,-35.35300,-33.08900,201.43100,201.43100,-0.22000,-0.22000,16.56190,,65.53040,-599.98190,-599.98190,-792.71080,-792.71080,0.00960,2.27140,39.62290,-8.35520,-8.55610,-7.57870,-8.35520,2.59200,-0.0794,-0.0909
2023-03-31,4.28500,1.03600,3.24900,16.23300,13.24800,31.27200,-28.02300,0.68500,-27.33800,,-27.33800,-27.33800,-27.33800,-26.23200,-28.02300,200.11300,200.11300,-0.14000,-0.14000,19.28770,,75.82260,-653.97900,-653.97900,-637.99300,-637.99300,0.00730,2.33260,38.58340,-4.95040,-5.04910,-4.64990,-4.95040,2.75950,-0.06900,-0.07920
2022-12-31,3.80700,0.90100,2.90600,13.69500,11.47800,26.52900,-23.62300,4.97600,-18.64700,,-18.64700,-18.64700,-18.64700,-21.88400,-23.62300,197.72800,197.72800,-0.10000,-0.10000,18.43390,,76.33310,-620.51500,-620.51500,-489.80830,-489.80830,0.00640,1.15640,77.82510,-3.28170,-3.33860,-3.11830,-3.28170,2.84300,-0.0759,-0.0843
2022-09-30,2.76300,0.73300,2.03000,13.29200,12.11800,26.94100,-24.91100,0.92800,-23.98300,,-23.98300,-23.98300,-23.98300,-23.87100,-24.91100,198.30100,198.30100,-0.12000,-0.12000,21.22370,,73.47090,-901.59250,-901.59250,-868.00570,-868.00570,0.00460,0.96070,93.68080,-4.16640,-4.22210,-3.95370,-4.16640,2.89390,-0.0644,-0.0736
2022-06-30,2.60800,0.74200,1.86600,9.65300,9.69000,20.79400,-18.92800,17.27400,-1.65400,,-1.65400,-1.65400,-1.65400,-17.36900,-18.92800,197.21400,197.21400,-0.01000,-0.01000,30.10610,,71.54910,-725.76680,-725.76680,-63.42030,-63.42030,0.00420,1.46350,61.49540,-0.27910,-0.28230,-0.26810,-0.27910,2.99330,-0.0434,-0.068
2022-03-31,1.95300,0.56800,1.38500,7.33800,11.06500,19.66900,-18.28400,14.05700,-4.22700,,-4.22700,-4.22700,-4.22700,-17.01800,-18.28400,196.18300,196.18300,-0.02000,-0.02000,37.09290,,70.91650,-936.20070,-936.20070,-216.43630,-216.43630,0.00310,3.43230,26.22120,-0.71670,-0.72430,-0.67370,-0.71670,3.00310,-0.04240,-0.05840
2021-12-31,1.64800,0.29800,1.35000,4.91700,6.26500,12.18700,-10.83700,-63.24700,-74.08400,,-74.08400,-74.08400,-74.08400,-9.30400,-10.83700,137.60900,137.60900,-0.51000,-0.51000,54.65040,,81.91750,-657.58500,-657.58500,-4495.38900,-4495.38900,0.00260,2.33100,38.61040,-12.53050,-12.65550,-11.53910,-12.53050,3.02220,-0.0116,-0.0261
2021-09-30,0.23300,0.23400,-0.00100,6.18000,3.74700,10.52300,-10.52400,-4.25700,-14.78100,,-14.78100,-14.78100,-14.78100,-10.05300,-10.52400,120.60500,120.60500,-0.12000,-0.12000,53.97740,,-0.42920,-4516.73800,-4516.73800,-6343.77700,-6343.77700,0.00040,0.05710,1576.73800,-2.65050,-2.67700,-2.35910,-2.65050,2.93200,-0.0988,-0.1212
2021-06-30,0.09300,0.32700,-0.23400,5.47700,3.77500,9.75400,-9.98800,0.00200,-9.98600,,-9.98600,-9.98600,-9.98600,-9.43300,-9.98800,119.25400,119.25400,-0.08000,-0.08000,0.17270,0.03130,-251.61290,-10739.78000,-10739.78000,-10737.63000,-10737.63000,0.00030,,,-199.71970,-199.72000,-3.31990,-199.71970,0.37200,-0.0496,-0.0645
2021-03-31,0.12500,0.18100,-0.05600,3.65400,3.18300,7.28200,-7.33800,0.00300,-7.33500,,-7.33500,-7.33500,-7.33500,-6.82100,-7.33800,118.71900,118.71900,-0.06000,-0.06000,0.28290,0.00630,-44.80000,-5870.40000,-5870.40000,-5868.00000,-5868.00000,0.00040,,,-146.69980,-146.70000,-2.43480,-146.69980,0.39530,-0.03280,-0.04940
2020-12-31,,,,,,,,,,,,,,,,,,,0.00000,,,,,,,,,,,,,,,,0.0721,0.1485
2020-09-30,,0.05700,-0.05700,2.33900,0.80800,3.51900,-3.57600,0.01100,-3.56500,,-3.56500,-3.56500,-3.56500,-3.57600,-3.57600,115.37000,115.37000,-0.03000,-0.03000,0.08720,0.02000,,,,,,,,,-23948.68000,-23948.69000,-1181.55900,-23948.68000,0.00190,-0.0721,-0.1485
