Date,revenue,cost-goods-sold,gross-profit,research-development-expenses,selling-general-administrative-expenses,other-operating-income-expenses,operating-expenses,operating-income,total-non-operating-income-expense,pre-tax-income,total-provision-income-taxes,income-after-taxes,income-from-continuous-operations,net-income,ebitda,ebit,basic-shares-outstanding,shares-outstanding,eps-basic-net-earnings-per-share,eps-earnings-per-share-diluted,current-ratio,long-term-debt-capital,debt-equity-ratio,gross-margin,operating-margin,ebit-margin,pre-tax-profit-margin,net-profit-margin,asset-turnover,inventory-turnover,receiveable-turnover,days-sales-in-receivables,roe,return-on-tangible-equity,roa,roi,book-value-per-share,operating-cash-flow-per-share,free-cash-flow-per-share
2024-03-31,0.71500,7.26100,-6.54600,79.78300,31.39300,,111.17600,-117.72200,3.33800,-114.38400,-1.40800,-112.97600,-112.97600,-112.97600,-110.15000,-117.72200,266.22000,266.22000,-0.42000,-0.42000,4.63300,0.00150,0.00150,-915.52450,-16464.62000,-16464.62000,-15997.76000,-15800.84000,0.00080,0.41220,3.05560,29.45460,-16.61360,-29.28960,-12.98830,-16.58910,2.43080,-0.45930,-0.47500
2023-12-31,0.48200,4.36500,-3.88300,87.47000,29.90300,,117.37300,-121.25600,3.11800,-118.13800,-1.75900,-116.37900,-116.37900,-116.37900,-113.26900,-121.25600,235.13100,235.13100,-0.46000,-0.46000,2.79090,0.00170,0.00170,-805.60160,-25156.84000,-25156.85000,-24509.96000,-24145.02000,0.00060,0.42080,3.19210,28.19500,-19.90710,-32.75010,-14.91370,-19.87300,2.28240,-0.4085,-0.427
2023-09-30,0.46900,4.34000,-3.87100,87.52600,26.96400,,114.49000,-118.36100,3.35800,-115.00300,-1.24300,-113.76000,-113.76000,-113.76000,-110.36400,-118.36100,245.81700,245.81700,-0.46000,-0.46000,4.20630,0.00150,0.00150,-825.37300,-25236.89000,-25236.89000,-24520.89000,-24255.86000,0.00060,0.47200,,,-16.87820,-25.25770,-13.34720,-16.85310,2.63460,-0.2671,-0.2758
2023-06-30,0.23800,2.05000,-1.81200,86.34700,21.92700,,108.27400,-110.08600,3.08100,-107.00500,-0.47700,-106.52800,-106.52800,-106.52800,-101.26700,-110.08600,224.48100,224.48100,-0.47000,-0.47000,3.10100,0.00170,0.00170,-761.34450,-46254.63000,-46254.63000,-44960.08000,-44759.66000,0.00030,0.21090,7.21210,12.47900,-18.41240,-31.05250,-14.06700,-18.38060,2.57500,-0.3961,-0.4372
2023-03-31,,,,82.73400,28.12200,,,-110.85600,3.48600,-107.37000,,-107.37000,-107.37000,-107.37000,-106.13700,-110.85600,213.69400,213.69400,-0.50000,-0.50000,7.30780,0.00150,0.00150,,,,,,,,,,-16.10040,-16.10030,-13.01820,-16.07620,2.97240,-0.46710,-0.49360
2022-12-31,,,,80.57300,26.46300,,,-107.03600,1.71700,-105.31900,,-105.31900,-105.31900,-105.31900,-101.98300,-107.03600,159.25900,159.25900,-0.65000,-0.65000,5.23710,0.00200,0.00200,,,,,,,,,,-21.07920,-21.07910,-15.86170,-21.03700,2.66030,-0.4753,-0.4933
2022-09-30,,,,72.50200,27.89300,,,-100.39500,0.77700,-99.61800,,-99.61800,-99.61800,-99.61800,-94.06500,-100.39500,157.81700,157.81700,-0.63000,-0.63000,4.66760,0.00250,0.00250,,,,,,,,,,-25.30090,-25.30070,-18.24760,-25.23660,2.49450,-0.4,-0.4085
2022-06-30,,,,73.40600,26.32800,,,-99.73400,0.38500,-99.34900,,-99.34900,-99.34900,-99.34900,-95.02700,-99.73400,157.27400,157.27400,-0.63000,-0.63000,6.72350,0.00210,0.00210,,,,,,,,,,-21.01790,-21.01780,-16.26330,-20.97340,2.99550,-0.4932,-0.5221
2022-03-31,,,,68.30000,23.41300,,,-91.71300,0.10600,-91.60700,,-91.60700,-91.60700,-91.60700,-86.19400,-91.71300,157.11300,157.11300,-0.58000,-0.58000,6.35700,0.00180,0.00180,,,,,,,,,,-16.59580,-16.59570,-13.06340,-16.56570,3.51210,-0.46970,-0.54260
2021-12-31,,,,75.61600,23.84900,,,-99.46500,0.13500,-99.33000,,-99.33000,-99.33000,-99.33000,-94.16500,-99.46500,153.40600,153.40600,-0.64000,-0.64000,5.69460,0.00160,0.00160,,,,,,,,,,-15.97830,-15.97820,-12.77830,-15.95260,3.95950,-0.3664,-0.4183
2021-09-30,,,,65.35500,20.88700,,,-86.24200,0.12000,-86.12200,,-86.12200,-86.12200,-86.12200,-80.96200,-86.24200,155.50800,155.50800,-0.55000,-0.55000,9.00200,0.00140,0.00140,,,,,,,,,,-12.33260,-12.33260,-10.39090,-12.31490,4.45640,-0.3624,-0.4233
2021-06-30,,,,62.11900,19.30700,,,-81.42600,0.07500,-81.35100,,-81.35100,-81.35100,-81.35100,-74.45100,-81.42600,153.75100,153.75100,-0.53000,-0.53000,11.01270,0.00130,0.00130,,,,,,,,,,-10.92830,-10.92820,-9.53940,-10.91360,4.80890,-0.3337,-0.3932
2021-03-31,,,,55.94900,19.62100,,,-75.57000,0.12100,-75.44900,,-75.44900,-75.44900,-75.44900,-73.13200,-75.57000,147.37000,147.37000,-0.51000,-0.51000,10.99220,0.00150,0.00150,,,,,,,,,,-11.65370,-11.65360,-10.05220,-11.63560,4.33600,-0.42340,-0.49600
2020-12-31,,,,52.45100,16.08300,,,-68.53400,0.13700,-68.39700,,-68.39700,-68.39700,-68.39700,-66.70700,-68.53400,138.30100,138.30100,-0.46000,-0.46000,11.59260,,,,,,,,,,,,-10.41850,-10.41850,-8.90060,-10.41850,4.46980,-0.5108,-0.6891
2020-09-30,,,,43.05000,15.91600,,,-58.96600,0.39500,-58.57100,,-58.57100,-58.57100,-58.57100,-58.28300,-58.96600,146.49200,146.49200,-0.40000,-0.40000,11.23760,,,,,,,,,,,,-8.22810,-8.22810,-7.48710,-8.22810,4.85630,-0.207,-0.3249
2020-06-30,,,,49.27400,14.35300,,,-63.62700,0.60900,-63.01800,,-63.01800,-63.01800,-63.01800,-63.33400,-63.62700,133.16200,133.16200,-0.47000,-0.47000,14.25470,,,,,,,,,,,,-8.31040,-8.31030,-7.70800,-8.31030,5.17850,-0.2495,-0.2867
2020-03-31,,,,56.95200,13.85800,,,-70.81000,1.21500,-69.59500,,-69.59500,-69.59500,-69.59500,-70.60800,-70.81000,126.56800,126.56800,-0.55000,-0.55000,6.48330,,,,,,,,,,,,-28.60350,-28.60310,-24.14000,-28.60310,1.91850,-0.51590,-0.52090
2019-12-31,,,,54.23800,10.87200,,,-65.11000,1.54200,-63.56800,,-63.56800,-63.56800,-63.56800,-65.20200,-65.11000,124.33600,124.33600,-0.51000,-0.51000,8.09780,,,,,,,,,,,,-21.26260,-21.26230,-18.44400,-21.26230,2.36510,-0.4308,-0.4583
2019-09-30,,,,41.58200,10.02900,,,-51.61100,2.12400,-49.48700,,-49.48700,-49.48700,-49.48700,-51.90100,-51.61100,124.03500,124.03500,-0.40000,-0.40000,10.61180,,,,,,,,,,,,-13.93770,-13.93750,-12.50470,-13.93750,2.81370,-0.3382,-0.348
2019-06-30,,,,39.29800,10.86700,,,-50.16500,2.61400,-47.55100,,-47.55100,-47.55100,-47.55100,-51.07400,-50.16500,123.56700,123.56700,-0.38000,-0.38000,12.14500,,,,,,,,,,,,-11.96500,-11.96490,-10.90810,-11.96490,3.20960,-0.2732,-0.2848
2019-03-31,,,,30.90500,9.08100,,,-39.98600,3.03600,-36.95000,,-36.95000,-36.95000,-36.95000,-40.94700,-39.98600,123.41500,123.41500,-0.30000,-0.30000,20.09090,,,,,,,,,,,,-8.49570,-8.49560,-8.00650,-8.49560,3.52470,-0.23570,-0.24240
2018-12-31,,,,27.41800,7.52500,,,-34.94300,2.36800,-32.57500,,-32.57500,-32.57500,-32.57500,-35.63500,-34.94300,97.27700,97.27700,-0.26000,-0.26000,33.01670,,,,,,,,,,,,-6.98750,-6.98740,-6.77490,-6.98740,3.77740,-0.3077,-0.3105
2018-09-30,,,,27.94700,7.11300,,,-35.06000,1.23000,-33.83000,,-33.83000,-33.83000,-33.83000,-35.19600,-35.06000,95.07700,95.07700,-0.36000,-0.36000,15.94480,,,,,,,,,,,,-13.31080,-13.31050,-12.49110,-13.31050,2.60870,-0.2702,-0.2748
2018-06-30,,,,24.55100,6.82700,,,-31.37800,0.71800,-30.66000,,-30.66000,-30.66000,-30.66000,-31.15400,-31.37800,90.23600,90.23600,-0.34000,-0.34000,19.72790,,,,,,,,,,,,-11.33190,-11.33170,-10.76730,-11.33170,2.91740,-0.2513,-0.2559
2018-03-31,,,,19.91200,6.96500,,,-26.87700,0.36200,-26.51500,,-26.51500,-26.51500,-26.51500,-26.64900,-26.87700,84.35000,84.35000,-0.31000,-0.31000,20.60760,,,,,,,,,,,,-9.06340,-9.06320,-8.62980,-9.06320,3.26460,-0.21160,-0.21190
2017-12-31,,,,20.69600,5.37500,,,-26.07100,0.21700,-25.85400,,-25.85400,-25.85400,-25.85400,-25.82900,-26.07100,65.24200,65.24200,-0.36000,-0.36000,15.55910,,,,,,,,,,,,-17.77220,-17.77140,-16.64000,-17.77140,1.98840,-0.2946,-0.2933
2017-09-30,,,,16.67900,5.66400,,,-22.34300,0.19400,-22.14900,,-22.14900,-22.14900,-22.14900,-22.11500,-22.34300,63.33200,63.33200,-0.35000,-0.35000,20.09320,,,,,,,,,,,,-13.38850,-13.38790,-12.73150,-13.38790,2.29920,-0.3306,-0.3345
2017-06-30,,,,18.64700,4.93400,,,-23.58100,0.20400,-23.37700,,-23.37700,-23.37700,-23.37700,-23.32900,-23.58100,62.45700,62.45700,-0.37000,-0.37000,15.28600,,,,,,,,,,,,-18.10150,-18.10040,-16.93840,-18.10040,2.06050,-0.2793,-0.2797
2017-03-31,,,,15.59300,5.28900,,,-20.88200,0.19800,-20.68400,,-20.68400,-20.68400,-20.68400,-20.63300,-20.88200,62.28600,62.28600,-0.33000,-0.33000,27.72910,,,,,,,,,,,,-13.80060,-13.79980,-13.31110,-13.79980,2.40390,-0.30190,-0.31470
2016-12-31,,,,9.80500,6.11800,,,-15.92300,0.23400,-15.68900,,-15.68900,-15.68900,-15.68900,-15.63800,-15.92300,55.26800,55.26800,-0.33000,-0.33000,34.12080,,,,,,,,,,,,-9.39970,-9.39920,-9.12760,-9.39920,2.68150,-0.2442,-0.2584
2016-09-30,,,,8.48100,10.49800,,,-18.97900,0.22100,-18.75800,,-18.75800,-18.75800,-68.21200,-18.90000,-18.97900,59.11300,59.11300,-1.15000,-1.15000,56.52970,,,,,,,,,,,,-10.47210,-10.47170,-10.28820,-10.47170,2.89160,-0.1844,-0.1966
2016-06-30,,,,4.46300,7.26400,,,-11.72700,0.16400,-11.56300,,-11.56300,-11.56300,-11.56300,-11.45600,-11.72700,51.08200,51.08200,-0.23000,-0.23000,41.76080,,,,,,,,,,,,-6.12040,-6.12010,-5.97440,-6.12010,3.23580,-0.0687,-0.0698
2016-03-31,,,,4.19200,2.81800,,,-7.01000,0.12600,-6.88400,,-6.88400,-6.88400,-6.88400,-6.74100,-7.01000,48.54800,48.54800,-0.14000,-0.14000,54.29450,,,,,,,,,,,,-6.95790,-6.95790,-6.83150,-6.95790,2.03920,-0.09380,-0.09380
2015-12-31,,,,4.05700,4.42200,,,-8.47900,0.11900,-8.36000,,-8.36000,-8.36000,-8.36000,-8.17100,-8.47900,44.41000,44.41000,-0.18000,-0.18000,63.78960,,,,,,,,,,,,-8.03670,-8.03670,-7.91270,-8.03670,2.14270,-0.1643,-0.169
2015-09-30,,,,4.96000,2.68300,,,-7.64300,0.00800,-7.63500,,-7.63500,-7.63500,-7.63500,-7.37700,-7.64300,47.27200,47.27200,-0.16000,-0.16000,38.66590,,,,,,,,,,,,-6.98100,-6.98100,-6.80340,-6.98100,2.28770,-0.0731,-0.0737
2015-06-30,,,,4.05500,2.38500,,,-6.44000,0.07300,-6.36700,,-6.36700,-6.36700,-6.36700,-6.20000,-6.44000,45.08200,45.08200,-0.14000,-0.14000,60.39800,,,,,,,,,,,,-5.64080,-5.64080,-5.54910,-5.64080,2.39440,-0.0847,-0.0843
2015-03-31,,,,2.39800,2.90000,,,-5.29800,,-5.29800,,-5.29800,-5.29800,-5.29800,-5.11300,-5.29800,37.67900,37.67900,-0.14000,-0.14000,58.30760,,,,,,,,,,,,-4.74620,-4.74620,-4.66630,-4.74620,2.48770,-0.09180,-0.11260
2014-12-31,,,,2.69830,,,,-4.86830,0.00100,-4.86730,,-4.86730,-4.86730,-4.86730,-4.80330,-4.86830,24.98600,24.98600,-0.17000,-0.17000,27.06080,,,,,,,,,,,,-10.85370,-10.85370,-10.46580,-10.85370,1.32870,-0.1458,-0.2033
2014-09-30,,,,0.35400,,-2.44900,,-2.80300,0.00500,-2.79800,,-2.79800,-2.79800,-2.79800,-2.79770,-2.80300,26.63300,26.63300,-0.11000,-0.11000,13.68950,,,,,,,,,,,,-17.31630,-17.31630,-16.06490,-17.31630,0.58460,-0.051,-0.057
2014-06-30,,,,0.49400,,-1.61620,,-2.11020,,-2.11020,,-2.11020,-2.11020,-2.11020,-2.10900,-2.11020,24.13800,24.13800,-0.09000,-0.09000,16.01390,,,,,,,,,,,,-12.14220,-12.14220,-11.38460,-12.14220,0.63830,-0.0397,-0.0397
2014-03-31,,,,0.30270,,-1.95690,,-2.25950,,-2.25950,,-2.25950,-2.25950,-2.25950,-2.24290,-2.25950,20.79800,20.79800,-0.11000,-0.11000,16.28500,,,,,,,,,,,,-13.44470,-13.44460,-12.49550,-13.44460,0.76070,-0.10900,-0.10920
2013-12-31,,,,1.38400,,-6.28280,,-11.49780,0.00060,-11.49720,,-11.49720,-11.49720,-19.95920,-11.94140,-11.49780,9.76300,9.76300,2.66000,2.66000,8.74290,,,,,,,,,,,,-65.31100,-65.31090,-57.85120,-65.31090,0.87910,-0.2754,-0.2758
2013-09-30,,,,0.25000,,-9.15910,,-9.40910,,-9.40910,,-9.40910,-9.40910,-9.40910,-8.96150,-9.40910,14.15200,14.15200,-0.66000,-0.66000,0.03950,,,,,,,,,,,,281.66990,281.66980,-5579.84200,281.66980,-0.22160,1.0993,1.0984
2013-06-30,,,,0.25000,,-0.77930,,-1.02930,-2.40000,-3.42930,,-3.42930,-3.42930,-3.42930,-1.02810,-1.02930,0.81900,0.81900,-4.19000,-4.19000,0.17180,,,,,,,,,,,,123.74070,123.74080,-573.69480,123.74080,-0.20790,-0.8326,-0.8326
2013-03-31,,,,0.27000,,-0.43490,,-0.70490,-0.34160,-1.04650,,-1.04650,-1.04650,-1.04650,-0.70300,-0.70490,0.81900,0.81900,-1.28000,-1.28000,0.00070,,-0.55230,,,,,,,,,,8.52320,8.52320,-3693.67500,8.52320,-14.99220,-0.36630,-0.36630
2012-12-31,,,,0.25000,,-1.47240,,-1.72240,5.18860,3.46620,,3.46620,3.46620,3.46620,-1.72080,-1.72240,0.79900,0.79900,4.11000,4.11000,0.00060,,-0.57260,,,,,,,,,,-30.62190,-30.62190,11784.72000,-30.62190,-13.82110,0.0574,0.0574
2012-09-30,,,,0.25000,,-1.37760,,-1.62760,0.95370,-0.67390,,-0.67390,-0.67390,-0.67390,-1.12820,-1.62760,0.78300,0.78300,-0.86000,-0.86000,0.00030,,-0.39090,,,,,,,,,,4.06410,4.06410,-2348.72500,4.06410,-21.17890,-0.3586,-0.3586
2012-06-30,,,,0.27000,,-1.37640,,-1.64640,1.31910,-0.32730,,-0.32730,-0.32730,-0.32730,-1.64490,-1.64640,0.78300,0.78300,0.00000,0.00000,0.00150,,-0.37410,,,,,,,,,,1.96940,1.96940,-498.82490,1.96940,-21.22590,-1.5307,-1.5307
2012-03-31,,,,0.88600,,-2.25010,,-3.13610,-2.63650,-5.77270,,-5.77270,-5.77270,-5.77270,-3.13460,-3.13610,0.78100,0.78100,-7.39000,-7.39000,0.00200,,-0.29070,,,,,,,,,,33.44840,33.44840,-7511.91200,33.44840,-22.04340,-0.97340,-0.97340
2011-12-31,,,,,,-2.42920,,-4.18470,-4.16680,-8.35160,,-8.35160,-8.35160,-8.35160,-1.83630,-4.18470,0.75920,0.75920,-11.00000,-11.00000,0.03930,,-0.39120,,,,,,,,,,65.34420,65.34420,-1469.23700,65.34420,-16.38710,-3.704,-3.7189
2011-09-30,,,,,,-5.81410,,-5.81410,-0.00430,-5.81850,,-5.81850,-5.81850,-5.81850,-3.19660,-5.81410,0.78230,0.78230,-7.00000,-7.00000,0.36130,,-0.45660,,,,,,,,,,102.24490,100.38070,-169.21080,102.24490,-7.20400,-1.9772,-1.9805
2011-06-30,,,,,,-10.56120,,-10.56120,-0.39860,-10.95970,,-10.95970,-10.95970,-10.95970,-10.54250,-10.56120,0.74070,0.74070,-15.00000,-15.00000,0.17440,,,,,,,,,,,,780.63840,717.37930,-2351.03800,780.63890,-1.80770,-1.686,-1.7087
2011-03-31,,,,,,-0.65830,,-0.65830,0.09400,-0.56430,,-0.56430,-0.56430,-0.56430,-0.64010,-0.65830,0.71940,0.71940,-1.00000,-1.00000,1.02230,,,,,,,,,,,,-354.70020,-3286.14200,-60.66360,-354.70020,0.22510,-0.78460,-0.78460
2010-12-31,,,,,,-0.32460,,-0.49610,-0.24580,-0.74190,,-0.74190,-0.74190,-0.74190,-0.44000,-0.49610,0.65250,0.65250,-1.00000,-1.00000,1.58100,,,,,,,,,,,,-116.27320,-155.19790,-50.78350,-116.27320,0.86650,-0.6026,-0.5985
2010-09-30,,,,,,-0.16700,,-0.16700,-0.54670,-0.71380,,-0.71380,-0.71380,-0.71380,-0.16470,-0.16700,0.72000,0.72000,-1.00000,-1.00000,1.40000,,,,,,,,,,,,-159.31610,-311.86000,-69.96010,-159.31610,0.61550,-0.157,-0.157
2010-06-30,,,,,,-0.08460,,-0.08460,,-0.08460,,-0.08460,-0.08460,-0.08460,-0.08460,-0.08460,0.71860,0.71860,0.00000,0.00000,13.59020,,,,,,,,,,,,-20.24850,-42.60510,-19.51200,-20.24850,0.58160,-0.0647,-0.0688
2010-03-31,,,,,,-0.06770,,-0.06770,,-0.06770,,-0.06770,-0.06770,-0.06770,-0.06770,-0.06770,0.43730,0.43730,0.00000,0.00000,9.00470,,,,,,,,,,,,-13.50250,-24.02120,-12.61660,-13.50250,0.69750,-0.12720,-0.12720
2009-12-31,,,,,,,,-0.00230,,-0.00230,,-0.00230,-0.00230,-0.00230,-0.00200,-0.00230,0.38100,0.38100,,0.00000,,,,,,,,,,,,,,10.14270,,,,0.0067,0.0067
2009-09-30,,,,,0.00350,,,-0.00350,,-0.00350,,-0.00350,-0.00350,-0.00350,-0.00310,-0.00350,1.21440,1.21440,0.00000,0.00000,0.06750,,,,,,,,,,,,31.14060,27.32070,-140.08880,31.14060,-0.22020,-0.002,-0.002
2009-06-30,,,,,0.00330,,,-0.00330,,-0.00330,,-0.00330,-0.00330,-0.00330,-0.00300,-0.00330,1.21440,1.21440,0.00000,0.00000,0.13210,,,,,,,,,,,,43.59440,34.97490,-99.94030,43.59440,-0.15160,-0.002,-0.002
2009-03-31,,,,,0.00660,,,-0.00660,,-0.00660,,-0.00660,-0.00660,-0.00660,-0.00630,-0.00660,1.21440,1.21440,0.00000,0.00000,0.20770,,,,,,,,,,,,152.77250,100.91580,-167.73210,152.77270,-0.08550,-0.00270,-0.00270
