Date,revenue,cost-goods-sold,gross-profit,research-development-expenses,selling-general-administrative-expenses,other-operating-income-expenses,operating-expenses,operating-income,total-non-operating-income-expense,pre-tax-income,total-provision-income-taxes,income-after-taxes,income-from-continuous-operations,net-income,ebitda,ebit,basic-shares-outstanding,shares-outstanding,eps-basic-net-earnings-per-share,eps-earnings-per-share-diluted,current-ratio,long-term-debt-capital,debt-equity-ratio,gross-margin,operating-margin,ebit-margin,pre-tax-profit-margin,net-profit-margin,asset-turnover,inventory-turnover,receiveable-turnover,days-sales-in-receivables,roe,return-on-tangible-equity,roa,roi,book-value-per-share,operating-cash-flow-per-share,free-cash-flow-per-share
2023-10-31,4.52760,2.35290,2.17470,0.76340,3.11340,,4.40030,-2.22550,0.31880,-1.90680,0.02360,-1.93030,-1.93030,-1.93030,-1.24900,-2.22550,25.05000,25.05000,-0.07360,-0.07360,2.04490,0.14210,0.18400,48.03250,-49.15450,-49.15450,-42.11380,-42.63420,0.08130,1.30340,1.54290,58.33170,-5.03920,-63.08950,-3.46790,-4.32300,1.52920,-0.0065,-0.0152
2023-07-31,4.26200,2.16770,2.09430,0.33640,4.25300,,5.22410,-3.12980,0.26230,-2.86760,-0.19630,-2.67130,-2.67130,-2.67130,-2.01040,-3.12980,25.05000,25.05000,-0.10490,-0.10490,2.44840,0.14010,0.18230,49.13850,-73.43530,-73.43530,-67.28200,-62.67580,0.07430,1.30790,1.47240,61.12340,-6.62090,-62.11890,-4.65510,-5.69330,1.61060,-0.02100,-0.02510
2023-04-30,4.16880,1.68470,2.48410,0.55610,6.90350,,6.89280,-4.40870,0.15960,-4.24600,-0.56620,-3.67980,-3.67980,-3.67980,-2.87060,-4.40870,24.89700,24.89700,-0.14110,-0.14110,2.83650,0.09620,0.12570,59.58810,-105.75510,-105.75510,-101.85200,-88.27010,0.07120,1.08690,1.46460,61.44910,-8.46110,-63.45880,-6.28530,-7.64730,1.73620,-0.0755,-0.0898
2023-01-31,3.84000,1.63890,2.20110,0.76640,4.06870,,5.60220,-3.40110,-0.01110,-3.41220,0.07720,-3.48950,-3.48950,-3.48950,-2.17410,-3.40110,24.94500,24.94500,-0.14110,-0.14110,2.83670,0.09190,0.12240,57.31970,-88.57090,-88.57090,-88.86100,-90.87220,0.06270,1.22070,1.98050,45.44380,-7.69310,-55.39310,-5.70000,-6.98580,1.81690,-0.0993,-0.1063
2022-10-31,3.89530,1.80710,2.08810,3.42640,3.82460,,7.96710,-5.87900,0.26070,-5.61820,-0.09470,-5.52350,-5.52350,-5.52350,-4.81890,-5.87900,24.87400,24.87400,-0.22540,-0.22540,3.10480,0.08220,0.10830,53.60720,-150.92590,-150.92590,-144.23230,-141.80170,0.06260,1.51740,1.38680,64.89580,-11.90600,-62.30200,-8.88300,-10.92730,1.86060,-0.1006,-0.1216
2022-07-31,3.64430,1.71760,1.92670,4.49070,2.82430,-1.36090,9.71970,-7.79300,0.19200,-7.60410,-0.31320,-7.29090,-7.29090,-7.29090,-6.58830,-7.79300,24.73900,24.73900,-0.29530,-0.29530,5.05790,0.00460,0.01700,52.86840,-213.84090,-213.84090,-208.65860,-200.06400,0.05870,1.42670,1.57190,57.25530,-14.16190,-54.93350,-11.73450,-14.09640,2.07280,-0.32400,-0.32680
2022-04-30,4.14450,1.51890,2.62560,0.72170,2.60700,-2.10190,5.96170,-3.33610,-0.12860,-3.46710,0.21800,-3.68510,-3.68510,-3.68510,-2.57580,-3.33610,19.68800,19.68800,-0.17450,-0.17450,4.04510,0.00450,0.03380,63.35210,-80.49620,-80.49620,-83.65690,-88.91660,0.05560,1.17990,1.87030,48.12070,-6.14090,-19.93430,-4.94490,-6.11290,2.45170,-0.0713,-0.0768
2022-01-31,3.80050,1.75940,2.04110,1.43650,2.15720,-1.10110,5.23300,-3.19190,0.33620,-2.85570,0.16420,-3.01990,-3.01990,-3.01990,-2.45520,-3.19190,19.42900,19.42900,-0.15790,-0.15790,5.67890,0.01120,0.05900,53.70720,-83.98760,-83.98760,-75.14020,-79.46000,0.08530,1.45310,1.87650,47.96260,-8.02300,-10.71230,-6.77790,-7.93320,1.93410,-0.2079,-0.227
2021-10-31,3.75780,1.70860,2.04920,2.26640,1.99510,-0.91200,5.71380,-3.66470,-0.17030,-3.83500,0.15120,-3.98620,-3.98620,-3.98620,-2.93590,-3.66470,19.34500,19.34500,-0.20690,-0.20690,5.83860,0.01350,0.05750,54.53200,-97.52220,-97.52220,-102.05420,-106.07790,0.07830,1.68130,2.08660,43.13210,-9.84090,-12.99790,-8.30290,-9.70760,2.09060,-0.0817,-0.0858
2021-07-31,3.73230,1.69370,2.03860,0.91030,2.46250,-0.85340,4.79640,-2.75780,0.28070,-2.47470,0.15290,-2.62760,-2.62760,-2.62760,-1.97920,-2.75780,19.22400,19.22400,-0.13830,-0.13830,7.07750,0.01760,0.05930,54.62080,-73.88840,-73.88840,-66.30340,-70.40110,0.07120,1.60770,1.59860,56.29900,-5.82630,-7.66220,-5.01260,-5.72400,2.34050,-0.04080,-0.05520
2021-04-30,3.87300,,3.87300,,,,,3.87300,,3.87300,,3.87300,-3.99800,-3.99800,3.87300,3.87300,17.35500,17.35500,-0.23000,-0.23000,8.04580,0.04160,0.06070,100.00000,100.00000,100.00000,100.00000,-103.22750,0.07560,,1.51170,59.53520,-9.17980,-12.12730,-7.80400,-8.79780,,-0.0264,-0.0871
