Date,revenue,cost-goods-sold,gross-profit,selling-general-administrative-expenses,operating-expenses,operating-income,total-non-operating-income-expense,pre-tax-income,total-provision-income-taxes,income-after-taxes,income-from-continuous-operations,income-from-discontinued-operations,net-income,ebitda,ebit,basic-shares-outstanding,shares-outstanding,eps-basic-net-earnings-per-share,eps-earnings-per-share-diluted,current-ratio,long-term-debt-capital,debt-equity-ratio,gross-margin,operating-margin,ebit-margin,pre-tax-profit-margin,net-profit-margin,asset-turnover,receiveable-turnover,days-sales-in-receivables,roe,return-on-tangible-equity,roa,roi,book-value-per-share,operating-cash-flow-per-share,free-cash-flow-per-share
2024-03-31,4269.09300,3364.47800,904.61470,623.62700,623.62700,280.98780,-39.40300,241.58500,67.28300,174.30200,174.30200,-0.76800,162.11200,358.18580,280.98780,125.71200,126.21100,1.29000,1.28000,1.16900,0.24480,0.44950,21.18990,6.58190,6.58190,5.65890,3.79730,0.28660,1.13160,79.53060,2.60990,-9.00690,1.17000,1.97100,53.33550,-0.3235,-0.5437
2023-12-31,4159.22500,3308.68700,850.53810,646.47500,646.47500,204.06300,-38.31400,165.74900,-16.27900,182.02800,182.02800,-0.57400,171.61000,280.35100,204.06300,126.10500,126.81300,1.37000,1.37000,1.36510,0.29620,0.42920,20.44940,4.90630,4.90630,3.98510,4.12600,0.27820,1.13130,79.55470,2.70280,-9.31150,1.21740,1.90210,53.62190,3.29900,3.16290
2023-09-30,4288.71200,3377.14600,911.56540,633.73690,633.73800,277.82840,-37.62800,240.20000,72.85200,167.34810,167.34800,-0.35300,149.37900,355.97840,277.82840,126.60700,127.21400,1.24000,1.25000,1.37040,0.29890,0.43560,21.25500,6.47810,6.47810,5.60070,3.48310,0.29340,1.20510,74.68270,2.53550,-8.30350,1.14490,1.77770,52.39120,1.7208,1.4128
2023-06-30,4186.70200,3329.95900,856.74320,587.00200,587.00200,269.74120,-43.05600,226.68500,54.16600,172.51900,172.51900,0.29400,164.23900,342.91020,269.74120,126.64600,127.13800,1.30000,1.29000,1.46170,0.32370,0.48710,20.46340,6.44280,6.44280,5.41440,3.92290,0.28030,1.17650,76.50060,2.62490,-7.85310,1.15500,1.77530,52.21140,2.5312,2.2997
2023-03-31,4078.33200,3188.03800,890.29390,600.43100,600.43100,289.86280,-37.55000,252.31300,19.06000,233.25300,233.25300,-0.07500,216.51200,368.04380,289.86280,126.88600,127.35900,1.71000,1.70000,1.52830,0.34610,0.53740,21.82990,7.10740,7.10740,6.18670,5.30880,0.27180,1.15900,77.65070,3.62870,-10.06390,1.55470,2.37270,50.69220,1.0394,0.7627
2022-12-31,3798.66800,2983.95500,814.71290,576.90800,576.90800,237.80490,-40.32400,197.48100,50.10300,147.37800,147.37800,-0.70800,135.64700,315.55690,237.80490,126.82400,127.49600,1.07000,1.06000,1.48330,0.35520,0.55920,21.44730,6.26020,6.26020,5.19870,3.57090,0.25460,1.10430,81.50080,2.36430,-5.84960,0.98790,1.52440,49.21170,2.37100,2.11860
2022-09-30,3881.04800,3045.36700,835.68120,527.14100,527.14100,308.54050,-28.68000,279.86000,39.35700,240.50300,240.50300,0.54400,225.20600,384.78650,308.54050,128.66500,129.44500,1.75000,1.75000,1.45250,0.35480,0.55820,21.53240,7.94990,7.94990,7.21090,5.80270,0.26470,1.13970,78.96950,3.93980,-9.72000,1.64050,2.54190,47.91780,2.1381,1.7736
2022-06-30,3827.09300,3002.61800,824.47510,558.71300,558.71300,265.76200,6.35300,272.11500,59.49100,212.62400,212.62400,-0.34300,195.98300,342.61400,265.76200,128.22500,128.93300,1.53000,1.52000,1.42790,0.37050,0.59730,21.54310,6.94420,6.94420,7.11020,5.12090,0.26000,1.15860,77.68170,3.55530,-7.53820,1.44420,2.23790,46.87650,-1.9043,-2.0902
2022-03-31,3834.05900,2963.64900,870.41020,704.19500,704.19500,166.21510,-10.93300,155.28200,46.16600,109.11600,109.11600,-0.00100,88.81600,241.02910,166.21510,129.33300,129.97300,0.69000,0.68000,1.24610,0.34300,0.53080,22.70210,4.33520,4.33520,4.05010,2.31650,0.25250,1.16080,77.53090,1.78240,-3.73260,0.71870,1.17100,47.49400,0.9649,0.7499
2021-12-31,3380.62500,2584.15100,796.47410,619.14100,619.14100,177.33300,-8.24300,169.09000,15.88900,153.20100,153.20100,-0.23200,134.03400,250.47700,177.33300,129.34200,130.29400,1.04000,1.03000,1.39880,0.33500,0.51250,23.56000,5.24560,5.24560,5.00170,3.96480,0.22840,1.12960,79.67560,2.51150,-5.33900,1.03490,1.67010,47.23040,2.46860,2.32070
2021-09-30,3586.48600,2758.72300,827.76320,576.24910,576.24900,251.51420,-81.13700,170.37800,99.34400,71.03400,71.03400,-1.68200,43.14300,324.52220,251.51490,130.19400,131.27400,0.33000,0.33000,1.33710,0.32220,0.48430,23.08010,7.01280,7.01280,4.75060,1.20290,0.24510,1.15640,77.82760,1.18890,-2.54790,0.48550,0.80590,46.35500,1.5485,1.3413
2021-06-30,3576.43600,2759.50100,816.93510,553.18900,553.18900,263.74610,19.64800,283.39400,109.18600,174.20800,174.20800,0.38400,165.79400,339.70610,263.74610,130.38500,131.42000,0.83000,0.83000,1.46220,0.33150,0.50460,22.84220,7.37460,7.37460,7.92390,4.63570,0.23510,1.12150,80.24900,2.81590,-6.49820,1.14540,1.88240,47.48240,1.2953,1.1417
2021-03-31,3547.87300,2780.86000,767.01290,808.12500,808.12500,-41.11210,-71.16900,-112.28100,-20.77200,-91.50900,-91.50900,11.32000,11.04500,14.57590,-41.11210,130.26200,130.26200,0.08000,0.08000,1.49230,0.36180,0.57570,21.61900,-1.15880,-1.15880,-3.16470,0.31130,0.22800,1.07460,83.75330,-1.51410,3.18130,-0.58800,-0.96630,46.42890,1.83,1.6152
2020-12-31,3381.83600,2749.77600,632.06010,418.12000,418.12000,213.93990,140.17100,354.11100,87.02300,267.08800,267.08800,-0.01400,257.04800,260.08400,213.93990,129.96800,131.15000,1.98000,1.96000,1.65710,0.22630,0.29250,18.68990,6.32610,6.32610,10.47100,7.60080,0.26490,1.03570,86.89760,4.34760,-70.14640,2.09190,3.36360,47.24400,0.85870,0.73090
2020-09-30,3519.68900,2854.75200,664.93680,642.46200,642.46300,22.47390,37.68400,60.15800,-19.72100,79.87900,79.87900,12.47400,81.99300,70.03890,22.47360,131.51400,132.72100,0.62000,0.62000,1.54320,0.22260,0.28640,18.89190,0.63850,0.63850,1.70920,2.32960,0.28490,1.11130,80.98950,1.36410,-18.08180,0.64660,1.06040,45.13110,3.2264,3.012
2020-06-30,3260.05700,2631.03100,629.02590,434.65000,434.65000,194.37600,109.30500,303.68100,67.67400,236.00700,236.00700,18.04300,244.92900,239.78700,194.37600,130.21500,131.26300,1.88000,1.87000,1.69040,0.26810,0.36620,19.29490,5.96230,5.96230,9.31520,7.51300,0.25850,1.03370,87.06280,4.01030,-57.86470,1.87130,2.93540,45.20660,2.74,2.5265
2020-03-31,3427.18000,2779.04500,648.13500,480.35700,480.35700,167.77810,-344.58300,-176.80500,-61.12200,-115.68300,-115.68300,29.88000,-92.08700,212.43810,167.77810,132.53100,132.53100,-0.69000,-0.69000,1.96840,0.35580,0.55220,18.91160,4.89550,4.89550,-5.15890,-2.68700,0.26090,1.07820,83.47160,-2.06100,17.19000,-0.88070,-1.32780,43.18180,1.132,0.8348
2019-12-31,3360.04900,2715.47800,644.57100,493.22600,493.22600,151.34500,102.82400,254.16900,68.48900,185.68000,185.68000,77.58700,257.01000,195.34200,151.34500,133.13400,134.61800,1.93000,1.91000,1.54630,0.18920,0.26640,19.18340,4.50420,4.50420,7.56440,7.64900,0.27540,1.09950,81.85900,3.06290,-896.17190,1.52190,2.48330,45.57990,-1.01910,-1.18440
2019-09-30,3392.86200,2727.32900,665.53370,566.44710,566.44600,99.08690,-45.54900,53.53700,24.12400,29.41300,29.41300,120.37800,142.32400,142.34690,99.08640,137.90700,139.20600,1.03000,1.01000,1.33770,0.17230,0.24290,19.61570,2.92050,2.92040,1.57790,4.19480,0.29600,1.19460,75.34020,0.50990,-8.94110,0.25660,0.42200,43.41290,-1.0338,-1.2381
2019-06-30,3169.62200,2543.48800,626.13400,536.18000,536.18000,89.95410,3.44500,93.39900,-1.98100,95.38000,95.38000,435.68400,524.44200,134.18810,89.95410,136.61100,137.82300,3.83000,3.80000,1.36070,0.14370,0.20430,19.75420,2.83800,2.83800,2.94670,16.54590,0.27230,1.14050,78.91380,1.56150,220.48950,0.81930,1.33710,44.96260,-1.202,-1.5337
2019-03-31,3091.59600,2474.75500,616.84110,514.16000,514.16000,102.68120,9.15100,111.83200,-7.94700,119.77900,119.77900,-57.00600,56.91700,144.85020,102.68120,138.33500,139.31600,0.41000,0.41000,1.52010,0.33840,0.51150,19.95220,3.32130,3.32130,3.61730,1.84100,0.23880,1.12540,79.97340,2.15600,48.47520,0.92520,1.42640,40.72050,1.1685,0.9221
2018-12-31,3083.78800,2515.26800,568.52000,455.39000,455.39000,113.12990,-20.93900,92.19100,22.75800,69.43300,69.43300,60.15800,124.29600,152.73590,113.12990,142.15400,143.57800,0.87000,0.86000,1.58300,0.31360,0.45750,18.43580,3.66850,3.66850,2.98950,4.03060,0.23820,1.14980,78.27120,1.18870,13.40620,0.53640,0.81590,41.60280,-1.56500,-1.70790
2018-09-30,2991.85600,2385.62200,606.23410,445.38710,445.38800,160.84670,-18.44600,142.40000,215.40200,-73.00200,-73.00200,41.58000,-37.54100,212.22370,160.84660,137.53600,137.53600,-0.23000,-0.23000,1.44850,0.26510,0.36120,20.26280,5.37620,5.37610,4.75960,-1.25480,0.23660,1.19010,75.62330,-1.22810,-12.68400,-0.57730,-0.90250,41.79750,1.618,1.3923
2018-06-30,2933.62300,2325.02800,608.59500,446.08300,446.08300,162.51200,-15.87900,146.63300,31.17400,115.45900,115.45900,34.61200,150.22200,214.53500,162.51200,142.01500,143.02900,1.05000,1.05000,1.44570,0.27850,0.38750,20.74550,5.53960,5.53960,4.99840,5.12070,0.23370,0.84700,106.26200,1.90750,-19.81120,0.91990,1.37630,42.66800,1.4981,1.3711
2018-03-31,2870.29500,2268.66700,601.62790,532.87300,532.87300,68.75490,-20.10400,48.65100,51.85600,-3.20500,-3.20500,55.13700,48.58700,124.41490,68.75490,141.78500,141.78500,0.34000,0.34000,1.49410,0.29420,0.41780,20.96050,2.39540,2.39540,1.69500,1.69280,0.22780,0.83900,107.27490,-0.05320,0.50290,-0.02540,-0.03750,42.51830,0.0076,-0.1271
2017-12-31,1783.99900,1441.90500,342.09400,346.76400,346.76400,-4.67000,-2.03300,-6.70300,27.20000,-33.90300,-33.90300,36.46400,2.16300,34.85700,-4.67000,124.12200,125.14500,0.02000,0.02000,1.48450,0.30270,0.43500,19.17570,-0.26180,-0.26180,-0.37570,0.12120,0.14060,0.54170,166.15210,-0.56870,4.98480,-0.26710,-0.39650,42.11550,0.37470,0.19610
2017-09-30,-1038.79600,-1000.87000,-37.92580,3.20800,3.20790,-41.13380,10.52100,-30.61300,-6.71700,-23.89600,-23.89600,,95.63900,-6.22980,-41.13380,119.37000,120.14700,0.78000,0.77000,1.55550,0.04980,0.05310,3.65100,3.95980,3.95980,2.94700,-9.20670,-0.14070,-0.49410,-182.16170,-0.53250,-2.08770,-0.32380,-0.50600,37.27470,1.6094,1.2498
2017-06-30,2514.75100,2055.38600,459.36500,330.89000,330.89000,128.47510,-1.07900,127.39600,38.76700,88.62900,88.62900,,88.12800,158.39210,128.47510,119.20600,119.85600,0.74000,0.74000,1.59810,0.06170,0.06650,18.26680,5.10890,5.10890,5.06590,3.50440,0.34710,1.20530,74.66740,2.06840,8.25460,1.22340,1.94070,35.62850,1.5127,1.2877
2017-03-31,2302.56700,1883.28300,419.28390,351.11100,351.11100,68.17290,-7.68200,60.49100,16.32600,44.16500,44.16500,,49.42400,97.32990,68.17290,120.91900,120.91900,0.41000,0.41000,1.62770,0.07430,0.08090,18.20940,2.96070,2.96070,2.62710,2.14650,0.32490,1.11880,80.44090,1.05800,4.45180,0.62330,0.97940,34.65440,0.7565,0.5511
2016-12-31,2551.60400,2132.29200,419.31200,330.68400,330.68400,88.62790,-2.74800,85.88000,24.72700,61.15300,61.15300,,60.53600,117.16290,88.62790,119.43800,121.85100,0.50000,0.50000,1.67080,0.08560,0.09430,16.43330,3.47340,3.47340,3.36570,2.37250,0.35890,1.21920,73.81900,1.47870,6.14340,0.86010,1.35210,34.13270,0.90620,0.73350
2016-09-30,2640.58700,2208.89600,431.69190,348.88110,348.88000,82.81150,-47.13800,35.67300,5.79000,29.88300,29.88300,,29.64400,113.83650,82.81080,120.13300,121.48300,0.25000,0.24000,1.60680,0.08170,0.08950,16.34830,3.13610,3.13610,1.35090,1.12260,0.35880,1.24810,72.10880,0.69010,3.27080,0.40600,0.63370,35.80110,1.9286,1.7843
2016-06-30,2693.87300,2242.42400,451.44900,341.89300,341.89300,109.55590,-6.74900,102.80700,31.87000,70.93700,70.93700,,69.05500,141.82490,109.55590,119.85000,121.44600,0.58000,0.57000,1.62120,0.09640,0.10870,16.75840,4.06690,4.06690,3.81630,2.56340,0.36300,1.20580,74.64200,1.58010,6.59360,0.95590,1.42780,36.88690,1.4886,1.4019
2016-03-31,2781.76300,2337.54700,444.21580,357.43500,357.43500,86.78080,3.67500,90.45600,27.06700,63.38900,63.38900,,65.25000,119.56480,86.78080,120.21600,121.14300,0.54000,0.54000,1.60180,0.10670,0.12000,15.96890,3.11960,3.11960,3.25180,2.34560,0.36050,1.15180,78.13690,1.42800,6.08450,0.82140,1.27570,36.34150,1.9626,1.8527
2015-12-31,2847.93400,2407.46000,440.47410,381.02400,381.02400,59.45020,-1.66300,57.78700,7.48100,50.30600,50.30600,,46.51400,93.34320,59.45020,120.88800,121.95900,0.38000,0.38000,1.74360,0.12460,0.14300,15.46640,2.08750,2.08750,2.02910,1.63330,0.37390,1.17470,76.61700,1.15110,5.21190,0.66050,1.00770,35.59510,0.21910,0.08910
2015-09-30,3116.95400,2643.60300,473.35110,419.52610,419.52500,53.82590,-4.53300,49.29200,12.02300,37.26900,37.26900,,29.86300,89.30990,53.82540,125.00700,126.11000,0.25000,0.26000,1.57620,0.11830,0.13720,15.18630,1.72690,1.72690,1.58140,0.95810,0.40030,1.22290,73.59330,0.85550,3.90550,0.47870,0.75430,35.37440,0.7386,0.5522
2015-06-30,2907.54100,2422.94400,484.59690,384.16300,384.16300,100.43380,-3.24600,97.18800,-0.12000,97.30800,97.30800,,91.06200,137.55180,100.43380,123.39200,124.60100,0.74000,0.73000,1.66000,0.12810,0.15560,16.66690,3.45430,3.45430,3.34260,3.13190,0.36530,1.08520,82.93120,2.21180,9.90130,1.22260,1.92840,35.43920,2.2846,2.1987
2015-03-31,2903.33200,2412.38800,490.94410,357.89900,357.89900,133.04520,-4.08300,128.96200,40.85200,88.11000,88.11000,,81.96700,170.74820,133.04520,125.99200,127.16600,0.65000,0.64000,1.70410,0.13920,0.17130,16.90970,4.58250,4.58250,4.44190,2.82320,0.36610,1.07530,83.70020,1.99850,9.12180,1.11090,1.72040,34.86000,-0.2499,-0.4418
2014-12-31,3187.00500,2667.55900,519.44580,361.22300,361.22300,158.22290,-3.52800,154.69500,48.50000,106.19500,106.19500,,100.07900,197.20990,158.22290,128.65200,129.97300,0.78000,0.77000,1.64640,0.13640,0.16790,16.29890,4.96460,4.96460,4.85390,3.14020,0.38660,1.16590,77.19350,2.37430,10.49500,1.28840,2.05040,34.54450,1.06920,0.83530
2014-09-30,3218.44200,2676.64100,541.80050,405.15090,405.15100,136.65010,8.15500,144.80500,53.75100,91.05400,91.05400,,86.07400,176.03220,136.65010,130.48300,132.37100,0.65000,0.65000,1.65630,0.14500,0.17770,16.83430,4.24580,4.24580,4.49920,2.67440,0.38070,1.12240,80.18790,2.02090,8.76260,1.07710,1.72790,34.19780,1.7933,1.6539
2014-06-30,3231.79100,2670.05200,561.73900,437.80200,437.80200,123.93700,-5.89100,118.04600,46.73700,71.30900,71.30900,,64.84200,163.26200,123.93700,130.73800,132.61100,0.50000,0.49000,1.72960,0.14830,0.18330,17.38170,3.83490,3.83490,3.65260,2.00640,0.38790,1.18120,76.19330,1.57320,6.39060,0.85580,1.33990,34.07760,2.1825,1.9896
2014-03-31,3176.03300,2659.48000,516.55300,394.11900,394.11900,122.43410,9.96000,132.39400,41.59400,90.80000,90.80000,,83.46000,160.85310,122.43410,130.38400,132.57900,0.64000,0.63000,1.84020,0.17270,0.22320,16.26410,3.85490,3.85490,4.16850,2.62780,0.38560,1.16840,77.02670,2.03410,8.51290,1.10250,1.68270,33.77110,-0.9936,-1.2008
2013-12-31,3068.89100,2615.20000,453.69120,308.64400,308.64400,145.04710,1.87400,146.92100,47.97200,98.94900,98.94900,,93.73200,173.33310,145.04710,130.12100,132.18000,0.72000,0.71000,1.82420,0.19280,0.25100,14.78360,4.72640,4.72640,4.78740,3.05430,0.36360,1.14070,78.89690,2.26890,9.76850,1.17220,1.83150,33.07280,2.47000,2.18340
2013-09-30,3142.65600,2667.96400,474.69140,299.54290,299.54400,175.14790,-0.24200,174.90600,58.42500,116.48090,116.48090,,110.81100,201.86690,175.14840,129.28800,130.94500,0.85000,0.84000,2.14000,0.08900,0.10310,15.10480,5.57320,5.57330,5.56550,3.52600,0.43200,1.23290,72.99850,2.74180,5.80200,1.60130,2.49780,32.27260,0.0953,-0.1741
2013-06-30,3080.99500,2613.99100,467.00420,298.64500,298.64500,168.35910,0.06400,168.42300,56.33400,112.08900,112.08900,,108.87100,192.74210,168.35910,129.53600,131.29500,0.84000,0.83000,2.19250,0.09500,0.10800,15.15760,5.46440,5.46440,5.46650,3.53360,0.43700,1.32920,67.70950,2.71940,5.32120,1.59000,2.46100,31.36630,1.3971,1.206
2013-03-31,2835.08400,2370.18300,464.90090,299.69800,299.69800,165.20290,-3.29500,161.90800,54.81900,107.08900,107.08900,,104.40100,188.49990,165.20290,129.09600,130.73000,0.81000,0.80000,2.20130,0.10080,0.11300,16.39810,5.82710,5.82710,5.71090,3.68250,0.41260,1.24650,72.19980,2.68440,5.39730,1.55840,2.41380,30.51840,0.0304,-0.256
2012-12-31,2759.64100,2323.91800,435.72310,275.45400,275.45400,160.26900,-3.95800,156.31100,51.78800,104.52300,104.52300,,99.01000,184.74400,160.26900,128.64400,129.66900,0.77000,0.76000,2.11070,0.11710,0.13400,15.78910,5.80760,5.80760,5.66420,3.58780,0.39780,1.24090,72.52660,2.70200,5.62920,1.50680,2.38560,29.70150,1.90240,1.71000
2012-09-30,2786.28500,2339.62300,446.66210,279.04500,279.04500,167.61690,2.47900,170.09600,59.01400,111.08200,111.08200,,107.41100,193.25990,167.61720,127.64400,128.69200,0.83000,0.83000,2.06750,0.12320,0.14050,16.03070,6.01580,6.01580,6.10480,3.85500,0.40740,1.18620,75.87170,2.95520,6.35280,1.62410,2.59100,28.92880,1.2297,1.0778
2012-06-30,2772.87400,2339.79300,433.08110,279.71500,279.71500,153.36600,-1.99500,151.37100,50.38100,100.99000,100.99000,,97.90000,178.03900,153.36600,127.92200,128.82000,0.77000,0.76000,2.10380,0.12160,0.13890,15.61850,5.53090,5.53090,5.45900,3.53060,0.42770,1.25560,71.67790,2.73660,5.95000,1.55790,2.40390,28.46330,0.1519,-0.1001
2012-03-31,2702.85100,2276.64700,426.20410,293.06600,293.06600,133.13820,-0.82300,132.31500,44.86900,87.44600,87.44600,,83.93300,158.41020,133.13820,127.41200,128.72600,0.66000,0.65000,1.78530,0.07420,0.15190,15.76870,4.92580,4.92580,4.89540,3.10540,0.42690,1.25900,71.48710,2.45470,5.19020,1.38110,2.27260,27.63470,-0.1933,-0.3291
2011-12-31,2631.76800,2210.72600,421.04200,279.09000,279.09000,141.95190,-2.39800,139.55400,48.11800,91.43600,91.43600,,89.71000,167.18790,141.95190,126.92100,128.08700,0.71000,0.70000,1.56100,,0.15520,15.99850,5.39380,5.39380,5.30270,3.40870,0.42960,1.29840,69.31750,2.64820,5.46870,1.49250,2.64820,26.89390,1.14130,0.98530
2011-09-30,2723.29500,2296.73300,426.56200,278.65790,278.65800,147.90380,-2.74800,145.15600,49.90900,95.24700,95.24700,,94.28000,174.13080,147.90380,125.68600,127.23500,0.74000,0.74000,1.46650,0.00060,0.17090,15.66350,5.43110,5.43110,5.33020,3.46200,0.43930,1.31090,68.65740,2.86600,6.56600,1.53640,2.86420,26.00760,0.8853,0.7705
2011-06-30,2744.17800,2331.46600,412.71190,273.33200,273.33200,139.37990,1.92100,141.30100,49.36500,91.93600,91.93600,,90.67600,164.55590,139.37990,125.90300,127.57800,0.72000,0.71000,1.46710,0.00080,0.17480,15.03960,5.07910,5.07910,5.14910,3.30430,0.45440,1.26020,71.41920,2.91570,6.52530,1.52230,2.91340,24.73620,0.4725,-0.0355
2011-03-31,2558.01600,2168.83500,389.18120,261.16600,261.16600,128.01510,-1.53400,126.48100,45.14000,81.34100,81.34100,,80.25000,151.74910,128.01510,125.40200,127.36300,0.64000,0.63000,1.97370,0.11070,0.14240,15.21420,5.00450,5.00450,4.94450,3.13720,0.45370,1.28920,69.81320,2.66740,6.17250,1.44280,2.37200,24.05810,-0.6502,-0.7331
2010-12-31,2356.17500,2025.13700,331.03810,227.41900,227.41900,103.61910,0.10400,103.72300,37.02600,66.69700,66.69700,,65.82300,123.85210,103.61910,124.98800,126.64000,0.53000,0.52000,2.26090,0.00400,0.02790,14.04980,4.39780,4.39780,4.40220,2.79360,0.48020,1.45640,61.79710,2.25720,3.71850,1.35930,2.24820,23.40250,1.15110,1.11100
2010-09-30,2343.03200,1995.00600,348.02640,228.51200,228.51100,119.51510,0.87200,120.38700,43.30800,77.07900,77.07900,,76.99400,142.29610,119.51490,124.13400,125.79000,0.61000,0.61000,2.23250,0.00020,0.02790,14.85370,5.10090,5.10090,5.13810,3.28610,0.50020,1.41160,63.75750,2.69040,4.41450,1.64560,2.69000,22.75400,-0.1054,-0.1633
2010-06-30,2507.72500,2235.53700,272.18800,227.10500,227.10500,45.08300,-7.84400,37.23900,17.99900,19.24000,19.24000,,19.04300,65.95600,45.08300,124.32800,125.96700,0.15000,0.15000,2.02910,0.00020,0.03340,10.85400,1.79780,1.79780,1.48500,0.75940,0.53800,1.50910,59.63930,0.68280,1.13200,0.41280,0.68270,22.43050,0.95,0.8212
2010-03-31,2586.97400,2223.79300,363.18120,241.17700,241.17700,122.00420,-0.84400,121.16000,43.59300,77.56700,77.56700,,77.50000,144.06610,122.00420,123.91100,125.56500,0.63000,0.62000,2.00360,0.00020,0.03420,14.03880,4.71610,4.71610,4.68350,2.99580,0.55620,1.52280,59.09980,2.75810,4.59880,1.66780,2.75760,22.51540,-0.9852,-1.1056
2009-12-31,2477.78500,2128.57600,349.20900,235.72800,235.72800,113.48100,-0.33300,113.14800,40.74700,72.40100,72.40100,,72.43700,136.25990,113.48100,123.62200,125.30200,0.59000,0.58000,1.91190,0.00020,0.04190,14.09360,4.57990,4.57990,4.56650,2.92350,0.52940,1.59880,56.29160,2.65850,4.55320,1.54690,2.65790,21.87290,1.91830,1.94960
2009-09-30,2552.54700,2204.57000,347.97730,225.83400,225.83400,122.14280,1.71400,123.85700,44.61600,79.24100,79.24100,,79.31700,151.84180,122.14310,122.77200,124.53400,0.65000,0.63000,2.17490,0.00030,0.00690,13.63250,4.78510,4.78510,4.85230,3.10740,0.57640,1.57700,57.06870,3.01130,4.65680,1.78930,3.01040,21.18230,0.4122,0.3447
2009-06-30,2706.72400,2334.86100,371.86300,225.18900,225.18900,146.67410,1.39300,148.06700,53.38100,94.68600,94.68600,,94.90000,165.91310,146.67410,122.95300,124.74800,0.77000,0.76000,2.02830,0.00510,0.01830,13.73850,5.41890,5.41890,5.47030,3.50610,0.61160,1.63940,54.89660,3.62140,5.59460,2.13950,3.60310,21.10220,2.2397,2.1582
2009-03-31,2975.45200,2571.82800,403.62400,232.93600,232.93600,170.68800,-0.06100,170.62700,61.45700,109.17000,109.17000,,109.28700,189.29300,170.68800,122.60500,124.35800,0.89000,0.88000,2.01730,0.01000,0.01080,13.56510,5.73650,5.73650,5.73450,3.67300,0.71150,1.71270,52.54880,4.40700,7.01640,2.61060,4.36300,20.06750,1.6173,1.3386
