Date,revenue,cost-goods-sold,gross-profit,selling-general-administrative-expenses,other-operating-income-expenses,operating-expenses,operating-income,total-non-operating-income-expense,pre-tax-income,total-provision-income-taxes,income-after-taxes,income-from-continuous-operations,income-from-discontinued-operations,net-income,ebitda,ebit,basic-shares-outstanding,shares-outstanding,eps-basic-net-earnings-per-share,eps-earnings-per-share-diluted,current-ratio,long-term-debt-capital,debt-equity-ratio,gross-margin,operating-margin,ebit-margin,pre-tax-profit-margin,net-profit-margin,asset-turnover,inventory-turnover,receiveable-turnover,days-sales-in-receivables,roe,return-on-tangible-equity,roa,roi,book-value-per-share,operating-cash-flow-per-share,free-cash-flow-per-share
2024-03-31,6699.00000,4518.00000,2181.00000,2251.00000,,2505.00000,-324.00000,-37.00000,-361.00000,-127.00000,-234.00000,-234.00000,,-277.00000,-88.00000,-324.00000,679.00000,679.00000,-0.41000,-0.41000,0.87340,0.30380,0.63670,32.55710,-4.83650,-4.83650,-5.38890,-4.13490,0.15420,1.51050,1.00160,89.85220,-1.38950,4.15410,-0.53850,-0.96740,24.99870,-0.3008,-0.4973
2023-12-31,6094.00000,4102.00000,1992.00000,1513.00000,,1552.00000,440.00000,-37.00000,403.00000,-1.00000,404.00000,404.00000,,374.00000,671.00000,440.00000,680.70000,682.40000,0.55000,0.55000,0.97140,0.30810,0.59350,32.68790,7.22020,7.22020,6.61310,6.13720,0.13860,1.36460,1.00810,89.27630,2.26030,-7.94490,0.91860,1.56390,26.22830,-0.36050,-0.49530
2023-09-30,6906.00000,4698.00000,2208.00000,1476.00000,,1696.00000,512.00000,12.00000,524.00000,-57.00000,581.00000,581.00000,,549.00000,739.00000,512.00000,684.30000,687.40000,0.80000,0.80000,0.96870,0.30640,0.50010,31.97220,7.41380,7.41380,7.58760,7.94960,0.16350,1.69240,1.14990,78.27110,3.28360,-11.32550,1.37540,2.27740,26.00640,2.02,1.7751
2023-06-30,7133.00000,4702.00000,2431.00000,1555.00000,,1636.00000,795.00000,-2.00000,793.00000,-329.00000,1122.00000,1122.00000,,1049.00000,1007.00000,795.00000,683.30000,686.20000,1.54000,1.53000,1.07890,0.32730,0.55910,34.08100,11.14540,11.14540,11.11730,14.70630,0.16670,1.52070,1.09070,82.51790,6.42500,-22.38630,2.62270,4.32200,25.66880,1.1849,1.062
2023-03-31,6686.00000,4445.00000,2241.00000,1579.00000,,1997.00000,244.00000,-21.00000,223.00000,49.00000,174.00000,174.00000,,133.00000,450.00000,244.00000,686.80000,689.70000,0.19000,0.19000,1.02850,0.31440,0.61430,33.51780,3.64940,3.64940,3.33530,1.98920,0.15400,1.45830,1.11400,80.79270,1.01890,-3.40240,0.40070,0.69850,24.89150,0.4549,0.2793
2022-12-31,6068.00000,3977.00000,2091.00000,1571.00000,,1916.00000,175.00000,-5.00000,170.00000,14.00000,156.00000,156.00000,,118.00000,378.00000,175.00000,687.00000,690.30000,0.17000,0.17000,1.02370,0.31100,0.56530,34.45950,2.88400,2.88400,2.80160,1.94460,0.14180,1.37370,1.06050,84.86820,0.90470,-3.05050,0.36450,0.62330,25.09050,-0.42880,-0.62290
2022-09-30,6725.00000,4430.00000,2295.00000,1533.00000,,1700.00000,595.00000,11.00000,606.00000,-203.00000,809.00000,809.00000,,723.00000,792.00000,595.00000,696.10000,699.60000,1.09000,1.08000,1.03970,0.29910,0.51490,34.12640,8.84760,8.84760,9.01120,10.75090,0.15950,1.66230,1.17430,76.64390,4.64890,-15.85340,1.91900,3.25840,25.26800,1.6774,1.5768
2022-06-30,6614.00000,4414.00000,2200.00000,1589.00000,,1710.00000,490.00000,14.00000,504.00000,61.00000,443.00000,443.00000,,379.00000,691.00000,490.00000,692.20000,694.90000,0.55000,0.55000,0.97270,0.29560,0.55370,33.26280,7.40850,7.40850,7.62020,5.73030,0.15630,1.71480,1.13060,79.60390,2.58410,-8.28660,1.04670,1.82030,24.88790,0.706,0.4621
2022-03-31,6098.00000,4141.00000,1957.00000,1454.00000,,1838.00000,119.00000,-9.00000,110.00000,58.00000,52.00000,52.00000,,11.00000,327.00000,119.00000,699.10000,702.70000,0.02000,0.02000,0.99640,0.29400,0.54560,32.09250,1.95150,1.95150,1.80390,0.18040,0.14180,1.64650,1.07190,83.96360,0.29400,-0.99430,0.12100,0.20760,25.42590,-0.0914,-0.2312
2021-12-31,5862.00000,3971.00000,1891.00000,1369.00000,,1418.00000,473.00000,17.00000,490.00000,71.00000,419.00000,419.00000,,419.00000,697.00000,473.00000,704.30000,709.50000,0.54000,0.54000,1.03660,0.28680,0.43530,32.25860,8.06890,8.06890,8.35890,7.14770,0.13880,1.63750,1.03370,87.06760,2.26610,-7.75780,0.99240,1.61610,26.30910,0.55250,0.37210
2021-09-30,6392.00000,4201.00000,2191.00000,1344.00000,,1411.00000,780.00000,26.00000,806.00000,490.00000,316.00000,316.00000,,269.00000,998.00000,780.00000,716.60000,721.10000,0.38000,0.37000,1.09890,0.28580,0.41270,34.27720,12.20280,12.20280,12.60950,4.20840,0.15260,2.04230,1.13880,79.03160,1.68510,-6.15860,0.75440,1.20340,26.45990,0.7282,0.4792
2021-06-30,6341.00000,4144.00000,2197.00000,1367.00000,,1446.00000,751.00000,18.00000,769.00000,108.00000,661.00000,661.00000,,574.00000,959.00000,751.00000,714.50000,719.70000,0.80000,0.80000,1.11040,0.27810,0.40950,34.64750,11.84360,11.84360,12.12740,9.05220,0.15050,2.00780,1.11870,80.44790,3.47950,-12.89250,1.56880,2.51190,26.67280,1.2013,1.0549
2021-03-31,5594.00000,3651.00000,1943.00000,1253.00000,,1349.00000,594.00000,12.00000,606.00000,209.00000,397.00000,397.00000,,343.00000,806.00000,594.00000,717.10000,721.30000,0.48000,0.48000,1.16750,0.28080,0.41410,34.73360,10.61850,10.61850,10.83300,6.13160,0.13580,1.83100,1.08260,83.13010,2.11650,-8.58190,0.96410,1.52220,26.17080,0.8993,0.7796
2020-12-31,5341.00000,3613.00000,1728.00000,1294.00000,,1294.00000,434.00000,-1.00000,433.00000,61.00000,372.00000,372.00000,124.00000,451.00000,641.00000,434.00000,723.10000,726.50000,0.62000,0.62000,1.18240,0.28410,0.42150,32.35350,8.12580,8.12580,8.10710,8.44410,0.12890,1.88870,1.03170,87.23650,1.97630,-7.80200,0.89800,1.41490,26.13320,0.70890,0.63040
2020-09-30,5954.00000,3979.00000,1975.00000,1453.00000,,1453.00000,522.00000,-1.00000,521.00000,31.00000,490.00000,490.00000,,441.00000,728.00000,522.00000,751.00000,753.60000,0.59000,0.59000,1.21880,0.28880,0.42190,33.17100,8.76720,8.76720,8.75040,7.40680,0.14590,2.24420,1.12470,80.02350,2.64390,-10.30490,1.20050,1.88030,25.51970,1.2747,1.1901
2020-06-30,5343.00000,3511.00000,1832.00000,1334.00000,,1944.00000,-112.00000,-11.00000,-123.00000,-1.00000,-122.00000,-122.00000,,-182.00000,90.00000,-112.00000,744.00000,744.00000,-0.24000,-0.24000,1.08110,0.23110,0.42890,34.28790,-2.09620,-2.09620,-2.30210,-3.40630,0.12940,1.75900,0.99980,90.01690,-0.64640,2.87060,-0.29560,-0.49710,25.36530,1.1351,1.1042
2020-03-31,5444.00000,3643.00000,1801.00000,1451.00000,,1513.00000,288.00000,-39.00000,249.00000,13.00000,236.00000,236.00000,,213.00000,495.00000,288.00000,754.80000,757.10000,0.28000,0.28000,1.04690,0.22810,0.37040,33.08230,5.29020,5.29020,4.57380,3.91260,0.13470,1.79460,0.99130,90.79350,1.23640,-5.39430,0.58410,0.95440,25.66070,0.2195,0.0772
2019-12-31,5576.00000,3773.00000,1803.00000,1427.00000,,1538.00000,265.00000,-9.00000,256.00000,65.00000,191.00000,191.00000,,159.00000,472.00000,265.00000,769.90000,774.00000,0.21000,0.21000,1.16800,0.22470,0.35640,32.33500,4.75250,4.75250,4.59110,2.85150,0.13120,1.93190,0.99360,90.58110,0.93490,-5.41080,0.44930,0.72480,26.74050,0.66020,0.49870
2019-09-30,6274.00000,4294.00000,1980.00000,1960.00000,,1960.00000,20.00000,7.00000,27.00000,-627.00000,654.00000,654.00000,,612.00000,220.00000,20.00000,870.20000,874.30000,0.75000,0.75000,1.36640,0.24360,0.34660,31.55880,0.31880,0.31880,0.43030,9.75450,0.14840,2.36710,1.08730,82.77020,3.13990,-21.93900,1.54660,2.37500,26.78520,1.1812,0.9829
2019-06-30,6451.00000,4307.00000,2144.00000,1388.00000,,1623.00000,521.00000,-57.00000,464.00000,239.00000,225.00000,225.00000,4051.00000,4192.00000,724.00000,521.00000,870.90000,875.20000,4.81000,4.79000,1.41120,0.24120,0.34210,33.23520,8.07630,8.07630,7.19270,64.98220,0.14980,2.10100,1.06930,84.16830,1.05100,-8.51630,0.52240,0.79750,26.90560,0.6987,0.559
2019-03-31,5779.00000,3935.00000,1844.00000,1458.00000,,1458.00000,386.00000,-65.00000,321.00000,47.00000,274.00000,274.00000,284.00000,515.00000,597.00000,386.00000,902.50000,905.90000,0.57000,0.57000,0.95500,0.28330,0.58150,31.90860,6.67940,6.67940,5.55460,8.91160,0.11920,1.85260,1.01260,88.87870,1.28630,-9.05790,0.56510,0.92200,23.71870,0.1991,0.0609
2018-12-31,5464.00000,3739.00000,1725.00000,1438.00000,,1438.00000,287.00000,-43.00000,244.00000,108.00000,136.00000,136.00000,263.00000,355.00000,498.00000,287.00000,921.60000,925.20000,0.39000,0.38000,1.02590,0.30930,0.55630,31.57030,5.25260,5.25260,4.46560,6.49710,0.11380,1.84460,1.00400,89.63760,0.63530,-4.58840,0.28320,0.43880,23.45430,-0.08540,-0.24860
2018-09-30,6183.00000,4126.00000,2057.00000,1392.00000,,1493.00000,564.00000,-49.00000,515.00000,-117.00000,632.00000,632.00000,193.00000,771.00000,739.00000,564.00000,925.70000,931.70000,0.84000,0.82000,1.05090,0.30000,0.48670,33.26860,9.12180,9.12180,8.32930,12.46970,0.12670,2.26830,1.09980,81.83410,2.81410,-29.95260,1.29520,1.97000,24.27870,0.8825,0.7339
2018-06-30,6282.00000,4194.00000,2088.00000,1441.00000,,1441.00000,647.00000,-40.00000,607.00000,61.00000,546.00000,546.00000,258.00000,723.00000,874.00000,647.00000,925.60000,930.70000,0.78000,0.78000,1.10300,0.32230,0.54820,33.23780,10.29930,10.29930,9.66250,11.50910,0.12720,1.19520,0.91110,98.78220,2.50360,-13.23000,1.10510,1.69660,23.57930,0.5988,0.3962
2018-03-31,5630.00000,3806.00000,1824.00000,1490.00000,,1490.00000,334.00000,-80.00000,254.00000,36.00000,218.00000,218.00000,265.00000,438.00000,546.00000,334.00000,926.20000,932.50000,0.47000,0.47000,1.11640,0.33380,0.55290,32.39790,5.93250,5.93250,4.51150,7.77980,0.11270,1.06760,0.84290,106.76910,0.99630,-4.79020,0.43640,0.66380,23.62330,0.2937,0.1219
2017-12-31,5305.00000,3607.00000,1698.00000,1319.00000,,1473.00000,225.00000,-55.00000,170.00000,217.00000,-47.00000,-47.00000,318.00000,230.00000,435.00000,225.00000,926.10000,926.10000,0.25000,0.25000,1.10520,0.33630,0.58140,32.00750,4.24130,4.24130,3.20450,4.33550,0.10660,1.04280,0.78810,114.19230,-0.21860,0.96430,-0.09440,-0.14510,23.21550,-0.14360,-0.26130
2017-09-30,799.00000,95.00000,704.00000,818.00000,,939.00000,-235.00000,-110.00000,-345.00000,-248.00000,-97.00000,-97.00000,1024.00000,875.00000,-235.00000,-235.00000,935.30000,944.60000,0.94000,0.93000,1.03700,0.35890,0.63520,88.11010,-29.41180,-29.41180,-43.17900,109.51190,0.01540,0.02960,0.11990,750.86360,-0.45400,1.91620,-0.18700,-0.29100,23.02540,1.7725,2.0289
2017-06-30,7683.00000,5252.00000,2431.00000,1609.00000,,1658.00000,773.00000,-55.00000,718.00000,89.00000,629.00000,629.00000,,555.00000,1054.00000,773.00000,935.40000,944.40000,0.59000,0.59000,1.21250,0.36350,0.69230,31.64130,10.06120,10.06120,9.34530,7.22370,0.15160,1.55200,1.19250,75.47440,3.05120,-10.97540,1.24100,1.94210,22.10960,0.2376,-0.1368
2017-03-31,7267.00000,4986.00000,2281.00000,1726.00000,,1825.00000,456.00000,-63.00000,393.00000,508.00000,-115.00000,-115.00000,,-148.00000,748.00000,456.00000,939.20000,939.20000,-0.16000,-0.16000,1.23150,0.36890,0.66710,31.38850,6.27490,6.27490,5.40800,-2.03660,0.14650,1.58890,1.19250,75.47270,-0.56930,1.87600,-0.23180,-0.35930,21.53370,0.3724,0.1059
2016-12-31,7086.00000,4972.00000,2114.00000,1570.00000,,1648.00000,466.00000,-81.00000,385.00000,-27.00000,412.00000,412.00000,-34.00000,329.00000,812.00000,466.00000,937.20000,947.40000,0.35000,0.35000,0.95700,0.33670,0.64960,29.83350,6.57630,6.57630,5.43320,4.64300,0.14520,1.68940,1.16990,76.93060,2.02000,-5.37440,0.84450,1.34000,21.72830,-1.98970,-2.37910
2016-09-30,6254.00000,4566.00000,1688.00000,1549.00000,,1750.00000,-62.00000,-40.00000,-102.00000,-5.00000,-97.00000,-97.00000,-1035.00000,-1171.00000,211.00000,-62.00000,667.40000,672.60000,-1.76000,-1.76000,1.04760,0.30580,0.50850,26.99070,-0.99140,-0.99140,-1.63100,-18.72400,0.09900,1.58100,0.97810,92.01470,-0.38660,2.79220,-0.15350,-0.26840,26.81140,1.7655,1.1782
2016-06-30,5154.00000,3732.00000,1422.00000,895.00000,,922.00000,500.00000,-20.00000,480.00000,78.00000,402.00000,402.00000,57.00000,383.00000,735.00000,500.00000,644.90000,649.70000,0.59000,0.59000,1.22660,0.33050,0.57140,27.59020,9.70120,9.70120,9.31320,7.43110,0.44380,5.68900,2.85540,31.51920,9.16550,-40.28060,3.46130,6.13650,10.77630,0.119,-0.2704
2016-03-31,4733.00000,3446.00000,1287.00000,899.00000,,959.00000,328.00000,-31.00000,297.00000,41.00000,256.00000,256.00000,-725.00000,-530.00000,547.00000,328.00000,648.20000,652.10000,-0.82000,-0.81000,1.13300,0.34070,0.61250,27.19210,6.93010,6.93010,6.27510,-11.19800,0.40760,5.14330,2.74850,32.74460,6.12730,-19.58680,2.20480,4.03980,10.29660,0.9722,0.5577
2015-12-31,4696.00000,3439.00000,1257.00000,847.00000,,847.00000,410.00000,-24.00000,386.00000,83.00000,303.00000,303.00000,187.00000,450.00000,636.00000,410.00000,647.70000,652.80000,0.69000,0.69000,1.14140,0.34660,0.56800,26.76750,8.73080,8.73080,8.21980,9.58260,0.41080,5.31530,2.73180,32.94510,7.48890,-24.31780,2.65070,4.89340,9.98840,-0.01990,-0.43810
2015-09-30,9703.00000,7878.00000,1825.00000,1266.00000,,1373.00000,452.00000,-139.00000,313.00000,-15.00000,328.00000,328.00000,869.00000,1078.00000,1055.00000,452.00000,655.20000,661.50000,1.17530,1.16630,1.00220,0.35370,0.62960,18.80860,4.65840,4.65840,3.22580,11.11000,0.32760,3.31430,1.68720,53.34330,3.12440,15.19930,1.10730,2.01930,16.21650,1.168,-0.043
2015-06-30,2489.00000,1573.00000,916.00000,625.00000,,663.00000,253.00000,-16.00000,237.00000,49.00000,188.00000,188.00000,-32.00000,156.00000,339.00000,253.00000,402.05500,407.78500,0.38740,0.38740,1.20640,0.28670,0.46580,36.80190,10.16470,10.16470,9.52190,6.26760,0.21240,2.27970,1.40230,64.18240,4.33280,-22.32780,1.60410,3.09060,10.78100,0.6008,0.4537
2015-03-31,2430.00000,1549.00000,881.00000,648.00000,,660.00000,221.00000,-22.00000,199.00000,18.00000,181.00000,181.00000,-16.00000,167.00000,302.00000,221.00000,401.10000,407.78500,0.41880,0.40840,1.17220,0.29050,0.47520,36.25520,9.09470,9.09470,8.18930,6.87240,0.20780,2.28800,1.47900,60.85190,4.27900,-19.19410,1.54770,3.03590,10.52420,0.4145,0.2722
2014-12-31,2478.00000,1569.00000,909.00000,652.00000,,710.00000,199.00000,-17.00000,182.00000,19.00000,163.00000,163.00000,-2.00000,162.00000,289.00000,199.00000,401.10000,407.78500,0.40840,0.39790,1.17010,0.21650,0.34130,36.68280,8.03070,8.03070,7.34460,6.53750,0.22130,2.38450,1.44240,62.39710,3.80490,-24.69700,1.45560,2.98100,10.68500,0.23540,0.07600
2014-09-30,31116.00000,27616.00000,3500.00000,2339.00000,,2635.00000,865.00000,216.00000,1081.00000,243.00000,838.00000,632.00000,-1220.00000,-712.00000,1552.00000,865.00000,666.90000,674.80000,-2.57790,-2.51410,1.37650,0.23610,0.31330,11.24820,2.77990,2.77990,3.47410,-2.28820,2.63490,44.18560,17.94460,5.01540,13.53320,-385.36580,5.35190,10.33860,11.45470,2.156,0.9524
2014-06-30,2660.00000,1675.00000,985.00000,671.00000,,688.00000,297.00000,-20.00000,277.00000,55.00000,222.00000,437.00000,1015.00000,1450.00000,385.00000,297.00000,437.39000,445.03000,3.31940,3.25650,1.75480,0.19310,0.24270,37.03010,11.16540,11.16540,10.41350,54.51130,0.20820,2.57690,1.52960,58.83840,7.24950,41.57950,3.42050,5.84930,14.04860,0.4041,0.2359
2014-03-31,2480.00000,1578.00000,902.00000,635.00000,-1.00000,643.00000,259.00000,-23.00000,236.00000,39.00000,197.00000,192.00000,15.00000,207.00000,345.00000,259.00000,440.25500,447.89500,0.47120,0.46070,1.40140,0.22190,0.28920,36.37100,10.44360,10.44360,9.51610,8.34680,0.20780,2.38730,1.48150,60.75000,3.79750,179.43920,1.60870,2.95480,11.47990,0.7156,0.5588
2013-12-31,2493.00000,1575.00000,918.00000,571.00000,,574.00000,344.00000,-22.00000,322.00000,70.00000,252.00000,248.00000,24.00000,270.00000,438.00000,344.00000,443.12000,449.80500,0.60730,0.59690,1.26680,0.21870,0.31490,36.82310,13.79860,13.79860,12.91620,10.83030,0.20750,2.29930,1.44520,62.27440,4.81180,-137.77780,2.06440,3.75930,11.72860,0.27350,0.14230
2013-09-30,2447.00000,1524.00000,923.00000,678.00000,1.00000,703.00000,220.00000,-21.00000,199.00000,48.00000,151.00000,121.00000,42.00000,166.00000,315.00000,220.00000,444.07500,450.76000,0.36650,0.37700,1.45030,0.21980,0.28570,37.71970,8.99060,8.99060,8.13240,6.78380,0.20100,2.36280,1.43600,62.67270,2.36280,72.02380,0.99380,1.84340,11.57020,0.8252,0.6864
2013-06-30,2537.00000,1606.00000,931.00000,712.00000,-4.00000,769.00000,162.00000,-21.00000,141.00000,23.00000,118.00000,112.00000,23.00000,135.00000,257.00000,162.00000,442.16500,449.80500,0.30370,0.29320,1.26340,0.23640,0.31360,36.69690,6.38550,6.38550,5.55770,5.32120,0.21370,2.34450,1.51190,59.52700,2.37190,-35.44300,0.94360,1.81110,10.70280,0.5988,0.4523
2013-03-31,2474.00000,1591.00000,883.00000,766.00000,0.00000,788.00000,95.00000,-42.00000,53.00000,-2.00000,55.00000,49.00000,21.00000,72.00000,179.00000,95.00000,445.03000,452.67000,0.16750,0.16750,1.33310,0.23840,0.31540,35.69120,3.83990,3.83990,2.14230,2.91030,0.20690,2.43270,1.50030,59.98790,1.03590,-14.00000,0.40980,0.78890,10.70170,0.5392,0.4314
2012-12-31,2600.00000,1668.00000,932.00000,682.00000,-5.00000,697.00000,235.00000,-29.00000,206.00000,39.00000,167.00000,161.00000,4.00000,163.00000,340.00000,235.00000,445.03000,451.71500,0.36650,0.35600,1.49210,0.22350,0.28990,35.84620,9.03850,9.03850,7.92310,6.26920,0.21440,2.51200,1.52140,59.15770,3.12990,-596.29630,1.32780,2.43020,11.57520,-0.07750,-0.27010
2012-09-30,2728.00000,1728.00000,1000.00000,749.00000,-61.00000,847.00000,153.00000,-481.00000,-328.00000,294.00000,-622.00000,-629.00000,210.00000,-419.00000,219.00000,153.00000,441.21000,441.21000,-0.95290,-0.95290,1.40560,0.22820,0.29760,36.65690,5.60850,5.60850,-12.02350,-15.35920,0.22060,2.72560,1.60850,55.95310,-12.55490,491.40630,-5.08690,-9.69030,11.35050,1.7841,1.7751
2012-06-30,2655.00000,1685.00000,970.00000,829.00000,-6.00000,852.00000,118.00000,-53.00000,65.00000,-6.00000,71.00000,64.00000,181.00000,246.00000,225.00000,118.00000,442.16500,448.85000,0.55500,0.54450,1.53310,0.22350,0.28890,36.53480,4.44440,4.44440,2.44820,9.26550,0.09810,1.08570,1.07270,83.89830,0.44400,10.04710,0.23640,0.34470,32.83200,1.7239,1.4818
2012-03-31,2542.00000,1634.00000,908.00000,660.00000,-4.00000,680.00000,228.00000,-59.00000,169.00000,33.00000,136.00000,134.00000,189.00000,323.00000,333.00000,228.00000,442.16500,447.89500,0.73300,0.72250,1.50790,0.22100,0.28400,35.71990,8.96930,8.96930,6.64830,12.70650,0.09390,1.05900,1.04140,86.42410,0.91910,19.03410,0.49520,0.71600,33.02810,1.5986,1.3888
2011-12-31,2478.00000,1579.00000,899.00000,677.00000,0.00000,713.00000,186.00000,-51.00000,135.00000,27.00000,108.00000,98.00000,224.00000,322.00000,287.00000,186.00000,443.12000,447.89500,0.72250,0.72250,1.54000,0.22460,0.29220,36.27930,7.50610,7.50610,5.44790,12.99440,0.09350,1.07780,1.08070,83.28090,0.68610,15.80650,0.36980,0.53200,32.32840,0.75460,0.55590
2011-09-30,2799.00000,1790.00000,1009.00000,773.00000,,788.00000,221.00000,-47.00000,174.00000,-13.00000,187.00000,175.00000,223.00000,397.00000,-334.00000,221.00000,445.03000,449.80500,0.89010,0.87960,3.22520,0.22480,0.29010,36.04860,7.89570,7.89570,6.21650,14.18360,0.10480,3.32100,1.80930,49.74280,1.23640,1.90820,0.65540,0.95840,31.89880,1.8443,2.2254
2011-06-30,4292.00000,2640.00000,1652.00000,1142.00000,,1177.00000,475.00000,-55.00000,420.00000,58.00000,362.00000,362.00000,-4.00000,359.00000,806.00000,475.00000,446.94000,453.62500,0.80630,0.79580,1.47640,0.22620,0.29520,38.49020,11.06710,11.06710,9.78560,8.36440,0.15910,1.87770,1.73770,51.79400,2.55250,49.65710,1.34190,1.97520,32.02050,1.5691,1.158
2011-03-31,3992.00000,2444.00000,1548.00000,1085.00000,,1111.00000,437.00000,-60.00000,377.00000,57.00000,320.00000,320.00000,-4.00000,315.00000,759.00000,437.00000,450.76000,455.53500,0.70160,0.69110,1.51350,0.22910,0.29730,38.77760,10.94690,10.94690,9.44390,7.89080,0.15030,1.80640,1.72660,52.12430,2.30320,43.47830,1.20510,1.77550,31.06800,1.4822,1.0753
2010-12-31,4379.00000,2750.00000,1629.00000,1137.00000,0.00000,923.00000,706.00000,-53.00000,653.00000,163.00000,490.00000,490.00000,169.00000,659.00000,1029.00000,706.00000,466.04000,469.86000,1.41360,1.40310,1.51190,0.20380,0.29250,37.20030,16.12240,16.12240,14.91210,15.04910,0.16600,2.19470,1.97250,45.62690,3.45170,41.80890,1.85730,2.74820,31.09340,0.50230,0.12770
2010-09-30,4493.00000,2824.00000,1669.00000,1206.00000,,1276.00000,393.00000,-58.00000,335.00000,60.00000,275.00000,275.00000,-7.00000,266.00000,-9.00000,393.00000,473.68000,477.50000,0.56540,0.55500,1.39580,0.20570,0.29700,37.14670,8.74690,8.74690,7.45600,5.92030,0.16560,1.95700,1.80220,49.93770,1.95020,25.51020,1.01370,1.54900,30.23190,2.0198,2.3526
2010-06-30,4274.00000,2693.00000,1581.00000,1163.00000,,1206.00000,375.00000,-149.00000,226.00000,-26.00000,252.00000,252.00000,4.00000,254.00000,679.00000,375.00000,469.86000,473.68000,0.54450,0.53400,1.47790,0.20440,0.29470,36.99110,8.77400,8.77400,5.28780,5.94290,0.15880,1.90050,1.76900,50.87510,1.78210,18.86230,0.93650,1.41780,29.37070,1.3321,0.9917
2010-03-31,4094.00000,2603.00000,1491.00000,1094.00000,,1066.00000,425.00000,-64.00000,361.00000,53.00000,308.00000,308.00000,4.00000,310.00000,705.00000,425.00000,454.58000,456.49000,0.68060,0.68060,1.68180,0.23610,0.35060,36.41920,10.38110,10.38110,8.81780,7.57210,0.16070,1.77800,1.66420,54.07910,2.38330,19.74360,1.20920,1.82050,28.46770,1.384,1.0219
2009-12-31,4155.00000,2616.00000,1539.00000,1123.00000,,1134.00000,405.00000,-57.00000,348.00000,51.00000,297.00000,297.00000,6.00000,302.00000,690.00000,405.00000,454.58000,457.44500,0.67020,0.65970,1.97010,0.25450,0.34260,37.03970,9.74730,9.74730,8.37550,7.26840,0.16230,1.76280,1.66270,54.13000,2.24970,17.41940,1.16010,1.67720,29.09450,0.82850,0.50500
2009-09-30,4154.00000,2609.00000,1545.00000,1149.00000,,1244.00000,301.00000,-82.00000,219.00000,23.00000,196.00000,196.00000,11.00000,205.00000,617.00000,301.00000,451.71500,451.71500,0.43980,0.46070,1.69410,0.23720,0.32990,37.19310,7.24600,7.24600,5.27200,4.93500,0.16260,1.90440,1.63290,55.11800,1.51300,12.89470,0.76700,1.15410,28.60700,2.1962,1.7467
2009-06-30,4152.00000,2677.00000,1475.00000,1110.00000,,1141.00000,334.00000,-65.00000,269.00000,24.00000,245.00000,245.00000,43.00000,287.00000,610.00000,334.00000,451.71500,453.62500,0.63870,0.62830,1.67490,0.25120,0.33700,35.52510,8.04430,8.04430,6.47880,6.91230,0.16440,1.68360,1.57390,57.18210,1.94520,17.40060,0.96980,1.45650,27.84610,1.461,1.1069
2009-03-31,4150.00000,2715.00000,1435.00000,1200.00000,,3989.00000,-2554.00000,-60.00000,-2614.00000,-60.00000,-2554.00000,-2554.00000,-12.00000,-2567.00000,435.00000,-2554.00000,451.71500,451.71500,-5.67540,-5.67540,1.55810,0.26220,0.35700,34.57830,-61.54220,-61.54220,-62.98800,-61.85540,0.16750,1.58590,1.59130,56.55900,-21.49290,-271.12530,-10.30800,-15.85740,26.28560,1.7024,0.9785
