Date,revenue,cost-goods-sold,gross-profit,research-development-expenses,selling-general-administrative-expenses,other-operating-income-expenses,operating-expenses,operating-income,total-non-operating-income-expense,pre-tax-income,income-after-taxes,income-from-continuous-operations,net-income,ebitda,ebit,basic-shares-outstanding,shares-outstanding,eps-basic-net-earnings-per-share,eps-earnings-per-share-diluted,current-ratio,long-term-debt-capital,debt-equity-ratio,gross-margin,operating-margin,ebit-margin,pre-tax-profit-margin,net-profit-margin,asset-turnover,inventory-turnover,receiveable-turnover,days-sales-in-receivables,roe,return-on-tangible-equity,roa,roi,book-value-per-share,operating-cash-flow-per-share,free-cash-flow-per-share
2023-09-30,,,,5.55400,4.95200,1.74400,,-8.76200,0.05800,-8.70400,-8.70400,-8.70400,-8.70400,-8.37400,-8.76200,2.55000,2.55000,-3.41000,-3.41000,5.62100,0.77070,3.36060,,,,,,,,,,-77.55510,-77.55500,-14.24080,-17.78540,4.16750,-0.6979,-0.8009
2023-06-30,,,,4.27800,4.96200,-0.35900,,-9.59900,-0.81400,-10.41300,-10.41300,-10.41300,-10.41300,-9.21900,-9.59900,2.38800,2.38800,-4.36000,-4.36000,6.65260,0.69120,2.23860,,,,,,,,,,-59.53020,-59.53010,-15.65870,-18.38160,6.88930,-2.5553,-2.6182
2023-03-31,,,,4.03600,6.03000,-1.61700,,-11.68300,-2.77200,-14.45500,-14.45500,-14.45500,-14.45500,-11.27700,-11.68300,2.06900,2.06900,-6.99000,-6.99000,6.95020,0.62140,1.64100,,,,,,,,,,-61.61270,-61.61290,-20.01360,-23.32920,10.16070,-4.68050,-4.73270
2022-12-31,,,,3.32300,5.83100,-1.09700,,-10.25100,-2.59200,-12.84300,-12.84300,-12.84300,-12.84300,-9.87600,-10.25100,1.52100,1.52100,-7.77000,-7.63000,3.34600,0.68960,2.73540,,,,,,,,,,-67.68730,-67.68730,-14.79270,-21.00760,11.11540,-8.7181,-8.6834
2022-09-30,0.42000,0.01100,0.40900,5.39100,9.54900,-0.03800,14.97800,-14.56900,43.64200,29.07300,29.07300,29.07300,29.07300,-14.15900,-14.56900,1.49900,1.51000,19.39000,19.25000,2.10410,1.02130,-52.17980,97.38100,-3468.81000,-3468.81000,6922.14300,6922.14300,0.00490,,2.21050,40.71430,-3003.35400,-3003.40200,33.92500,63.95710,-0.65540,-9.8446,-9.84
2022-06-30,2.10000,1.77400,0.32600,4.47300,22.67300,0.84800,26.29800,-25.97200,-2.13900,-28.11100,-28.11100,-28.11100,-28.11100,-25.38400,-25.97200,1.48600,1.48600,-18.92000,-18.92000,2.53910,1.60580,-2.77710,15.52380,-1236.76200,-1236.76200,-1338.61900,-1338.61900,0.02470,70.96000,0.15190,592.37140,89.08860,89.08860,-33.08110,-53.97140,-21.70930,-17.0947,-17.2104
2022-03-31,1.37200,0.77500,0.59700,4.46600,26.98200,-0.06300,31.51100,-30.91400,-2.02700,-32.94100,-32.94100,-32.94100,-32.94100,-30.32500,-30.91400,1.48500,1.48500,-22.18000,-22.18000,2.99940,1.06770,-16.66140,43.51310,-2253.20700,-2253.20700,-2400.94800,-2400.94800,0.01230,0.07360,0.10540,854.08170,623.41240,623.40990,-29.52390,-42.18930,-3.63940,-16.22160,-16.27610
2021-12-31,1.85600,1.41800,0.43800,2.41400,24.02700,,47.25300,-46.81500,-0.75300,-47.56800,-47.56800,-47.56800,-47.56800,-46.16400,-46.81500,1.31600,1.31600,-33.91000,-33.91000,3.32330,0.83440,5.68190,23.59910,-2522.36000,-2522.36000,-2562.93000,-2562.93000,0.01330,0.16410,0.12100,744.10020,-283.07620,-283.07540,-34.11680,-46.88490,12.71100,-21.0642,-21.04
2021-09-30,3.06700,0.90800,2.15900,2.88100,25.34900,,28.23000,-26.07100,-2.05600,-28.12700,-28.12700,-28.12700,-28.12700,-25.37700,-26.07100,1.31300,1.31300,-21.41000,-21.41000,5.48210,0.56080,1.27690,70.39450,-850.04900,-850.04900,-917.08510,-917.08510,0.01580,0.11780,0.24280,370.62280,-45.75800,-45.75800,-14.51240,-20.09650,47.22210,-19.1638,-19.3691
2021-06-30,3.05100,1.01600,2.03500,3.09400,27.98600,,31.08000,-29.04500,-7.45300,-36.49800,-36.49800,-36.49800,-36.49800,-28.42200,-29.04500,1.29110,1.29110,-28.50000,-28.50000,6.58540,0.48090,0.92620,66.69950,-951.98290,-951.98290,-1196.26400,-1196.26400,0.01420,0.12630,0.25730,349.82300,-43.31080,-43.31080,-16.93930,-22.48450,65.05330,-15.5481,-15.7927
2021-03-31,3.26600,0.75500,2.51100,3.12600,27.69900,,30.82500,-28.31400,-2.09800,-30.41200,-30.41200,-30.41200,-30.41200,-27.78800,-28.31400,1.23310,1.23310,-24.50000,-24.50000,8.95820,0.39780,0.66050,76.88300,-866.93200,-866.93200,-931.16960,-931.16960,0.01420,0.09160,0.26760,336.35640,-27.69970,-27.69970,-13.23260,-16.68120,86.03720,-26.46940,-26.64700
2020-12-31,2.23800,1.35900,0.87900,3.39700,26.46600,,29.86300,-28.98400,-2.12800,-31.11200,-31.11200,-31.11200,-31.11200,-28.47400,-28.98400,1.04760,1.04760,-26.50000,-26.50000,7.71110,0.41940,0.72250,39.27610,-1295.08500,-1295.08500,-1390.17000,-1390.17000,0.01010,0.25990,0.23300,386.21980,-31.11360,-31.11360,-14.03930,-18.06340,84.86380,-28.7736,-29.3255
2020-09-30,2.22000,0.70100,1.51900,3.46800,23.89300,,27.36100,-25.84200,-2.10600,-27.94800,-27.94800,-27.94800,-27.94800,-25.35300,-25.84200,1.12060,1.12060,-25.00000,-25.00000,9.11280,0.40430,0.69270,68.42340,-1164.05400,-1164.05400,-1258.91900,-1258.91900,0.00990,0.09300,0.29780,302.22970,-26.35860,-26.35860,-12.41600,-15.70140,94.56660,-22.6761,-23.1567
2020-06-30,0.83300,0.75900,0.07400,6.05300,15.30100,,21.35400,-21.28000,-2.03200,-23.31200,-23.31200,-23.31200,-23.31200,-20.79600,-21.28000,1.11410,1.11410,-21.00000,-21.00000,11.63070,0.35730,0.55600,8.88360,-2554.62200,-2554.62200,-2798.55900,-2798.55900,0.00340,0.13290,0.19460,462.53300,-18.07930,-18.07930,-9.49530,-11.61880,115.47620,-10.7412,-11.2045
2020-03-31,1.07100,0.35400,0.71700,5.43400,15.40800,,20.84200,-20.12500,-1.83000,-21.95500,-21.95500,-21.95500,-21.95500,-19.64200,-20.12500,0.81520,0.81520,-27.00000,-27.00000,12.17200,0.33550,0.50480,66.94680,-1879.08500,-1879.08500,-2049.95300,-2049.95300,0.00410,0.06710,0.22340,402.85720,-15.51480,-15.51480,-8.49240,-10.31000,129.62110,-24.38550,-24.74360
2019-12-31,1.18000,0.74700,0.43300,6.13800,14.49200,,20.63000,-20.19700,-1.76100,-21.95800,-21.95800,-21.95800,-21.95800,-19.71900,-20.19700,0.68420,0.68420,-31.50000,-31.50000,4.25790,0.70570,2.44210,36.69490,-1711.61000,-1711.61000,-1860.84700,-1860.84700,0.00760,0.16070,0.10200,881.92360,-73.95250,-73.95260,-14.22860,-21.76730,41.14060,-26.484,-26.7568
2019-09-30,1.45100,0.66800,0.78300,7.07000,15.28000,,22.35000,-21.56700,-1.60900,-23.17600,-23.17600,-23.17600,-23.17600,-21.09800,-21.56700,0.68340,0.68340,-34.00000,-34.00000,6.25060,0.62230,1.64750,53.96280,-1486.35400,-1486.35400,-1597.24300,-1597.24300,0.00900,0.12020,0.20230,444.78980,-53.82750,-53.82760,-14.39390,-20.33140,62.32050,-32.8934,-33.1803
2019-06-30,2.05700,0.35200,1.70500,7.10800,17.00700,,24.11500,-22.41000,-1.41500,-23.82500,-23.82500,-23.82500,-23.82500,-21.95700,-22.41000,0.67770,0.67770,-35.00000,-35.00000,7.50260,0.53650,1.15760,82.88770,-1089.45100,-1089.45100,-1158.24000,-1158.24000,0.01150,0.04280,0.36420,247.11720,-39.01520,-39.01520,-13.32380,-18.08240,90.11300,-30.1352,-30.8714
2019-03-31,1.38600,0.24100,1.14500,6.95900,18.23600,,25.19500,-24.05000,-1.33800,-25.38800,-25.38800,-25.38800,-25.38800,-23.64900,-24.05000,0.67760,0.67760,-37.50000,-37.50000,10.30330,0.46100,0.85540,82.61180,-1735.20900,-1735.20900,-1831.74600,-1831.74600,0.00700,0.04450,0.29650,303.50650,-30.82300,-30.82300,-12.88630,-16.61260,121.54620,-46.00330,-46.65860
2018-12-31,,,,9.23800,14.32900,,,-23.56700,-1.65100,-25.21800,-25.21800,-25.21800,-25.21800,-23.54200,-23.56700,0.53510,0.53510,-40.00000,-40.00000,10.40730,0.40080,0.67340,,,,,,,,,,-24.02220,-24.02220,-11.41260,-14.39350,155.00400,-23.6415,-25.2329
2018-09-30,,,,7.02700,8.46900,,,-15.49600,-0.10700,-15.60300,-15.60300,-15.60300,-15.60300,-15.30600,-15.49600,0.49200,0.49200,-31.50000,-31.50000,6.34250,0.23050,0.36020,,,,,,,,,,-28.40320,-28.40320,-18.55840,-21.85600,111.44610,-32.8934,-33.1501
2018-06-30,,,,7.36800,7.15100,,,-14.51900,-0.10100,-14.62000,-14.62000,-14.62000,-14.62000,-14.31300,-14.51900,0.49130,0.49130,-30.00000,-30.00000,9.78350,0.21000,0.29030,,,,,,,,,,-21.47060,-21.47060,-15.29450,-16.96190,138.44540,-18.7082,-19.0492
2018-03-31,,,,5.65700,5.48200,,,-11.13900,-0.15800,-11.29700,-11.29700,-11.29700,-11.29700,-10.93400,-11.13900,0.49080,0.49080,-23.00000,-23.00000,20.39700,0.19740,0.24600,,,,,,,,,,-14.07360,-14.07360,-10.76020,-11.29510,163.44480,-25.90250,-26.66250
2017-12-31,,,,5.88000,5.26000,,,-11.14000,-0.15100,-11.29100,-11.29100,-11.29100,-11.29100,-10.95000,-11.14000,0.22750,0.22750,720.50010,720.50010,7.74700,0.11790,0.20800,,,,,,,,,,-12.59050,-12.59050,-9.68800,-11.10600,182.73490,-73.5433,-75.1043
2017-09-30,,,,7.01800,2.51600,,,-9.53400,-0.64100,-10.17500,-10.17500,-10.17500,-10.17500,-9.34100,-9.53400,0.36070,0.36070,-28.00000,-28.00000,10.99200,0.12120,0.19970,,,,,,,,,,-10.29200,-10.29200,-8.22610,-9.04510,203.02910,694.3648,698.4306
2017-06-30,,,,8.07100,1.55900,,,-9.63000,-1.35600,-10.98600,-10.98600,-10.98600,-10.98600,-9.44300,-9.63000,0.02360,0.02360,-465.00000,-465.00000,3.55340,0.40560,0.88500,,,,,,,,,,10.22720,-100.12760,-38.42470,-59.51250,464.52160,-374.5555,-376.1219
2017-03-31,,,,8.03900,1.53200,,,-9.57100,-0.18800,-9.75900,-9.75900,-9.75900,-9.75900,-9.38700,-9.57100,0.02360,0.02360,-413.00000,-413.00000,,,,,,,,,,,,,,,,,,-396.14730,-399.19560
2016-12-31,,,,,,,,,,,,,,,,,,,0.00000,,,,,,,,,,,,,,,,,,847.6292,851.6511
2016-09-30,,,,8.25600,1.49100,,,-9.74700,0.08000,-9.66700,-9.66700,-9.66700,-9.66700,-9.64300,-9.74700,0.02360,0.02360,-409.00000,-409.00000,,,,,,,,,,,,,,,,,,-344.8349,-346.9094
2016-06-30,,,,5.95000,3.70000,,,-9.65000,-0.20300,-9.85300,-9.85300,-9.85300,-9.85300,-9.65000,-9.65000,0.02360,0.02360,-417.00000,-417.00000,,,,,,,,,,,,,,,,,,-502.7943,-504.7417
2015-12-31,,,,,,,,,,,,,,,,,,,0.00000,,,,,,,,,,,,,,,,,,0,0
