Date,revenue,cost-goods-sold,gross-profit,research-development-expenses,selling-general-administrative-expenses,other-operating-income-expenses,operating-expenses,operating-income,total-non-operating-income-expense,pre-tax-income,total-provision-income-taxes,income-after-taxes,income-from-continuous-operations,net-income,ebitda,ebit,basic-shares-outstanding,shares-outstanding,eps-basic-net-earnings-per-share,eps-earnings-per-share-diluted,current-ratio,long-term-debt-capital,debt-equity-ratio,gross-margin,operating-margin,ebit-margin,pre-tax-profit-margin,net-profit-margin,asset-turnover,receiveable-turnover,days-sales-in-receivables,roe,return-on-tangible-equity,roa,roi,book-value-per-share,operating-cash-flow-per-share,free-cash-flow-per-share
2023-09-30,222.75400,195.85600,26.89800,27.46200,45.52900,-64.21800,137.20900,-110.31100,3.57800,-106.73300,1.50600,-108.23900,-108.23900,-107.71000,,-110.31100,237.64200,237.64200,-0.45300,-0.45300,,,,,,,,,,,,,,,,,,
2023-06-30,253.11400,224.62100,28.49300,26.74300,51.82600,,78.56900,-50.07600,-17.97200,-68.04800,0.66800,-68.71600,-68.71600,-68.86400,-50.07600,-50.07600,236.96860,236.96860,-0.30000,-0.30000,1.25040,,0.11940,11.25700,-19.78400,-19.78400,-26.88430,-27.20670,0.11380,0.89610,100.44060,-6.01150,-18.07350,-3.08840,-6.01150,4.84470,-0.2334,0.5266
2022-12-31,281.69300,258.97410,22.71900,34.03800,77.76200,,111.79990,-89.08090,22.34600,-66.73500,1.86000,-68.59500,-68.59500,-66.75800,-43.84090,-89.08100,241.58930,241.58930,-0.35000,-0.35000,1.35890,,0.09490,8.06520,-31.62340,-31.62340,-23.69070,-23.69880,0.11220,0.80870,111.28710,-4.93670,-11.91790,-2.73220,-4.93670,5.94060,0.2179,0.1417
2022-09-30,276.76800,259.55800,17.21000,34.88400,53.20100,,88.08500,-70.87500,-39.31900,-110.19400,2.47100,-112.66500,-112.66500,-111.48600,-34.63300,-70.87500,244.05000,244.05000,-0.45000,-0.45000,1.39400,,0.10100,6.21820,-25.60810,-25.60810,-39.81460,-40.28140,0.10620,0.76700,117.34490,-7.77260,-17.19830,-4.32150,-7.77260,6.02560,0.0685,-0.0382
2022-06-30,284.63300,274.89800,9.73500,32.98600,59.16400,,92.15000,-82.41500,-39.10400,-121.51900,-0.52000,-120.99900,-120.99900,-119.88400,-41.43500,-82.41500,243.64200,243.64200,-0.49000,-0.49000,1.39600,,0.11820,3.42020,-28.95480,-28.95480,-42.69320,-42.11880,0.10030,0.66360,135.62080,-7.56360,-16.13500,-4.26550,-7.56360,6.55020,0.233,-0.0144
2022-03-31,342.91000,330.29700,12.61300,38.90500,57.76100,,96.66600,-84.05300,-3.73000,-87.78300,-0.26300,-87.52000,-87.52000,-87.27200,-38.70400,-84.05300,243.21900,243.21900,-0.36000,-0.36000,1.63540,,0.13540,3.67820,-24.51170,-24.51170,-25.59940,-25.45040,0.10900,0.61660,145.95480,-5.03630,-10.49850,-2.78300,-5.03630,7.13540,-0.40600,-0.80630
2021-12-31,433.75390,428.48190,5.27200,45.73000,67.76600,,113.49610,-108.22420,30.24400,-77.98000,0.65400,-78.63400,-78.63400,-77.96400,-108.22420,-108.22410,229.44860,229.44860,-0.30000,-0.30000,1.65150,,0.11730,1.21540,-24.95060,-24.95060,-17.97790,-17.97430,0.13110,0.77410,116.27050,-4.36030,-8.79510,-2.37740,-4.36030,7.41860,-0.4848,-0.9738
2021-09-30,374.62200,360.90000,13.72200,41.70500,44.81700,,86.52200,-72.80000,-5.06700,-77.86700,0.77700,-78.64400,-78.64400,-78.83500,-72.80000,-72.80000,229.16000,229.16000,-0.30000,-0.30000,2.01930,,0.07470,3.66290,-19.43290,-19.43290,-20.78550,-21.04390,0.12010,0.54480,165.21210,-4.20140,-7.91010,-2.52040,-4.20140,7.74540,0,0
2021-06-30,336.66100,318.31100,18.35000,35.97100,32.01200,,67.98300,-49.63300,16.00300,-33.63000,0.53700,-34.16700,-34.16700,-34.12900,-49.63300,-49.63300,223.41200,223.41200,-0.15000,-0.15000,2.43100,,0.08510,5.45060,-14.74270,-14.74270,-9.98930,-10.13750,0.17630,0.62800,143.30560,-2.82720,-2.87360,-1.78930,-2.82720,5.40180,0.3404,0.3404
2021-03-31,276.79800,259.01700,17.78100,40.39100,31.13700,,71.52800,-53.74700,-4.08700,-57.83400,0.50200,-58.33600,-58.33600,-58.37500,-53.74700,-53.74700,222.88900,222.88900,-0.30000,-0.30000,2.63000,,0.05620,6.42380,-19.41740,-19.41740,-20.89390,-21.08940,0.15290,0.65700,136.98010,-4.74700,-4.79990,-3.22260,-4.74700,5.50280,-0.34040,-0.34040
2020-12-31,339.71300,323.05400,16.65900,33.80800,30.41200,,64.21990,-47.56090,22.53200,-25.02900,0.62700,-25.65600,-25.65600,-25.90000,-47.56090,-47.56090,160.05830,160.05830,0.45000,0.52390,2.75410,,0.04280,4.90380,-14.00030,-14.00030,-7.36770,-7.62410,0.18580,0.94940,94.80110,-2.03160,-2.03570,-1.40330,-2.03160,5.67210,-0.2781,-1.7705
2020-09-30,254.63100,238.00300,16.62800,24.68300,27.71000,,52.39300,-35.76500,20.84500,-14.92000,0.59400,-15.51400,-15.51400,-15.54300,-35.76500,-35.76500,210.23500,210.23500,0.00000,-0.07390,2.86360,,0.04830,6.53020,-14.04580,-14.04580,-5.85950,-6.10410,0.14510,0.85270,105.55300,-1.26170,-1.26470,-0.88380,-1.26170,5.63990,0,0
2020-06-30,217.23100,205.80200,11.42900,32.67200,39.66000,,72.33200,-60.90300,1.68700,-59.21600,0.24000,-59.45600,-59.45600,-59.47300,-60.90300,-60.90300,147.92960,147.92960,-0.45000,-0.45000,2.68910,0.01040,0.04300,5.26120,-28.03610,-28.03610,-27.25950,-27.37780,0.14870,0.93450,96.30490,-5.96360,-5.97030,-4.07100,-5.90130,4.75290,-0.2215,-0.2215
2020-03-31,196.44200,186.44700,9.99500,27.63100,23.15300,,50.78400,-40.78900,-5.22400,-46.01300,0.82300,-46.83600,-46.83600,-49.58500,-40.78900,-40.78900,59.88700,59.88700,-0.90000,-0.90000,1.50580,-0.01690,-0.03890,5.08800,-20.76390,-20.76390,-23.42320,-25.24160,0.20650,0.80380,111.96240,7.20300,7.38810,-4.92360,7.52590,-275.14350,0.22150,0.22150
2019-12-31,,,,,,,,,,,,,,,,,,,,0.00000,,,,,,,,,,,,,,,,,0,0
