Date,revenue,cost-goods-sold,gross-profit,selling-general-administrative-expenses,other-operating-income-expenses,operating-expenses,operating-income,total-non-operating-income-expense,pre-tax-income,total-provision-income-taxes,income-after-taxes,income-from-continuous-operations,net-income,ebitda,ebit,basic-shares-outstanding,shares-outstanding,eps-basic-net-earnings-per-share,eps-earnings-per-share-diluted,current-ratio,long-term-debt-capital,debt-equity-ratio,gross-margin,operating-margin,ebit-margin,pre-tax-profit-margin,net-profit-margin,asset-turnover,inventory-turnover,receiveable-turnover,days-sales-in-receivables,roe,return-on-tangible-equity,roa,roi,book-value-per-share,operating-cash-flow-per-share,free-cash-flow-per-share
2024-03-31,6411.00000,4168.00000,2243.00000,941.00000,,941.00000,1302.00000,-273.00000,1029.00000,225.00000,804.00000,804.00000,801.00000,1529.00000,1302.00000,1214.00000,1214.00000,0.66000,0.66000,1.08740,0.28630,0.41380,34.98670,20.30890,20.30890,16.05050,12.49420,0.07100,1.16490,2.89310,31.10900,1.61920,-3.49060,0.89030,1.15560,40.90030,0.63510,0.39290
2023-12-31,6860.00000,4543.00000,2317.00000,1017.00000,,1017.00000,1300.00000,-350.00000,950.00000,193.00000,757.00000,757.00000,757.00000,1547.00000,1300.00000,1227.00000,1235.00000,0.63000,0.61000,0.98660,0.28070,0.40320,33.77550,18.95040,18.95040,13.84840,11.03500,0.07590,1.25710,3.24810,27.70850,1.52350,-3.26030,0.83800,1.09580,40.79480,1.0876,0.9012
2023-09-30,6570.00000,4335.00000,2235.00000,920.00000,-152.00000,1582.00000,653.00000,-193.00000,460.00000,206.00000,254.00000,254.00000,262.00000,924.00000,653.00000,1229.00000,1229.00000,0.21000,0.21000,1.00440,0.28050,0.40210,34.01830,9.93910,9.93910,7.00150,3.98780,0.07330,1.14710,3.12410,28.80820,0.51380,-1.09530,0.28330,0.36970,40.28850,0.8492,0.6267
2023-06-30,6721.00000,4460.00000,2261.00000,885.00000,,885.00000,1376.00000,-204.00000,1172.00000,174.00000,998.00000,998.00000,1000.00000,1588.00000,1376.00000,1228.00000,1235.00000,0.81000,0.81000,0.95340,0.27930,0.40010,33.64080,20.47310,20.47310,17.43790,14.87870,0.07390,1.16750,3.00450,29.95540,1.99700,-4.21220,1.09720,1.43930,40.69540,0.8862,0.6919
2023-03-31,6489.00000,4376.00000,2113.00000,870.00000,,870.00000,1243.00000,-192.00000,1051.00000,214.00000,837.00000,837.00000,836.00000,1460.00000,1243.00000,1226.00000,1226.00000,0.68000,0.68000,0.91760,0.28090,0.40770,32.56280,19.15550,19.15550,16.19660,12.88330,0.07140,1.08960,2.83860,31.70600,1.69730,-3.45300,0.92040,1.22050,40.18990,0.39640,0.17940
2022-12-31,7381.00000,5017.00000,2364.00000,1138.00000,,1138.00000,1226.00000,-175.00000,1051.00000,164.00000,887.00000,887.00000,890.00000,1471.00000,1226.00000,1226.00000,1235.00000,0.73000,0.72000,0.87470,0.28260,0.41100,32.02820,16.61020,16.61020,14.23930,12.05800,0.08150,1.37410,3.48160,25.85020,1.81650,-3.59810,0.98000,1.30320,39.86120,0.7629,0.5362
2022-09-30,6505.00000,4662.00000,1843.00000,798.00000,-74.00000,1092.00000,751.00000,-206.00000,545.00000,110.00000,435.00000,435.00000,432.00000,976.00000,751.00000,1227.00000,1227.00000,0.35000,0.35000,0.90490,0.28540,0.41550,28.33210,11.54500,11.54500,8.37820,6.64100,0.07230,1.31880,3.16550,28.43200,0.90050,-1.76670,0.48340,0.64350,39.36920,0.5982,0.4355
2022-06-30,6554.00000,4570.00000,1984.00000,812.00000,-395.00000,1442.00000,542.00000,-143.00000,399.00000,134.00000,265.00000,265.00000,265.00000,775.00000,542.00000,1225.00000,1235.00000,0.22000,0.21000,0.89240,0.28720,0.42720,30.27160,8.26980,8.26980,6.08790,4.04330,0.07150,1.33120,3.05550,29.45530,0.54120,-1.05270,0.28910,0.38580,39.96900,0.2414,0.0801
2022-03-31,6045.00000,4114.00000,1931.00000,827.00000,,816.00000,1115.00000,-144.00000,971.00000,190.00000,781.00000,781.00000,776.00000,1331.00000,1115.00000,1225.00000,1225.00000,0.63000,0.63000,1.02330,0.29630,0.43680,31.94380,18.44500,18.44500,16.06290,12.83710,0.06440,1.33010,2.92450,30.77420,1.56840,-3.08900,0.83210,1.10360,40.65060,0.39670,0.20570
2021-12-31,6709.00000,4547.00000,2162.00000,891.00000,-1238.00000,2182.00000,-20.00000,-500.00000,-520.00000,-265.00000,-255.00000,-255.00000,-257.00000,211.00000,-20.00000,1224.00000,1236.00000,-0.21000,-0.21000,0.99230,0.29870,0.44120,32.22540,-0.29810,-0.29810,-7.75080,-3.83070,0.07180,1.66620,3.42820,26.25280,-0.51570,1.00430,-0.27300,-0.36170,40.39870,2.3592,2.157
2021-09-30,6324.00000,4296.00000,2028.00000,872.00000,,872.00000,1156.00000,-277.00000,879.00000,143.00000,736.00000,736.00000,733.00000,1382.00000,1156.00000,1225.00000,1236.00000,0.60000,0.59000,1.13030,0.31350,0.47720,32.06830,18.27960,18.27960,13.89940,11.59080,0.06660,1.51320,3.22980,27.86530,1.46500,-2.83610,0.77560,1.00580,40.94380,0.3229,0.145
2021-06-30,6615.00000,4324.00000,2291.00000,943.00000,-78.00000,1056.00000,1235.00000,-590.00000,645.00000,670.00000,-25.00000,-25.00000,-27.00000,1461.00000,1235.00000,1224.00000,1224.00000,-0.02000,-0.02000,1.15240,0.31950,0.50170,34.63340,18.66970,18.66970,9.75060,-0.40820,0.06820,1.53330,3.29430,27.31970,-0.04990,0.09510,-0.02580,-0.03390,40.99920,1.0002,0.8324
2021-03-31,6394.00000,4193.00000,2201.00000,882.00000,,1112.00000,1089.00000,-385.00000,704.00000,136.00000,568.00000,568.00000,563.00000,1309.00000,1089.00000,1223.00000,1232.00000,0.46000,0.46000,1.73530,0.34930,0.53950,34.42290,17.03160,17.03160,11.01030,8.80510,0.06480,1.56690,3.07550,29.26340,1.12630,-2.18150,0.57570,0.73290,41.23550,0.65750,0.47320
2020-12-31,6939.00000,4416.00000,2523.00000,973.00000,,973.00000,1550.00000,-264.00000,1286.00000,252.00000,1034.00000,1034.00000,1032.00000,1767.00000,1550.00000,1223.00000,1228.00000,0.84000,0.84000,1.34250,0.35840,0.56340,36.35970,22.33750,22.33750,18.53290,14.87250,0.06950,1.59250,3.36350,26.75750,2.05800,-3.50350,1.03580,1.32030,41.08180,1.3075,1.1453
2020-09-30,6441.00000,4097.00000,2344.00000,897.00000,,1197.00000,1147.00000,-241.00000,906.00000,308.00000,598.00000,598.00000,597.00000,1348.00000,1147.00000,1223.00000,1229.00000,0.49000,0.49000,1.30820,0.36110,0.57590,36.39190,17.80780,17.80780,14.06610,9.26870,0.06560,1.53960,3.25470,27.65250,1.21200,-1.99750,0.60940,0.77440,40.34420,0.8944,0.7822
2020-06-30,6648.00000,4196.00000,2452.00000,918.00000,-1056.00000,3791.00000,-1339.00000,-364.00000,-1703.00000,-51.00000,-1652.00000,-1652.00000,-1651.00000,-1122.00000,-1339.00000,1223.00000,1223.00000,-1.35000,-1.35000,1.09020,0.36370,0.58700,36.88330,-20.14140,-20.14140,-25.61670,-24.83450,0.06760,1.49060,3.25090,27.68500,-3.36000,5.27020,-1.68050,-2.13820,40.20120,1.6387,1.5348
2020-03-31,6157.00000,4299.00000,1858.00000,862.00000,,1088.00000,770.00000,-229.00000,541.00000,160.00000,381.00000,381.00000,378.00000,982.00000,770.00000,1222.00000,1224.00000,0.31000,0.31000,1.47570,0.38150,0.64120,30.17700,12.50610,12.50610,8.78670,6.13940,0.05920,1.51850,2.65270,33.92720,0.74520,-1.18330,0.36610,0.46100,41.83630,0.17320,0.06620
2019-12-31,6536.00000,4429.00000,2107.00000,837.00000,-223.00000,1513.00000,594.00000,-267.00000,327.00000,144.00000,183.00000,183.00000,182.00000,774.00000,594.00000,1221.00000,1224.00000,0.15000,0.14000,1.02820,0.35290,0.56510,32.23680,9.08810,9.08810,5.00310,2.78460,0.06440,1.62770,3.31270,27.16800,0.35360,-0.56400,0.18040,0.22890,42.38250,1.2749,-0.4107
2019-09-30,6076.00000,4129.00000,1947.00000,762.00000,-5.00000,767.00000,1180.00000,-18.00000,1162.00000,264.00000,898.00000,898.00000,899.00000,1347.00000,1180.00000,1221.00000,1223.00000,0.74000,0.74000,1.00140,0.35180,0.59210,32.04410,19.42070,19.42070,19.12440,14.79590,0.05910,1.30750,2.92400,30.78010,1.73350,-2.74320,0.87340,1.12370,42.42750,0.5428,1.4438
2019-06-30,6406.00000,4324.00000,2082.00000,750.00000,-474.00000,1348.00000,734.00000,-183.00000,551.00000,103.00000,448.00000,448.00000,449.00000,913.00000,734.00000,1220.00000,1222.00000,0.37000,0.37000,1.17580,0.36600,0.60240,32.50080,11.45800,11.45800,8.60130,7.00910,0.06210,1.40660,2.97400,30.26230,0.86700,-1.34710,0.43410,0.54960,42.35660,0.8359,1.1965
2019-03-31,5959.00000,3948.00000,2011.00000,829.00000,,1449.00000,562.00000,59.00000,621.00000,217.00000,404.00000,404.00000,405.00000,724.00000,562.00000,1220.00000,1224.00000,0.33000,0.33000,1.10830,0.36510,0.60020,33.74730,9.43110,9.43110,10.42120,6.79640,0.05750,1.26620,2.84440,31.64120,0.77940,-1.19490,0.39010,0.49490,42.48610,0.24840,0.04490
2018-12-31,6891.00000,4675.00000,2216.00000,867.00000,-8610.00000,16352.00000,-14136.00000,-338.00000,-14474.00000,-1846.00000,-12628.00000,-12628.00000,-12568.00000,-13943.00000,-14136.00000,1219.00000,1219.00000,-10.31000,-10.30000,1.20950,0.37280,0.60200,32.15790,-205.13710,-205.13710,-210.04210,-182.38280,0.06660,1.75290,3.02100,29.79100,-24.39020,36.92830,-12.20560,-15.29830,42.43850,1.3954,1.2171
2018-09-30,6383.00000,4289.00000,2094.00000,803.00000,-217.00000,1020.00000,1074.00000,-255.00000,819.00000,201.00000,618.00000,618.00000,619.00000,1246.00000,1074.00000,1219.00000,1226.00000,0.51000,0.50000,1.00120,0.32100,0.49370,32.80590,16.82590,16.82590,12.83100,9.69760,0.05330,1.30480,2.86620,31.40060,0.94250,-1.64960,0.51620,0.64000,53.79160,0.54,0.4127
2018-06-30,6690.00000,4343.00000,2347.00000,756.00000,-101.00000,990.00000,1357.00000,-296.00000,1061.00000,308.00000,753.00000,753.00000,754.00000,1515.00000,1357.00000,1219.00000,1226.00000,0.62000,0.62000,1.04510,0.32270,0.51880,35.08220,20.28400,20.28400,15.85950,11.27060,0.05490,1.37390,3.09150,29.11210,1.14320,-2.00770,0.61770,0.77430,54.03200,-0.156,-0.3318
2018-03-31,6304.00000,4040.00000,2264.00000,764.00000,,764.00000,1500.00000,-227.00000,1273.00000,270.00000,1003.00000,1003.00000,1003.00000,1621.00000,1500.00000,1219.00000,1228.00000,0.82000,0.82000,0.72000,0.30060,0.48610,35.91370,23.79440,23.79440,20.19350,15.91050,0.05220,1.28500,3.65660,24.61290,1.50930,-2.64030,0.83040,1.05560,54.51600,0.33220,0.15070
2017-12-31,6835.00000,4637.00000,2198.00000,707.00000,,756.00000,1442.00000,-191.00000,1251.00000,-6687.00000,7938.00000,7938.00000,7945.00000,1602.00000,1442.00000,1218.00000,1228.00000,6.52000,6.47000,0.70920,0.29990,0.47680,32.15800,21.09730,21.09730,18.30290,116.23990,0.05690,1.68010,3.77210,23.85960,12.01450,-20.78720,6.60990,8.41090,54.20020,0.3949,0.2075
2017-09-30,6280.00000,4077.00000,2203.00000,665.00000,,665.00000,1538.00000,-179.00000,1359.00000,416.00000,943.00000,943.00000,944.00000,1735.00000,1538.00000,1218.00000,1218.00000,0.78000,0.77000,0.77000,0.32430,0.53430,35.07960,24.49050,24.49050,21.64010,15.03190,0.05230,1.27890,4.60070,19.56210,1.59910,-2.07770,0.78550,1.08060,48.41630,0.1579,-0.0655
2017-06-30,6637.00000,4204.00000,2433.00000,789.00000,,789.00000,1644.00000,-54.00000,1590.00000,430.00000,1160.00000,1160.00000,1159.00000,1810.00000,1644.00000,1218.00000,1229.00000,0.95000,0.94000,0.96630,0.33870,0.53100,36.65810,24.77020,24.77020,23.95660,17.46270,0.05560,1.37160,4.62830,19.44550,1.98130,-2.55400,0.97140,1.31040,48.06010,0.3556,0.0935
2017-03-31,6324.00000,4125.00000,2199.00000,766.00000,,766.00000,1433.00000,-183.00000,1250.00000,359.00000,891.00000,891.00000,893.00000,1613.00000,1433.00000,1217.00000,1229.00000,0.73000,0.73000,0.94590,0.33920,0.56400,34.77230,22.65970,22.65970,19.76600,14.12080,0.05240,1.30910,4.29040,20.97720,1.53770,-1.95030,0.73760,1.01610,47.59090,-0.50040,-0.79980
2016-12-31,6670.00000,4651.00000,2019.00000,962.00000,,980.00000,1039.00000,157.00000,1196.00000,288.00000,908.00000,908.00000,908.00000,1236.00000,1039.00000,1217.00000,1226.00000,0.75000,0.73000,0.92130,0.34040,0.56280,30.26990,15.57720,15.57720,17.93100,13.61320,0.05540,1.73290,5.75990,15.62520,1.57710,-1.98050,0.75370,1.04020,47.30810,1.3325,0.9961
2016-09-30,6267.00000,4049.00000,2218.00000,805.00000,,805.00000,1413.00000,-308.00000,1105.00000,262.00000,843.00000,843.00000,842.00000,1617.00000,1413.00000,1218.00000,1228.00000,0.69000,0.69000,0.95000,0.34130,0.56470,35.39170,22.54670,22.54670,17.63200,13.43550,0.05180,1.30280,5.89560,15.26570,1.45680,-1.82190,0.69620,0.95960,47.52710,-0.8874,-1.1492
2016-06-30,6793.00000,4262.00000,2531.00000,895.00000,,895.00000,1636.00000,-270.00000,1366.00000,411.00000,955.00000,955.00000,770.00000,1912.00000,1636.00000,1217.00000,1227.00000,0.63000,0.63000,0.97440,0.34070,0.56420,37.25900,24.08360,24.08360,20.10890,11.33520,0.05580,1.47930,5.39130,16.69370,1.64520,-2.06010,0.78480,1.08460,47.68290,1.4944,1.3227
2016-03-31,6570.00000,4192.00000,2378.00000,865.00000,,865.00000,1513.00000,-241.00000,1272.00000,372.00000,900.00000,900.00000,896.00000,1826.00000,1513.00000,1215.00000,1225.00000,0.74000,0.73000,1.45800,0.27430,0.37800,36.19480,23.02890,23.02890,19.36070,13.63780,0.05330,1.44950,3.76720,23.89040,1.54480,-2.30700,0.73010,0.98100,54.77310,0.22040,-0.02690
2015-12-31,7124.00000,4720.00000,2404.00000,1117.00000,,1117.00000,1287.00000,-257.00000,1030.00000,382.00000,648.00000,648.00000,285.00000,1891.00000,1287.00000,786.00000,786.00000,0.58000,0.60000,1.41080,0.27530,0.38110,33.74510,18.06570,18.06570,14.45820,4.00060,0.05790,1.80290,4.89960,18.36890,1.11930,-1.66330,0.52690,0.70930,54.54210,0.9651,0.4612
2015-09-30,6120.00000,4492.00000,1628.00000,1229.00000,,1229.00000,399.00000,-568.00000,-169.00000,-49.00000,-120.00000,-120.00000,-303.00000,594.00000,399.00000,1142.00000,1142.00000,-0.27000,-0.27000,1.81190,0.27270,0.37500,26.60130,6.51960,6.51960,-2.76140,-4.95100,0.05020,1.50690,3.79420,23.72060,-0.20330,0.33240,-0.09850,-0.12960,55.50500,-0.4284,-0.3199
2015-06-30,2616.00000,1734.00000,882.00000,438.00000,,438.00000,444.00000,-639.00000,-195.00000,-35.00000,-160.00000,-160.00000,-344.00000,531.00000,444.00000,380.00000,380.00000,-0.91000,-0.91000,1.72970,0.47150,0.89290,33.71560,16.97250,16.97250,-7.45410,-13.14990,0.07250,1.49230,2.56220,35.12620,-2.30080,1.28940,-0.44370,-0.55360,38.38070,1.2896,0.9935
2015-03-31,2478.00000,1631.00000,847.00000,338.00000,,338.00000,509.00000,-162.00000,347.00000,68.00000,279.00000,279.00000,96.00000,598.00000,509.00000,377.00000,399.00000,0.26000,0.24000,1.02460,0.65630,2.22090,34.18080,20.54080,20.54080,14.00320,3.87410,0.10710,0.86480,2.03280,44.27360,6.17670,-3.08830,1.20600,2.12280,7.65350,-0.20800,-0.34090
2014-12-31,1237.00000,1172.00000,65.00000,182.00000,,184.00000,-119.00000,-249.00000,-368.00000,-218.00000,-150.00000,-150.00000,-515.00000,-19.00000,-119.00000,377.00000,377.00000,-0.87000,-0.86000,1.58960,0.46040,0.85320,5.25460,-9.62000,-9.62000,-29.74940,-41.63300,0.03380,0.98900,1.45360,61.91590,-2.04470,1.20090,-0.41020,-0.51700,41.52680,2.1459,1.6313
2014-09-30,2594.00000,1827.00000,767.00000,358.00000,,358.00000,409.00000,-195.00000,214.00000,40.00000,174.00000,174.00000,-8.00000,476.00000,409.00000,377.00000,377.00000,-0.02000,-0.02000,1.07710,0.60670,1.79390,29.56820,15.76720,15.76720,8.24980,-0.30840,0.11380,0.89380,2.38860,37.67930,3.11550,-2.14740,0.76310,1.22540,9.30140,1.2838,1.0397
2014-06-30,2729.00000,1844.00000,885.00000,511.00000,,511.00000,374.00000,-205.00000,169.00000,34.00000,135.00000,135.00000,-53.00000,635.00000,374.00000,377.00000,377.00000,-0.14000,-0.14000,1.06570,0.61160,1.83200,32.42950,13.70470,13.70470,6.19270,-1.94210,0.11690,0.91110,2.30100,39.11320,2.47120,-1.63000,0.57830,0.95970,9.10570,1.8291,1.6558
2014-03-31,4362.00000,2802.00000,1560.00000,658.00000,2.00000,656.00000,904.00000,-116.00000,788.00000,275.00000,513.00000,513.00000,513.00000,1000.00000,904.00000,596.00000,601.00000,0.86000,0.85000,1.45930,0.65330,1.88390,35.76340,20.72440,20.72440,18.06510,11.76070,0.18670,1.46780,3.62290,24.84180,9.66650,-6.11300,2.19600,3.35180,8.86490,0.41760,0.29120
2013-12-31,-2094.00000,-773.00000,-1321.00000,193.00000,,94.00000,-1415.00000,59.00000,-1356.00000,-673.00000,-683.00000,-683.00000,-765.00000,-1371.00000,-1415.00000,321.00000,323.00000,0.16000,0.17000,1.43930,0.65790,1.92400,63.08500,67.57400,67.57400,64.75650,36.53300,-0.09050,-0.47830,-1.99810,-45.04300,-13.16750,7.99110,-2.95060,-4.50440,8.69070,2.4384,1.6464
2013-09-30,4394.00000,2908.00000,1486.00000,601.00000,-15.00000,616.00000,870.00000,-124.00000,746.00000,246.00000,500.00000,500.00000,497.00000,962.00000,870.00000,595.00000,600.00000,0.84000,0.83000,1.66780,0.67270,2.05630,33.81880,19.79970,19.79970,16.97770,11.31090,0.19000,1.54600,3.97290,22.65360,10.30290,-5.50660,2.16210,3.37200,8.13940,0.845,0.582
2013-06-30,4716.00000,2780.00000,1936.00000,516.00000,-22.00000,538.00000,1398.00000,-130.00000,1268.00000,439.00000,829.00000,829.00000,825.00000,1500.00000,1398.00000,594.00000,599.00000,1.39000,1.38000,1.46830,0.69860,2.31860,41.05170,29.64380,29.64380,26.88720,17.49360,0.20450,1.46470,3.85610,23.33970,19.27910,-8.63000,3.59430,5.81060,7.21580,0.6314,0.4243
2013-03-31,4513.00000,3043.00000,1470.00000,599.00000,-62.00000,661.00000,809.00000,-123.00000,686.00000,230.00000,456.00000,456.00000,456.00000,911.00000,809.00000,592.00000,597.00000,0.77000,0.76000,1.47130,0.72700,2.66410,32.57260,17.92600,17.92600,15.20050,10.10410,0.19400,1.56210,3.53130,25.48640,12.18600,-4.46710,1.95990,3.32650,6.29240,0.38860,0.41540
2012-12-31,4444.00000,3326.00000,1118.00000,818.00000,-39.00000,857.00000,261.00000,-129.00000,132.00000,42.00000,90.00000,90.00000,85.00000,428.00000,261.00000,591.00000,596.00000,0.14000,0.12000,1.33750,0.73620,2.79000,25.15750,5.87310,5.87310,2.97030,1.91270,0.19170,1.72510,4.08080,22.05450,2.51960,-0.87760,0.38830,0.66480,6.02580,1.5948,1.3588
2012-09-30,4588.00000,3019.00000,1569.00000,786.00000,-26.00000,812.00000,757.00000,-93.00000,664.00000,198.00000,466.00000,466.00000,466.00000,849.00000,757.00000,591.00000,591.00000,0.79000,0.79000,1.52000,0.56200,1.28370,34.19790,16.49960,16.49960,14.47250,10.15690,0.20590,1.44450,3.96540,22.69620,6.24830,-7.12760,2.09120,2.73700,12.58930,1.6346,1.4653
2012-06-30,4786.00000,3150.00000,1636.00000,687.00000,-38.00000,725.00000,911.00000,-5.00000,906.00000,303.00000,603.00000,603.00000,603.00000,1001.00000,911.00000,591.00000,591.00000,1.02000,1.02000,,,,34.18300,19.03470,19.03470,18.93020,12.59930,,,,,,,,,,2.0186,1.8697
2012-03-31,4453.00000,3004.00000,1449.00000,670.00000,-38.00000,708.00000,741.00000,10.00000,751.00000,268.00000,483.00000,483.00000,483.00000,820.00000,741.00000,591.00000,591.00000,0.82000,0.82000,,,,32.53990,16.64050,16.64050,16.86500,10.84660,,,,,,,,,,-0.15570,-0.30960
2011-12-31,,,,,,,,,,,,,,,,,,,0.00000,,,,,,,,,,,,,,,,,,-3.4544,-3.0034
2011-09-30,4474.00000,3110.00000,1364.00000,658.00000,2.00000,656.00000,708.00000,11.00000,719.00000,302.00000,417.00000,417.00000,417.00000,708.00000,708.00000,592.00000,592.00000,0.70000,0.70000,,,,30.48730,15.82480,15.82480,16.07060,9.32050,,,,,,,,,,3.4544,3.0034
2010-12-31,,,,,,,,,,,,,,,,,,,0.00000,,,,,,,,,,,,,,,,,,0,0
