Date,revenue,cost-goods-sold,gross-profit,selling-general-administrative-expenses,other-operating-income-expenses,operating-expenses,operating-income,total-non-operating-income-expense,pre-tax-income,total-provision-income-taxes,income-after-taxes,income-from-continuous-operations,net-income,ebitda,ebit,basic-shares-outstanding,shares-outstanding,eps-basic-net-earnings-per-share,eps-earnings-per-share-diluted,current-ratio,long-term-debt-capital,debt-equity-ratio,gross-margin,operating-margin,ebit-margin,pre-tax-profit-margin,net-profit-margin,asset-turnover,inventory-turnover,receiveable-turnover,days-sales-in-receivables,roe,return-on-tangible-equity,roa,roi,book-value-per-share,operating-cash-flow-per-share,free-cash-flow-per-share
2023-10-31,4054.00000,2349.00000,1705.00000,1360.00000,,1548.00000,157.00000,-89.00000,68.00000,9.00000,59.00000,59.00000,59.00000,345.00000,157.00000,110.00000,111.00000,0.54000,0.53000,1.13570,0.53710,1.37880,42.05720,3.87270,3.87270,1.67740,1.45540,0.26210,0.55410,,,1.57290,1.57290,0.38150,0.72810,33.79280,1.3603,0.0451
2023-07-31,3895.00000,2242.00000,1653.00000,1304.00000,,1490.00000,163.00000,-89.00000,74.00000,16.00000,58.00000,58.00000,58.00000,349.00000,163.00000,110.00000,111.00000,0.52000,0.52000,1.14520,0.53900,1.37140,42.43900,4.18490,4.18490,1.89990,1.48910,0.26330,0.64540,,,1.55290,1.55290,0.39210,0.71590,33.64870,3.8739,1.7027
2023-04-30,3571.00000,2047.00000,1524.00000,1238.00000,,1426.00000,98.00000,-84.00000,14.00000,,14.00000,14.00000,14.00000,286.00000,98.00000,110.00000,111.00000,0.13000,0.13000,1.17020,0.53890,1.42900,42.67710,2.74430,2.74430,0.39200,0.39200,0.24280,0.58050,,,0.37630,0.37630,0.09520,0.17350,33.51350,-1.81980,-2.65770
2023-01-31,6019.00000,4444.00000,1575.00000,1677.00000,,1877.00000,-302.00000,-78.00000,-380.00000,-107.00000,-273.00000,-273.00000,-273.00000,-102.00000,-302.00000,120.00000,120.00000,-2.21000,-2.19000,1.19940,0.54030,1.29600,26.16710,-5.01740,-5.01740,-6.31330,-4.53560,0.41960,1.39350,,,-7.25490,-7.25490,-1.90310,-3.33500,33.90090,5.9214,5.2956
2022-10-31,4277.00000,2541.00000,1736.00000,1334.00000,,1536.00000,200.00000,-81.00000,119.00000,22.00000,97.00000,97.00000,97.00000,402.00000,200.00000,118.00000,119.00000,0.82000,0.82000,1.21130,0.52560,1.33420,40.58920,4.67620,4.67620,2.78230,2.26790,0.26350,0.52130,,,2.36820,2.36820,0.59750,1.12350,35.00860,0.6942,-0.955
2022-07-31,4087.00000,2332.00000,1755.00000,1283.00000,,1489.00000,266.00000,-77.00000,189.00000,46.00000,143.00000,143.00000,143.00000,472.00000,266.00000,127.00000,128.00000,1.13000,1.11000,1.37390,0.50180,1.08190,42.94100,6.50840,6.50840,4.62440,3.49890,0.26160,0.57810,,,3.14700,3.14700,0.91530,1.56780,35.50000,-0.6997,-3.2675
2022-04-30,3715.00000,2140.00000,1575.00000,1293.00000,,1493.00000,82.00000,-68.00000,14.00000,,14.00000,14.00000,14.00000,282.00000,82.00000,127.00000,129.00000,0.11000,0.11000,1.40340,0.49280,1.03280,42.39570,2.20730,2.20730,0.37690,0.37690,0.24360,0.57280,,,0.31420,0.31420,0.09180,0.15930,34.81250,-3.56590,-5.24810
2022-01-31,6499.00000,4155.00000,2344.00000,1687.00000,,1894.00000,450.00000,-65.00000,385.00000,86.00000,299.00000,299.00000,299.00000,657.00000,450.00000,146.00000,148.00000,2.14000,2.10000,1.52860,0.46450,0.89270,36.06710,6.92410,6.92410,5.92400,4.60070,0.43170,1.35470,,,6.41490,6.41490,1.98620,3.43520,35.58020,3.2766,2.085
2021-10-31,4600.00000,2623.00000,1977.00000,1380.00000,,1590.00000,387.00000,-66.00000,321.00000,78.00000,243.00000,243.00000,243.00000,597.00000,387.00000,145.00000,147.00000,1.67000,1.65000,1.49480,0.44670,0.83110,42.97830,8.41300,8.41300,6.97830,5.28260,0.28840,0.72020,,,4.92800,4.92800,1.52340,2.72670,34.72540,1.081,-0.3645
2021-07-31,4447.00000,2426.00000,2021.00000,1241.00000,,1451.00000,570.00000,-62.00000,508.00000,126.00000,382.00000,382.00000,382.00000,780.00000,570.00000,152.00000,154.00000,2.51000,2.48000,1.70990,0.42230,0.75340,45.44640,12.81760,12.81760,11.42340,8.59010,0.28680,0.88770,,,7.31940,7.31940,2.46360,4.22850,34.33550,9.2049,8.356
2021-04-30,3887.00000,2233.00000,1654.00000,1170.00000,,1381.00000,273.00000,-268.00000,5.00000,-9.00000,14.00000,14.00000,14.00000,484.00000,273.00000,154.00000,156.00000,0.09000,0.09000,1.76820,0.39790,0.68280,42.55210,7.02340,7.02340,0.12860,0.36020,0.26460,0.83730,,,0.27360,0.27360,0.09530,0.16470,32.59240,1.78210,1.41670
2021-01-31,6141.00000,4000.00000,2141.00000,1603.00000,-4.00000,1825.00000,316.00000,-70.00000,246.00000,-97.00000,343.00000,343.00000,343.00000,534.00000,316.00000,154.00000,154.00000,2.23000,2.24000,1.93080,0.42480,0.76080,34.86400,5.14570,5.14570,4.00590,5.58540,0.40040,1.54440,,,6.60120,6.60120,2.23640,3.79680,32.88610,2.7792,2.3442
2020-10-31,3979.00000,2424.00000,1555.00000,1302.00000,-21.00000,1533.00000,22.00000,-78.00000,-56.00000,-44.00000,-12.00000,-12.00000,-12.00000,232.00000,22.00000,154.00000,154.00000,-0.08000,-0.08000,1.60190,0.44330,0.82240,39.08020,0.55290,0.55290,-1.40740,-0.30160,0.25760,0.67200,,,-0.24800,-0.24800,-0.07770,-0.13810,30.62030,3.9478,3.5126
2020-07-31,3407.00000,2149.00000,1258.00000,1050.00000,129.00000,1140.00000,118.00000,-78.00000,40.00000,-7.00000,47.00000,47.00000,47.00000,337.00000,118.00000,154.00000,155.00000,0.31000,0.30000,2.21670,0.49840,1.01960,36.92400,3.46350,3.46350,1.17410,1.37950,0.22360,0.79650,,,0.97170,0.97170,0.30850,0.48740,30.61390,1.6171,2.6497
2020-04-30,2428.00000,1787.00000,641.00000,1066.00000,-66.00000,1359.00000,-718.00000,-58.00000,-776.00000,-235.00000,-541.00000,-541.00000,-541.00000,-491.00000,-718.00000,154.00000,154.00000,-3.52000,-3.52000,1.87710,0.50050,1.02800,26.40030,-29.57170,-29.57170,-31.96050,-22.28170,0.15300,0.50240,,,-11.29440,-11.29440,-3.40920,-5.64130,30.31650,0.34420,-0.70780
2020-01-31,6832.00000,4400.00000,2432.00000,1742.00000,-57.00000,2031.00000,401.00000,-50.00000,351.00000,86.00000,265.00000,265.00000,265.00000,631.00000,401.00000,157.00000,158.00000,1.70000,1.70000,1.67890,0.37160,0.61410,35.59720,5.86940,5.86940,5.13760,3.87880,0.46940,1.24400,,,4.86240,4.86240,1.82070,3.05550,34.93590,3.8312,2.7383
2019-10-31,4625.00000,2775.00000,1850.00000,1419.00000,,1646.00000,204.00000,-43.00000,161.00000,38.00000,123.00000,123.00000,123.00000,433.00000,204.00000,156.00000,157.00000,0.79000,0.78000,1.41870,0.37320,0.61590,40.00000,4.41080,4.41080,3.48110,2.65950,0.29390,0.56780,185.00000,0.48650,2.29690,2.29690,0.78150,1.43980,34.10830,2.4045,0.847
2019-07-31,4430.00000,2550.00000,1880.00000,1269.00000,-7.00000,1504.00000,376.00000,-53.00000,323.00000,82.00000,241.00000,241.00000,241.00000,604.00000,376.00000,159.00000,159.00000,1.52000,1.51000,1.64720,0.36420,0.59470,42.43790,8.48760,8.48760,7.29120,5.44020,0.30460,0.69750,276.87500,0.32510,4.41800,4.41800,1.65730,2.80890,34.09380,3.4121,2.1202
2019-04-30,4087.00000,2415.00000,1672.00000,1275.00000,-49.00000,1554.00000,118.00000,-52.00000,66.00000,4.00000,62.00000,62.00000,62.00000,348.00000,118.00000,161.00000,162.00000,0.38000,0.38000,1.66010,0.36140,0.58710,40.91020,2.88720,2.88720,1.61490,1.51700,0.28250,0.65630,272.46670,0.33030,1.13930,1.13930,0.42860,0.72750,33.59260,0.83950,-0.62960
2019-01-31,6823.00000,4346.00000,2477.00000,1695.00000,,2036.00000,441.00000,-78.00000,363.00000,90.00000,273.00000,273.00000,273.00000,680.00000,441.00000,164.00000,164.00000,1.67000,1.65000,1.77110,0.37980,0.63310,36.30370,6.46340,6.46340,5.32020,4.00120,0.54720,1.25060,,,4.93940,4.93940,2.18940,3.06360,33.90800,4.2234,3.4747
2018-10-31,4628.00000,2752.00000,1876.00000,1375.00000,,1618.00000,258.00000,-63.00000,195.00000,34.00000,161.00000,161.00000,161.00000,500.00000,258.00000,164.00000,165.00000,0.98000,0.98000,1.58150,0.41070,0.71910,40.53590,5.57480,5.57480,4.21350,3.47880,0.32780,0.56810,,,2.95250,2.95250,1.14040,1.74000,33.04850,2.317,1.4208
2018-07-31,4570.00000,2605.00000,1965.00000,1272.00000,,1513.00000,452.00000,-65.00000,387.00000,95.00000,292.00000,292.00000,292.00000,692.00000,452.00000,165.00000,166.00000,1.77000,1.76000,1.82020,0.40980,0.71660,42.99780,9.89060,9.89060,8.46830,6.38950,0.35390,0.72930,,,5.32170,5.32170,2.26090,3.14080,32.85630,3.9898,2.9067
2018-04-30,4208.00000,2496.00000,1712.00000,1259.00000,,1502.00000,210.00000,-113.00000,97.00000,22.00000,75.00000,75.00000,75.00000,453.00000,210.00000,165.00000,167.00000,0.46000,0.45000,1.76080,0.41910,0.74440,40.68440,4.99050,4.99050,2.30510,1.78230,0.32580,0.66990,,,1.40030,1.40030,0.58070,0.81340,31.88100,2.31740,1.52100
2018-01-31,7057.00000,4496.00000,2561.00000,1727.00000,,1994.00000,567.00000,-74.00000,493.00000,25.00000,468.00000,468.00000,468.00000,834.00000,567.00000,167.00000,168.00000,2.81000,2.79000,1.98600,0.44740,0.83300,36.29020,8.03460,8.03460,6.98600,6.63170,0.52710,1.26930,,,8.63630,8.63630,3.49540,4.77210,32.25600,4.8306,4.1257
2017-10-31,4567.00000,2727.00000,1840.00000,1340.00000,,1583.00000,257.00000,-74.00000,183.00000,66.00000,117.00000,117.00000,117.00000,499.00000,257.00000,166.00000,166.00000,0.70000,0.70000,1.61340,0.46800,0.90580,40.28900,5.62730,5.62730,4.00700,2.56190,0.32750,0.58870,,,2.32970,2.32970,0.83890,1.23940,29.89290,2.9968,2.0767
2017-07-31,4395.00000,2525.00000,1870.00000,1220.00000,,1463.00000,407.00000,-75.00000,332.00000,124.00000,208.00000,208.00000,208.00000,651.00000,407.00000,168.00000,168.00000,1.24000,1.24000,1.79180,0.46890,0.90940,42.54840,9.26050,9.26050,7.55400,4.73270,0.33590,0.65530,,,4.14260,4.14260,1.58970,2.20010,29.71010,1.9691,0.8573
2017-04-30,4065.00000,2428.00000,1637.00000,1214.00000,,1452.00000,185.00000,-76.00000,109.00000,43.00000,66.00000,66.00000,66.00000,423.00000,185.00000,170.00000,171.00000,0.39000,0.39000,1.72330,0.47170,0.91960,40.27060,4.55100,4.55100,2.68140,1.62360,0.30580,0.60840,,,1.32340,1.32340,0.49650,0.69920,29.16370,0.26900,-0.99420
2017-01-31,7200.00000,4132.00000,3068.00000,2356.00000,,2594.00000,474.00000,-75.00000,399.00000,146.00000,253.00000,253.00000,253.00000,712.00000,474.00000,178.00000,179.00000,1.43000,1.42000,1.76430,0.46390,0.89070,42.61110,6.58330,6.58330,5.54170,3.51390,0.53040,1.08880,,,4.88700,4.88700,1.86390,2.61990,29.75290,4.7737,3.7826
2016-10-31,4327.00000,2720.00000,1607.00000,1080.00000,6.00000,1306.00000,301.00000,-76.00000,225.00000,79.00000,146.00000,146.00000,146.00000,533.00000,301.00000,177.00000,177.00000,0.83000,0.83000,1.60350,0.46820,0.90540,37.13890,6.95630,6.95630,5.19990,3.37420,0.30740,0.57610,,,2.85880,2.85880,1.03720,1.52040,29.01710,2.5802,1.1426
2016-07-31,4182.00000,2532.00000,1650.00000,986.00000,-128.00000,1348.00000,302.00000,-78.00000,224.00000,84.00000,140.00000,140.00000,140.00000,536.00000,302.00000,180.00000,181.00000,0.77000,0.77000,1.76770,0.46330,0.88760,39.45480,7.22140,7.22140,5.35630,3.34770,0.31300,0.64460,,,2.68460,2.68460,1.04790,1.44080,28.97220,3.9131,2.997
2016-04-30,3972.00000,2560.00000,1412.00000,1008.00000,-64.00000,1306.00000,106.00000,-79.00000,27.00000,10.00000,17.00000,17.00000,17.00000,340.00000,106.00000,183.00000,184.00000,0.09000,0.09000,1.83420,0.46280,0.88540,35.54880,2.66870,2.66870,0.67980,0.42800,0.29860,0.62680,,,0.32090,0.32090,0.12780,0.17240,28.63240,0.76090,-0.18480
2016-01-31,6387.00000,4276.00000,2111.00000,1332.00000,,1570.00000,541.00000,-78.00000,463.00000,167.00000,296.00000,296.00000,296.00000,780.00000,541.00000,193.00000,195.00000,1.55000,1.54000,1.87030,0.45480,0.85740,33.05150,8.47030,8.47030,7.24910,4.63440,0.46940,1.05890,,,5.39060,5.39060,2.17550,2.93880,29.52150,5.4905,4.8218
2015-10-31,4427.00000,2784.00000,1643.00000,1099.00000,,1335.00000,308.00000,-119.00000,189.00000,69.00000,120.00000,120.00000,120.00000,544.00000,308.00000,191.00000,192.00000,0.63000,0.63000,1.54020,0.45710,0.93810,37.11320,6.95730,6.95730,4.26930,2.71060,0.29920,0.52990,,,2.19220,2.19220,0.81110,1.19010,28.65970,0.3279,-0.6282
2015-07-31,4267.00000,2605.00000,1662.00000,1005.00000,,1238.00000,424.00000,-215.00000,209.00000,79.00000,130.00000,130.00000,130.00000,656.00000,424.00000,196.00000,197.00000,0.66000,0.66000,1.72940,0.44820,0.88880,38.95010,9.93670,9.93670,4.89810,3.04660,0.29930,0.61270,,,2.28990,2.28990,0.91190,1.26350,28.96430,1.2869,0.2445
2015-04-30,4123.00000,2600.00000,1523.00000,1016.00000,,1243.00000,280.00000,-84.00000,196.00000,69.00000,127.00000,127.00000,127.00000,507.00000,280.00000,200.00000,202.00000,0.64000,0.63000,1.90890,0.43430,0.78660,36.93910,6.79120,6.79120,4.75380,3.08030,0.28530,0.62420,,,2.11070,2.11070,0.87870,1.19390,29.78710,0.50500,-0.36630
2015-01-31,6337.00000,4190.00000,2147.00000,1272.00000,,1493.00000,654.00000,-85.00000,569.00000,201.00000,368.00000,368.00000,368.00000,875.00000,654.00000,203.00000,204.00000,1.84000,1.81000,1.95170,0.43640,0.79250,33.88040,10.32030,10.32030,8.97900,5.80720,0.44210,1.09860,,,6.14250,6.14250,2.56750,3.46220,29.80600,5.3403,4.7607
2014-10-31,4374.00000,2746.00000,1628.00000,1097.00000,,1324.00000,304.00000,-85.00000,219.00000,77.00000,142.00000,142.00000,142.00000,531.00000,304.00000,202.00000,203.00000,0.70000,0.70000,1.65810,0.44560,0.82240,37.21990,6.95020,6.95020,5.00690,3.24650,0.29130,0.55220,57.55260,1.56380,2.44620,2.44620,0.94580,1.35630,28.59610,1.0203,0.0811
2014-07-31,4242.00000,2588.00000,1654.00000,981.00000,,1203.00000,451.00000,-85.00000,366.00000,134.00000,232.00000,232.00000,232.00000,673.00000,451.00000,204.00000,205.00000,1.14000,1.13000,1.88400,0.44590,0.82270,38.99100,10.63180,10.63180,8.62800,5.46910,0.30160,0.66380,,,3.99380,3.99380,1.64930,2.21310,28.47550,2.7004,1.7222
2014-04-30,4070.00000,2574.00000,1496.00000,1000.00000,,1216.00000,280.00000,-85.00000,195.00000,70.00000,125.00000,125.00000,125.00000,496.00000,280.00000,206.00000,208.00000,0.60000,0.60000,1.94290,0.44580,0.82350,36.75680,6.87960,6.87960,4.79120,3.07130,0.28840,0.64660,,,2.13420,2.13420,0.88560,1.18280,28.15870,0.86060,0.01440
2014-01-31,6099.00000,4025.00000,2074.00000,1243.00000,,1465.00000,609.00000,-87.00000,522.00000,188.00000,334.00000,334.00000,334.00000,833.00000,609.00000,218.00000,220.00000,1.55000,1.54000,1.92680,0.44130,0.81310,34.00560,9.98520,9.98520,8.55880,5.47630,0.42480,1.03900,,,5.58720,5.58720,2.32640,3.12150,28.33180,3.9122,3.1226
2013-10-31,4444.00000,2778.00000,1666.00000,1073.00000,,1301.00000,365.00000,-84.00000,281.00000,104.00000,177.00000,177.00000,177.00000,591.00000,365.00000,216.00000,218.00000,0.82000,0.81000,1.64430,0.44460,0.82430,37.48880,8.21330,8.21330,6.32310,3.98290,0.29150,0.56020,,,2.98780,2.98780,1.16100,1.65950,27.68220,1.219,0.3651
2013-07-31,4289.00000,2613.00000,1676.00000,1000.00000,,1225.00000,451.00000,-84.00000,367.00000,136.00000,231.00000,231.00000,231.00000,676.00000,451.00000,220.00000,222.00000,1.05000,1.04000,1.81960,0.42310,0.75780,39.07670,10.51530,10.51530,8.55680,5.38590,0.30420,0.67760,,,3.81630,3.81630,1.63860,2.20150,27.76610,2.0647,1.3909
2013-04-30,4199.00000,2671.00000,1528.00000,997.00000,,1211.00000,317.00000,-83.00000,234.00000,87.00000,147.00000,147.00000,147.00000,531.00000,317.00000,222.00000,223.00000,0.66000,0.66000,1.81960,0.42390,0.75350,36.38960,7.54940,7.54940,5.57280,3.50080,0.29890,0.67430,,,2.44150,2.44150,1.04630,1.40660,27.24430,1.36770,0.76230
2013-01-31,6341.00000,4229.00000,2112.00000,1213.00000,,1425.00000,687.00000,-87.00000,600.00000,223.00000,377.00000,377.00000,377.00000,900.00000,687.00000,235.00000,237.00000,1.63000,1.63000,1.86150,0.42380,0.75280,33.30710,10.83430,10.83430,9.46220,5.94540,0.45600,1.12830,,,6.23350,6.23350,2.71130,3.59180,27.24320,2.3461,1.7615
2012-10-31,4490.00000,2778.00000,1712.00000,1077.00000,,1287.00000,425.00000,-80.00000,345.00000,130.00000,215.00000,215.00000,215.00000,634.00000,425.00000,233.00000,235.00000,0.92000,0.91000,1.56750,0.42310,0.74980,38.12920,9.46550,9.46550,7.68370,4.78840,0.29620,0.57270,,,3.52110,3.52110,1.41810,2.03140,26.43290,0.5564,-0.3764
2012-07-31,4205.00000,2563.00000,1642.00000,975.00000,,1185.00000,457.00000,-80.00000,377.00000,137.00000,240.00000,240.00000,240.00000,667.00000,457.00000,238.00000,239.00000,1.01000,1.00000,1.69430,0.40070,0.68390,39.04880,10.86800,10.86800,8.96550,5.70750,0.30350,0.72790,,,3.87850,3.87850,1.73210,2.32420,26.33190,0.7331,-0.3394
2012-04-30,4243.00000,2719.00000,1524.00000,1002.00000,,1203.00000,321.00000,-82.00000,239.00000,85.00000,154.00000,154.00000,154.00000,522.00000,321.00000,243.00000,245.00000,0.63000,0.63000,1.67150,0.39710,0.67410,35.91800,7.56540,7.56540,5.63280,3.62950,0.29750,0.78720,,,2.44440,2.44440,1.07980,1.47380,26.03310,1.70200,0.97960
2012-01-31,6018.00000,3841.00000,2177.00000,1177.00000,,1372.00000,805.00000,-76.00000,729.00000,273.00000,456.00000,456.00000,456.00000,1000.00000,805.00000,270.00000,271.00000,1.75000,1.73000,1.85230,0.38940,0.65210,36.17480,13.37650,13.37650,12.11370,7.57730,0.42540,1.19430,,,7.00680,7.00680,3.22310,4.27850,26.34820,3.7572,3.1855
2011-10-31,4376.00000,2688.00000,1688.00000,1071.00000,,1273.00000,415.00000,-75.00000,340.00000,129.00000,211.00000,211.00000,211.00000,616.00000,415.00000,264.00000,265.00000,0.80000,0.80000,1.68130,0.39040,0.65510,38.57400,9.48350,9.48350,7.76970,4.82180,0.29730,0.65080,41.67620,2.15950,3.26070,3.26070,1.43350,1.98780,25.47640,0.9703,-0.1556
2011-07-31,4248.00000,2520.00000,1728.00000,991.00000,,1181.00000,547.00000,-72.00000,475.00000,176.00000,299.00000,299.00000,299.00000,738.00000,547.00000,276.00000,278.00000,1.08000,1.08000,1.77110,0.32970,0.51850,40.67800,12.87670,12.87670,11.18170,7.03860,0.30400,0.81420,,,4.22440,4.22440,2.13970,2.83170,26.21480,1.9,0.939
2011-04-30,4162.00000,2576.00000,1586.00000,1004.00000,,1195.00000,391.00000,-76.00000,315.00000,114.00000,201.00000,201.00000,201.00000,582.00000,391.00000,288.00000,290.00000,0.70000,0.69000,1.98290,0.31580,0.48590,38.10670,9.39450,9.39450,7.56850,4.82940,0.28800,0.80680,,,2.65800,2.65800,1.39070,1.81870,26.72090,1.26550,0.50340
2011-01-31,6038.00000,3816.00000,2222.00000,1113.00000,,1325.00000,897.00000,-116.00000,781.00000,291.00000,490.00000,490.00000,490.00000,1084.00000,897.00000,304.00000,306.00000,1.64000,1.62000,2.02880,0.30910,0.50930,36.80030,14.85590,14.85590,12.93480,8.11530,0.40660,1.25690,,,6.24200,6.24200,3.29990,4.31260,26.97590,3.1411,2.7084
2010-10-31,4218.00000,2596.00000,1622.00000,1059.00000,,1266.00000,356.00000,-79.00000,277.00000,101.00000,176.00000,176.00000,176.00000,564.00000,356.00000,307.00000,308.00000,0.57000,0.57000,1.92070,0.29620,0.47950,38.45420,8.44000,8.44000,6.56710,4.17260,0.26350,0.64420,168.72000,0.53340,2.11720,2.11720,1.09970,1.49000,26.90290,0.4221,-0.3376
2010-07-31,4100.00000,2449.00000,1651.00000,983.00000,,1163.00000,488.00000,-78.00000,410.00000,155.00000,255.00000,255.00000,255.00000,692.00000,488.00000,307.00000,308.00000,0.83000,0.83000,2.08450,0.30680,0.49010,40.26830,11.90240,11.90240,10.00000,6.21950,0.27310,0.83580,,,3.14470,3.14470,1.69880,2.17990,26.32790,1.227,0.4198
2010-04-30,4035.00000,2498.00000,1537.00000,1035.00000,,1186.00000,351.00000,-31.00000,320.00000,121.00000,199.00000,199.00000,199.00000,502.00000,351.00000,307.00000,309.00000,0.65000,0.64000,2.08360,0.17810,0.25590,38.09170,8.69890,8.69890,7.93060,4.93180,0.29960,0.82800,,,2.45770,2.52030,1.47780,2.02010,26.28900,0.92880,0.31070
2010-01-31,5683.00000,3612.00000,2071.00000,974.00000,,1201.00000,870.00000,-207.00000,663.00000,249.00000,414.00000,414.00000,414.00000,1123.00000,870.00000,305.00000,306.00000,1.35000,1.34000,2.29500,0.20720,0.26330,36.44200,15.30880,15.30880,11.66640,7.28490,0.43180,1.23570,,,5.27190,5.41250,3.14590,4.17970,25.57980,3.0453,2.6251
2009-10-31,4051.00000,2512.00000,1539.00000,1050.00000,,1200.00000,339.00000,-31.00000,308.00000,115.00000,193.00000,193.00000,193.00000,489.00000,339.00000,305.00000,308.00000,0.63000,0.63000,1.85000,0.21740,0.28010,37.99060,8.36830,8.36830,7.60310,4.76430,0.30410,0.65980,,,2.60990,2.68170,1.44860,2.04250,24.08800,1.1541,0.4664
2009-07-31,3806.00000,2286.00000,1520.00000,966.00000,-11.00000,1121.00000,399.00000,-31.00000,368.00000,139.00000,229.00000,229.00000,229.00000,543.00000,399.00000,305.00000,306.00000,0.76000,0.75000,2.02400,0.22340,0.28990,39.93690,10.48350,10.48350,9.66890,6.01680,0.31490,0.83920,,,3.20910,3.29970,1.89480,2.49210,23.32030,1.9836,1.4935
2009-04-30,3638.00000,2270.00000,1368.00000,961.00000,-15.00000,1117.00000,251.00000,-32.00000,219.00000,82.00000,137.00000,137.00000,137.00000,392.00000,251.00000,305.00000,306.00000,0.45000,0.45000,2.08730,0.23000,0.30110,37.60310,6.89940,6.89940,6.01980,3.76580,0.31460,0.80960,,,1.98980,2.04880,1.18480,1.53230,22.50000,1.28760,0.67970
2009-01-31,5236.00000,3414.00000,1822.00000,1143.00000,,1248.00000,574.00000,-31.00000,543.00000,207.00000,336.00000,336.00000,336.00000,716.00000,574.00000,306.00000,307.00000,1.09000,1.11000,2.02170,0.23350,0.30720,34.79760,10.96260,10.96260,10.37050,6.41710,0.46080,1.21970,,,4.98590,5.13920,2.95700,3.82170,22.09510,5.5309,2.228
