Date,revenue,gross-profit,research-development-expenses,selling-general-administrative-expenses,operating-income,total-non-operating-income-expense,pre-tax-income,income-after-taxes,income-from-continuous-operations,net-income,ebitda,ebit,basic-shares-outstanding,shares-outstanding,eps-basic-net-earnings-per-share,eps-earnings-per-share-diluted,current-ratio,long-term-debt-capital,debt-equity-ratio,gross-margin,operating-margin,ebit-margin,pre-tax-profit-margin,net-profit-margin,asset-turnover,receiveable-turnover,days-sales-in-receivables,roe,return-on-tangible-equity,roa,roi,book-value-per-share,operating-cash-flow-per-share,free-cash-flow-per-share
2023-09-30,7.00000,7.00000,23.73800,8.78900,-25.52700,2.42400,-23.10300,-23.10300,-23.10300,-23.10300,-26.95700,-25.52700,72.68200,72.68200,-0.32000,-0.32000,13.82650,0.04430,0.04630,100.00000,-364.67140,-364.67140,-330.04290,-330.04290,0.02810,1.00000,90.00000,-10.69610,-10.69610,-9.26620,-10.22240,2.97130,-0.2762,-0.2779
2023-06-30,,,20.99900,5.78500,-26.78400,2.47600,-24.30800,-24.30800,-24.30800,-24.30800,-28.29500,-26.78400,72.46200,72.46200,-0.34000,-0.34000,17.72610,0.04110,0.04280,,,,,,,,,-10.46510,-10.46510,-9.22930,-10.03510,3.20240,-0.2976,-0.3166
2023-03-31,,,18.31800,6.20600,-24.52400,2.32500,-22.19900,-22.19900,-22.19900,-22.19900,-25.91900,-24.52400,72.32800,72.32800,-0.31000,-0.31000,19.43950,0.03770,0.03920,,,,,,,,,-8.79200,-8.79200,-7.81160,-8.46050,3.56540,-0.28840,-0.29250
2022-12-31,,,14.85900,5.17500,-20.03400,1.85300,-18.18100,-18.18100,-18.18100,-18.18100,-21.61900,-20.03400,67.36900,67.36900,-0.25000,-0.25000,25.98180,0.03520,0.03640,,,,,,,,,-6.73690,-6.73690,-6.06910,-6.50000,3.94010,-0.2781,-0.2843
2022-09-30,,,13.86000,5.06700,-18.92700,1.08000,-17.84700,-17.84700,-17.84700,-17.84700,-19.04100,-18.92700,72.15400,72.15400,-0.25000,-0.25000,31.15450,0.03340,0.03450,,,,,,,,,-6.30220,-6.30220,-5.85590,-6.09180,4.14190,-0.1815,-0.1889
2022-06-30,,,11.34600,4.97700,-16.32300,0.13600,-16.18700,-16.18700,-16.18700,-16.18700,-15.59900,-16.32300,64.28000,64.28000,-0.25000,-0.25000,39.64450,0.03170,0.03270,,,,,,,,,-5.44350,-5.44350,-5.09820,-5.27110,4.35110,-0.1943,-0.1967
2022-03-31,,,10.94400,4.93400,-15.87800,-0.14600,-16.02400,-16.02400,-16.02400,-16.02400,-15.06900,-15.87800,60.63000,60.63000,-0.26000,-0.26000,35.25310,0.04000,0.04160,,,,,,,,,-6.89750,-6.89750,-6.36210,-6.62180,3.90020,-0.21960,-0.22700
2021-12-31,,,9.78100,4.32200,-14.10300,-0.10900,-14.21200,-14.21200,-14.21200,-14.21200,-13.30800,-14.10300,52.75900,52.75900,-0.26000,-0.26000,25.77380,0.04660,0.04890,,,,,,,,,-7.21880,-7.21880,-6.52130,-6.88240,3.49940,-0.202,-0.2069
2021-09-30,,,10.52700,3.97200,-14.49900,0.03700,-14.46200,-14.46200,-14.46200,-14.46200,-13.71300,-14.49900,52.04900,52.04900,-0.28000,-0.28000,15.84770,,,,,,,,,,,-12.10400,-12.10400,-11.04910,-12.10400,2.45860,-0.1901,-0.1906
2021-06-30,,,9.34100,3.66800,-13.00900,0.04700,-12.96200,-12.96200,-12.96200,-12.96200,-12.10500,-13.00900,51.90500,51.90500,-0.25000,-0.25000,22.43370,,,,,,,,,,,-9.97950,-9.97950,-9.28030,-9.97950,2.69780,-0.2486,-0.2491
2021-03-31,,,9.28600,3.76200,-13.04800,0.05400,-12.99400,-12.99400,-12.99400,-12.99400,-12.16200,-13.04800,51.05800,51.05800,-0.25000,-0.25000,19.26700,,,,,,,,,,,-9.23940,-9.23940,-8.52980,-9.23940,2.92510,-0.16370,-0.16370
2020-12-31,,,8.11700,2.95100,-11.06800,0.12700,-10.94100,-10.94100,-10.94100,-10.94100,-10.29200,-11.06800,44.00400,44.00400,-0.20000,-0.20000,22.47920,,,,,,,,,,,-7.76080,-7.76080,-7.20550,-7.76080,3.04090,-0.2868,-0.289
2020-09-30,,,8.25900,3.29200,-11.55100,0.26200,-11.28900,-11.28900,-11.28900,-11.28900,-11.01400,-11.55100,49.99900,49.99900,-0.23000,-0.23000,24.83630,,,,,,,,,,,-7.50980,-7.50980,-7.00270,-7.50980,3.24900,-0.1246,-0.1242
2020-06-30,,,7.14800,2.70500,-9.85300,0.35300,-9.50000,-9.50000,-9.50000,-9.50000,-9.57100,-9.85300,42.93700,42.93700,-0.22000,-0.22000,31.82620,,,,,,,,,,,-6.00060,-6.00060,-5.64390,-6.00060,3.45470,-0.1757,-0.1755
2020-03-31,,,7.45700,3.02100,-10.47800,0.46600,-10.01200,-10.01200,-10.01200,-10.01200,-10.21200,-10.47800,32.86800,32.86800,-0.30000,-0.30000,18.68730,,,,,,,,,,,-8.16280,-8.16280,-7.43590,-8.16280,3.21290,-0.25260,-0.25540
2019-12-31,,,7.43100,2.56600,-9.99700,0.41800,-9.57900,-9.57900,-9.57900,-9.57900,-9.74000,-9.99700,19.08400,19.08400,-0.50000,-0.50000,13.51520,,,,,,,,,,,-12.27350,-12.27350,-10.70120,-12.27350,4.06320,-0.3786,-0.3796
2019-09-30,,,7.08000,2.60100,-9.68100,0.53300,-9.14800,-9.14800,-9.14800,-9.14800,-9.54900,-9.68100,19.09600,19.09600,-0.48000,-0.48000,16.67040,,,,,,,,,,,-10.57610,-10.57610,-9.38040,-10.57610,4.51870,-0.4314,-0.4348
2019-06-30,,,6.92500,2.43000,-9.35500,0.63700,-8.71800,-8.71800,-8.71800,-8.71800,-9.36600,-9.35500,19.07400,19.07400,-0.46000,-0.46000,20.32440,,,,,,,,,,,-9.21540,-9.21540,-8.28180,-9.21540,4.94450,-0.4038,-0.4294
2019-03-31,,,5.92700,2.38200,-8.30900,0.66700,-7.64200,-7.64200,-7.64200,-7.64200,-8.36500,-8.30900,19.04300,19.04300,-0.40000,-0.40000,21.81360,,,,,,,,,,,-7.48150,-7.48150,-6.75950,-7.48150,5.34290,-0.35180,-0.35360
2018-12-31,,,4.67200,1.75400,-6.42600,0.64400,-5.78200,-5.78200,-5.78200,-5.78200,-6.50600,-6.42600,10.26500,10.26500,7.88000,7.88000,32.90530,,,,,,,,,,,-5.31450,-5.31450,-5.04180,-5.31450,5.69200,-1.2173,-1.2731
2018-09-30,,,4.66400,1.60000,-6.26400,0.60100,-5.66300,-5.66300,-5.66300,-5.66300,-6.25100,-6.26400,18.95500,18.95500,-0.30000,-0.30000,32.93120,,,,,,,,,,,-4.96200,-4.96200,-4.70870,-4.96200,5.97270,4.434,4.8243
2018-06-30,,,5.22800,1.72200,-6.95000,0.17500,-6.77500,-6.77500,-6.77500,-6.77500,-6.75600,-6.95000,2.04400,2.04400,-3.31000,-3.31000,33.47700,,,,,,,,,,,-5.67700,-5.67700,-5.39110,-5.67700,6.24560,-0.2673,-0.4524
2018-03-31,,,3.57200,1.51400,-5.08600,0.13900,-4.94700,-4.94700,-4.94700,-4.94700,-4.99900,-5.08600,0.75700,0.75700,-6.53000,-6.53000,,,,,,,,,,,,,,,,,-4.97490,-5.23250
2017-12-31,,,,,,,,,,,,,,,,0.00000,,,,,,,,,,,,,,,,,10.3392,10.8583
2017-09-30,,,1.55700,0.63500,-2.19200,0.11200,-2.08000,-2.08000,-2.08000,-2.08000,-2.14900,-2.19200,0.62800,0.62800,-3.31000,-3.31000,,,,,,,,,,,,,,,,,-2.7557,-3.2748
2017-06-30,,,1.44500,0.43600,-1.88100,0.00100,-1.88000,-1.88000,-1.88000,-1.88000,-1.88100,-1.88100,0.56900,0.56900,-3.30000,-3.30000,,,,,,,,,,,,,,,,,-7.5835,-7.5835
2016-12-31,,,,,,,,,,,,,,,,0.00000,,,,,,,,,,,,,,,,,0,0
