Date,revenue,cost-goods-sold,gross-profit,research-development-expenses,selling-general-administrative-expenses,operating-expenses,operating-income,total-non-operating-income-expense,pre-tax-income,total-provision-income-taxes,income-after-taxes,income-from-continuous-operations,net-income,ebitda,ebit,basic-shares-outstanding,shares-outstanding,eps-basic-net-earnings-per-share,eps-earnings-per-share-diluted,current-ratio,long-term-debt-capital,debt-equity-ratio,gross-margin,operating-margin,ebit-margin,pre-tax-profit-margin,net-profit-margin,asset-turnover,inventory-turnover,receiveable-turnover,days-sales-in-receivables,roe,return-on-tangible-equity,roa,roi,book-value-per-share,operating-cash-flow-per-share,free-cash-flow-per-share
2023-12-31,51.89200,42.08800,9.80400,12.11400,11.21500,24.14600,-14.34200,1.13100,-13.21100,0.02700,-13.23800,-13.23800,-13.23800,-10.30100,-14.34200,46.07800,46.07800,-0.28000,-0.28000,6.73410,,,18.89310,-27.63810,-27.63810,-25.45860,-25.51070,0.16910,0.80690,1.31090,68.65510,-5.20320,-5.50740,-4.31480,-5.20320,5.38270,0.0102,-0.0111
2023-09-30,50.63400,40.69600,9.93800,10.74400,11.72500,22.46900,-12.53100,0.83900,-11.69200,0.18700,-11.87900,-11.87900,-11.87900,-8.54000,-12.53100,46.40300,46.40300,-0.26000,-0.26000,6.68260,,,19.62710,-24.74820,-24.74820,-23.09120,-23.46050,0.16190,0.66080,1.42570,63.12830,-4.57730,-4.84880,-3.79730,-4.57730,5.56040,0.2845,0.2258
2023-06-30,53.30400,41.19600,12.10800,12.00400,11.79000,23.79400,-11.68600,1.40700,-10.27900,-1.45600,-8.82300,-8.82300,-8.82300,-7.66500,-11.68600,45.71700,45.71700,-0.19000,-0.19000,6.34090,,,22.71500,-21.92330,-21.92330,-19.28370,-16.55220,0.16560,0.63440,1.15250,78.09320,-3.32490,-3.52670,-2.74090,-3.32490,5.70640,-0.0898,-0.1107
2023-03-31,54.09100,39.82800,14.26300,11.30100,11.16900,22.47000,-8.20700,0.74100,-7.46600,0.26400,-7.73000,-7.73000,-7.73000,-4.23000,-8.20700,45.70600,45.70600,-0.17000,-0.17000,6.34890,,,26.36850,-15.17260,-15.17260,-13.80270,-14.29070,0.16400,0.59310,1.49670,60.13200,-2.87190,-3.05090,-2.34410,-2.87190,5.87880,0.01410,-0.00090
2022-12-31,56.67900,50.89600,5.78300,13.55800,11.82800,29.27800,-23.49500,0.73700,-22.75800,-0.09900,-22.65900,-22.65900,-22.65900,-19.42300,-23.49500,44.43600,44.43600,-0.51000,-0.51000,6.69010,,,10.20310,-41.45270,-41.45280,-40.15240,-39.97780,0.17220,0.75290,1.49500,60.20170,-8.36600,-8.90590,-6.88240,-8.36600,5.93580,-0.0024,-0.1166
2022-09-30,60.09300,46.61700,13.47600,12.71600,13.74100,26.45700,-12.98100,0.13600,-12.84500,0.11000,-12.95500,-12.95500,-12.95500,-8.89700,-12.98100,44.78600,44.78600,-0.29000,-0.29000,6.47910,,,22.42520,-21.60150,-21.60150,-21.37520,-21.55830,0.17240,0.57790,1.37190,65.60280,-4.53230,-4.81870,-3.71680,-4.53230,6.30950,-0.0586,-0.1338
2022-06-30,60.82700,45.44200,15.38500,13.78800,11.91400,25.70200,-10.31700,-0.03500,-10.35200,-0.01000,-10.34200,-10.34200,-10.34200,-6.51200,-10.31700,44.17800,44.17800,-0.23000,-0.23000,6.29500,,,25.29300,-16.96120,-16.96120,-17.01880,-17.00230,0.16870,0.56670,1.32390,67.97900,-3.51940,-3.74440,-2.86900,-3.51940,6.51940,-0.1059,-0.2828
2022-03-31,64.45900,48.28200,16.17700,13.71100,10.77500,24.48600,-8.30900,0.02900,-8.28000,0.34300,-8.62300,-8.62300,-8.62300,-4.57100,-8.30900,43.65500,43.65500,-0.20000,-0.20000,6.63270,,,25.09660,-12.89040,-12.89040,-12.84540,-13.37750,0.17520,0.62510,1.74630,51.53790,-2.86880,-3.05590,-2.34380,-2.86880,6.74880,-0.16040,-0.27540
2021-12-31,67.45300,49.51100,17.94200,13.98400,12.62300,26.60700,-8.66500,0.05300,-8.61200,0.13800,-8.75000,-8.75000,-8.75000,-4.91700,-8.66500,42.14200,42.14200,-0.20000,-0.20000,6.05620,,,26.59930,-12.84600,-12.84600,-12.76740,-12.97200,0.18050,0.67140,1.62250,55.47060,-2.89610,-3.09170,-2.34200,-2.89610,6.82820,-0.2393,-0.3797
2021-09-30,72.23500,50.84000,21.39500,14.83800,13.31600,28.15400,-6.75900,0.08200,-6.67700,0.20300,-6.88000,-6.88000,-6.88000,-2.86000,-6.75900,42.88400,42.88400,-0.16000,-0.16000,5.56940,,,29.61860,-9.35700,-9.35700,-9.24340,-9.52450,0.18910,0.71930,1.97960,45.46410,-2.26320,-2.40580,-1.80120,-2.26320,6.92860,-0.0102,-0.14
2021-06-30,69.11300,48.78800,20.32500,14.28200,15.05700,29.33900,-9.01400,0.08600,-8.92800,-1.03800,-7.89000,-7.89000,-7.89000,-5.31900,-9.01400,42.31300,42.31300,-0.19000,-0.19000,6.13000,0.00010,0.00010,29.40840,-13.04240,-13.04240,-12.91800,-11.41610,0.18260,0.77080,1.87660,47.95930,-2.58990,-2.76190,-2.08410,-2.58960,7.05510,-0.0299,-0.1398
2021-03-31,61.34500,43.70000,17.64500,11.71000,11.71400,23.42400,-5.77900,-0.04800,-5.82700,0.32200,-6.14900,-6.14900,-6.14900,-2.06200,-5.77900,40.04800,40.04800,-0.15000,-0.15000,6.65750,0.00010,0.00010,28.76360,-9.42050,-9.42050,-9.49870,-10.02360,0.16360,0.74310,1.93770,46.44580,-2.02230,-2.16360,-1.63940,-2.02210,7.10690,0.10280,0.02450
2020-12-31,65.70400,46.05700,19.64700,12.02800,11.90500,23.93300,-4.28600,0.27100,-4.01500,0.50200,-4.51700,-4.51700,-4.51700,-0.53400,-4.28600,38.36700,38.36700,-0.12000,-0.12000,4.84910,0.00100,0.00180,29.90230,-6.52320,-6.52320,-6.11070,-6.87480,0.23160,0.84190,2.06490,43.58640,-2.05400,-2.26890,-1.59250,-2.05200,5.52650,-0.0412,-0.1485
2020-09-30,61.73200,44.57200,17.16000,11.12600,10.01000,21.13600,-3.97600,0.38100,-3.59500,-1.48500,-2.11000,-2.11000,-2.11000,-0.47200,-3.97600,38.55800,38.55800,-0.05000,-0.05000,4.57960,0.00090,0.00160,27.79760,-6.44070,-6.44070,-5.82360,-3.41800,0.22020,0.83420,2.63230,34.19100,-0.97640,-1.08480,-0.75250,-0.97550,5.49360,0.1977,0.141
2020-06-30,52.13800,39.08200,13.05600,9.47200,9.63300,19.10500,-6.04900,-0.36300,-6.41200,0.41800,-6.83000,-6.83000,-6.83000,-2.78100,-6.04900,38.17700,38.17700,-0.18000,-0.18000,5.51870,0.06630,0.07100,25.04120,-11.60190,-11.60190,-12.29810,-13.09990,0.18530,0.77220,2.18230,41.24040,-3.23200,-3.54800,-2.42740,-3.01780,5.43950,0.2119,0.1658
2020-03-31,43.21500,33.71400,9.50100,8.53800,7.70000,16.23800,-6.73700,0.16700,-6.57000,0.90500,-7.47500,-7.47500,-7.47500,-3.57600,-6.73700,37.84600,37.84600,-0.20000,-0.20000,6.39030,0.06580,0.07060,21.98540,-15.58950,-15.58950,-15.20310,-17.29720,0.15900,0.68130,1.60500,56.07640,-3.51030,-3.86240,-2.75030,-3.27930,5.53500,-0.02850,-0.42870
2019-12-31,42.89600,32.90400,9.99200,8.81900,10.13900,18.95800,-8.96600,0.98600,-7.98000,2.73600,-10.71600,-10.71600,-10.71600,-6.19600,-8.96600,37.11900,37.11900,-0.30000,-0.30000,7.93260,,0.00020,23.29350,-20.90170,-20.90170,-18.60310,-24.98140,0.17160,0.71330,1.58140,56.91300,-4.94720,-5.44710,-4.28700,-4.94720,5.68760,-0.0635,-0.1412
2019-09-30,43.81400,30.85200,12.96200,6.40200,7.25600,13.65800,-0.69600,0.75500,0.05900,0.83700,-0.77800,-0.77800,-0.77800,1.61700,-0.69600,37.26200,37.26200,-0.02000,-0.02000,8.46540,,0.00030,29.58420,-1.58850,-1.58850,0.13470,-1.77570,0.17150,0.67480,1.52360,59.07090,-0.35170,-0.35900,-0.30450,-0.35170,5.86110,-0.0189,-0.0935
2019-06-30,48.04800,32.17700,15.87100,6.49400,8.57200,15.06600,0.80500,-0.16700,0.63800,0.79300,-0.15500,-0.15500,-0.15500,3.07400,0.80500,37.06500,37.06500,0.00000,0.00000,8.89430,0.00010,0.00040,33.03160,1.67540,1.67540,1.32780,-0.32260,0.18800,0.76100,1.56240,57.60240,-0.06980,-0.07120,-0.06060,-0.06980,5.89240,0.1027,0
2019-03-31,41.86100,28.34700,13.51400,6.42200,8.14400,14.56600,-1.05200,1.57000,0.51800,1.75300,-1.23500,-1.23500,-1.23500,1.16000,-1.05200,36.69400,36.69400,-0.03000,-0.03000,9.10730,0.00010,0.00060,32.28300,-2.51310,-2.51310,1.23740,-2.95020,0.16640,0.69400,1.38800,64.84320,-0.56480,-0.57580,-0.49100,-0.56470,5.92490,-0.13460,-0.19680
2018-12-31,46.16200,29.65600,16.50600,6.39800,7.88900,14.28700,2.21900,0.90500,3.12400,0.76400,2.36000,2.36000,2.36000,4.19500,2.21900,24.86200,29.95900,0.14000,0.11000,9.26870,0.00010,0.00050,35.75670,4.80700,4.80700,6.76750,5.11240,0.18460,0.83940,1.74010,51.72050,1.08360,1.10430,0.94350,1.08360,5.93330,0.0596,-0.0781
2018-09-30,51.02500,32.97800,18.04700,5.47500,7.48500,12.96000,5.08700,-0.23900,4.84800,0.83900,4.00900,4.00900,4.00900,7.28100,5.08700,35.00700,40.33200,0.11000,0.10000,9.12200,0.07020,0.07600,35.36890,9.96960,9.96960,9.50120,7.85690,0.19480,0.90990,2.39960,37.50630,1.87850,1.91400,1.53020,1.74650,5.87030,0.1319,0.1118
2018-06-30,51.70500,34.02600,17.67900,4.89800,7.23200,12.13000,5.54900,-0.04800,5.50100,0.84800,4.65300,4.65300,3.15400,7.72100,5.54900,24.49100,29.75600,0.13000,0.11000,5.73070,0.06990,0.10220,34.19210,10.73200,10.73200,10.63920,6.10000,0.23180,0.96480,2.38670,37.70930,2.73330,2.79610,2.08640,2.54220,4.89300,1.297,2.2211
2018-03-31,42.46700,27.73800,14.72900,4.28300,6.23800,10.52100,4.20800,-0.14300,4.06500,1.14900,2.91600,2.91600,,6.15400,4.20800,3.03100,3.03100,,0.00000,2.73890,0.17770,0.27020,34.68340,9.90890,9.90890,9.57210,,0.36550,0.78460,2.33710,38.50970,4.51580,4.79310,2.50960,3.71260,21.13380,-1.37580,-2.49420
2017-12-31,37.50000,25.20600,12.29400,3.55000,6.07300,9.62300,2.67100,-0.24300,2.47500,1.39800,1.07700,1.08700,1.08700,4.79200,2.67100,2.73500,2.73500,0.58000,0.58000,2.92740,0.19780,0.28510,32.77330,7.12270,7.12270,6.60000,2.89870,0.34050,0.85240,2.80840,32.04720,1.77410,1.87220,0.98690,1.42290,20.57170,1.1766,0.2733
2017-09-30,36.54700,24.20200,12.34500,3.84900,3.89700,7.74600,4.59900,-1.11900,3.48000,1.23600,2.24400,2.24400,0.00000,6.48900,4.59900,2.75100,2.75100,0.00000,0.00000,,,,33.77840,12.58380,12.58380,9.52200,,,,,,,,,,,-0.4306,-0.8567
2017-06-30,34.66400,23.98400,10.68000,4.01000,4.77400,8.78400,1.89600,-1.09900,0.79700,1.08400,-0.28700,-0.28700,-0.28700,3.85500,1.89600,2.62600,2.62600,-0.11000,-0.11000,,,,30.81010,5.46970,5.46970,2.29920,-0.82790,,,,,,,,,,1.9416,1.5437
2017-03-31,29.88700,20.92000,8.96700,3.72600,4.62900,8.35500,0.61200,-0.66900,-0.05700,1.15600,-1.21300,-1.21300,-1.21300,2.56200,0.61200,2.60000,2.60000,-0.47000,-0.47000,,,,30.00300,2.04770,2.04770,-0.19070,-4.05860,,,,,,,,,,-1.44080,-1.71350
2016-12-31,,,,,,,,,,,,,,,,,,,0.00000,,,,,,,,,,,,,,,,,,0,0
