Date,revenue,cost-goods-sold,gross-profit,selling-general-administrative-expenses,other-operating-income-expenses,operating-expenses,operating-income,total-non-operating-income-expense,pre-tax-income,total-provision-income-taxes,income-after-taxes,income-from-continuous-operations,net-income,ebitda,ebit,basic-shares-outstanding,shares-outstanding,eps-basic-net-earnings-per-share,eps-earnings-per-share-diluted,current-ratio,long-term-debt-capital,debt-equity-ratio,gross-margin,operating-margin,ebit-margin,pre-tax-profit-margin,net-profit-margin,asset-turnover,inventory-turnover,receiveable-turnover,days-sales-in-receivables,roe,return-on-tangible-equity,roa,roi,book-value-per-share,operating-cash-flow-per-share,free-cash-flow-per-share
2024-04-30,285.47100,146.49100,138.98000,127.40100,-0.34100,136.74700,2.23300,-10.24800,-8.01500,-1.57300,-6.44200,-6.44200,-6.44200,11.90500,2.23300,31.43900,31.43900,-0.20000,-0.20000,1.84860,0.53790,1.21950,48.68450,0.78220,0.78220,-2.80760,-2.25660,0.35680,0.50750,8.23540,10.92850,-2.74590,28.76020,-0.80510,-1.26890,7.46970,-0.82110,-1.03520
2024-01-31,514.85210,319.45200,195.40010,172.54900,-4.75000,187.32500,8.07510,-18.80600,-10.73100,-2.11100,-8.62000,-8.62000,-8.62000,18.36110,8.07510,31.97000,31.97000,-0.27000,-0.27000,1.57840,0.49430,1.03140,37.95270,1.56840,1.56840,-2.08430,-1.67430,0.63450,1.05880,14.58710,6.16980,-3.56800,55.94870,-1.06230,-1.80420,7.68600,2.9341,2.7371
2023-10-31,324.73500,172.14200,152.59300,135.28200,-2.32400,253.90100,-101.30800,-11.54500,-112.85300,-0.45900,-112.39400,-112.39400,-112.39400,15.80900,-101.30800,31.88700,31.88700,-3.52000,-3.52000,1.85720,0.56460,1.35130,46.99000,-31.19710,-31.19710,-34.75230,-34.61100,0.34270,0.40780,10.33460,8.70860,-44.79540,1844.04500,-11.86140,-19.50570,7.91020,-0.5572,-0.7403
2023-07-31,323.36300,183.76600,139.59700,123.86600,-0.39000,133.79900,5.79800,-11.85500,-6.05700,1.96100,-8.01800,-8.01800,-8.01800,16.16000,5.79800,32.11700,32.11700,-0.25000,-0.25000,1.78320,0.44050,0.82500,43.17040,1.79300,1.79300,-1.87310,-2.47960,0.31870,0.46400,12.88560,6.98460,-2.19210,-387.71890,-0.79040,-1.22640,11.39930,2.0386,1.7085
2023-04-30,309.55800,171.62100,137.93700,118.51400,-0.20200,128.01700,9.92000,-12.09600,-2.17600,-0.52400,-1.65200,-1.65200,-1.65200,20.03600,9.92000,32.44300,32.44300,-0.05000,-0.05000,2.16020,0.46090,0.89140,44.55930,3.20460,3.20460,-0.70290,-0.53370,0.31110,0.45640,7.98670,11.26870,-0.44020,-14.26110,-0.16600,-0.23730,11.56140,-0.33150,-0.71320
2023-01-31,529.60290,357.45900,172.14390,150.30100,0.20900,159.60510,12.53880,-11.69400,0.84500,4.14300,-3.29800,-3.29800,-3.29800,23.21480,12.53880,33.10800,33.10800,-0.10000,-0.10000,1.87150,0.45940,0.88580,32.50440,2.36760,2.36760,0.15960,-0.62270,0.48940,0.84010,11.78780,7.63500,-0.86620,-19.34090,-0.30480,-0.46830,11.67020,2.7122,2.4296
2022-10-31,370.98300,222.57300,148.41000,132.80700,-3.09600,145.66400,2.74600,-11.05500,-8.30900,-3.62700,-4.68200,-4.68200,-4.68200,13.44200,2.74600,33.06400,33.06400,-0.14000,-0.14000,1.92100,0.50040,1.03740,40.00450,0.74020,0.74020,-2.23970,-1.26210,0.30580,0.39400,7.50840,11.98660,-1.21430,-21.41040,-0.38600,-0.60660,11.68350,-0.2878,-0.4636
2022-07-31,351.17800,207.14100,144.03700,128.57300,-0.03900,138.49500,5.54200,-8.64700,-3.10500,-0.92600,-2.17900,-2.17900,-2.17900,16.20600,5.54200,33.36100,33.36100,-0.07000,-0.07000,1.88800,0.47960,0.95630,41.01540,1.57810,1.57810,-0.88420,-0.62050,0.29290,0.36390,8.58270,10.48620,-0.55170,-6.97390,-0.18170,-0.28710,11.89520,0.1684,-0.0645
2022-04-30,303.66500,174.49000,129.17500,115.69300,,125.27700,3.89800,-8.00800,-4.11000,-1.73900,-2.37100,-2.37100,-2.37100,14.24700,3.89800,33.16300,33.16300,-0.07000,-0.07000,2.29160,0.47240,0.92980,42.53870,1.28370,1.28370,-1.35350,-0.78080,0.28080,0.39940,5.82470,15.45140,-0.59510,-6.83190,-0.21920,-0.31400,11.92370,-3.69120,-3.90120
2022-01-31,555.37500,356.25600,199.11900,172.18800,-0.15800,182.02900,17.09000,-8.04700,9.04300,1.93300,7.11000,7.11000,7.11000,27.60900,17.09010,32.92900,33.68100,0.22000,0.21000,1.62780,0.36570,0.61030,35.85310,3.07720,3.07720,1.62830,1.28020,0.53570,0.92720,11.18180,8.04880,1.74820,16.53640,0.68590,1.10890,12.32970,2.2838,2.0905
2021-10-31,375.84300,209.02800,166.81500,137.40800,-0.14000,147.33600,19.47900,-8.16300,11.31600,3.91700,7.39900,7.39900,7.39900,30.02800,19.47900,32.98100,33.69800,0.22000,0.22000,1.74530,0.43530,0.80550,44.38420,5.18270,5.18270,3.01080,1.96860,0.32980,0.43570,8.52680,10.55500,1.85670,21.25420,0.64920,1.04840,12.08240,-1.094,-1.2952
2021-07-31,384.10900,206.32000,177.78900,136.64900,,146.44000,31.34900,-8.71400,22.63500,6.41400,16.22100,16.22100,16.22100,41.96200,31.34900,32.97900,33.71300,0.49000,0.48000,1.56880,0.40470,0.71510,46.28610,8.16150,8.16150,5.89290,4.22300,0.34740,0.44440,12.71760,7.07680,4.16110,62.09460,1.46700,2.47710,11.81960,2.0534,1.8452
2021-04-30,321.29700,173.56000,147.73700,125.52200,-0.44300,135.86900,11.86800,-8.89300,2.97500,0.33600,2.63900,2.63900,2.63900,22.54700,11.86800,32.76900,33.71200,0.08000,0.08000,1.89480,0.46580,0.90920,45.98140,3.69380,3.69380,0.92590,0.82140,0.30520,0.44020,7.77020,11.58270,0.71290,40.89570,0.25070,0.38080,11.22460,-1.14800,-1.29460
2021-01-31,538.37510,325.55400,212.82110,166.73300,-0.55800,176.84280,35.97820,-8.40800,27.57000,7.64300,19.92700,19.92700,19.92700,46.34920,35.97810,32.56600,32.65200,0.62000,0.62000,1.57450,0.42260,0.76920,39.53030,6.68270,6.68270,5.12100,3.70130,0.51490,0.85200,14.32840,6.28120,5.39000,331.94780,1.90600,3.11200,11.33570,3.5903,3.438
2020-10-31,359.98200,196.52700,163.45500,134.89000,-0.25500,144.77200,18.68300,-8.75500,9.92800,2.75200,7.17600,7.17600,7.17600,29.74300,18.68300,32.60500,33.24800,0.22000,0.22000,1.89110,0.53930,1.21030,45.40640,5.19000,5.19000,2.75790,1.99340,0.29990,0.39320,10.51410,8.55990,2.08050,-38.22110,0.59790,0.95860,10.57790,-1.027,-1.1965
2020-07-31,312.08300,176.66100,135.42200,111.47800,-3.37300,124.22900,11.19300,-6.24900,4.94400,0.56800,4.37600,4.37600,4.37600,21.00000,11.19300,32.60000,32.83800,0.13000,0.13000,1.88220,0.53170,1.13540,43.39290,3.58660,3.58660,1.58420,1.40220,0.27440,0.40010,12.80760,7.02710,1.30100,-16.00410,0.38480,0.60920,10.31640,2.7147,2.4456
2020-04-30,217.00800,122.85300,94.15500,105.79600,-4.28500,118.86700,-24.71200,-5.13800,-29.85000,-9.20700,-20.64300,-20.64300,-20.64300,-12.19700,-24.71200,32.44800,32.44800,-0.64000,-0.64000,0.81140,,1.39630,43.38780,-11.38760,-11.38760,-13.75530,-9.51260,0.19940,0.32060,6.13350,14.67360,-6.29560,57.65870,-1.89680,-6.29560,10.05950,-2.47160,-2.80410
2020-01-31,549.47800,330.72000,218.75810,169.44100,-1.45600,178.93110,39.82700,-5.52600,34.30100,8.78500,25.51600,25.51600,25.51600,48.29100,39.82700,32.34300,32.34500,0.79000,0.79000,1.92330,0.52080,1.10170,39.81200,7.24810,7.24820,6.24250,4.64370,0.49340,0.88030,10.78400,8.34570,7.32410,-137.05030,2.29120,3.50960,10.75850,4.7005,4.4057
2019-10-31,340.02300,185.84800,154.17500,135.41700,0.22500,143.26800,10.90700,-5.95500,4.95200,1.34600,3.60600,3.60600,3.60600,19.41100,10.90700,32.37100,32.39800,0.11000,0.11000,1.63380,0.54220,1.45020,45.34250,3.20770,3.20770,1.45640,1.06050,0.29270,0.37180,8.91860,10.09120,1.12520,-7.75230,0.31040,0.51510,9.89980,-4.3832,-4.4949
2019-07-31,298.26700,169.18200,129.08500,122.26000,0.02200,129.64600,-0.56100,-5.62700,-6.18800,-3.17400,-3.01400,-3.01400,-3.01400,7.27700,-0.56100,32.36800,32.36800,-0.09000,-0.09000,1.92330,0.52080,1.10170,43.27830,-0.18810,-0.18810,-2.07470,-1.01050,0.26780,0.45030,5.85380,15.37470,-0.86510,16.18870,-0.27060,-0.41460,10.75850,1.6513,1.35
2019-04-30,262.43300,142.55900,119.87400,116.84400,-0.14800,124.61000,-4.73600,-6.96700,-11.70300,-4.88500,-6.81800,-6.81800,-6.81800,3.31600,-4.73600,32.26100,32.26100,-0.21000,-0.21000,2.15610,0.54760,1.22670,45.67790,-1.80460,-1.80460,-4.45940,-2.59800,0.26820,0.44640,9.53960,9.43440,-2.16300,13.16340,-0.69690,-0.97860,9.73970,-1.12490,-1.59110
2019-01-31,502.25200,306.94900,195.30300,157.27500,-0.17700,164.59110,30.71190,-6.43400,24.27800,8.06700,16.21100,16.21100,16.21100,38.21090,30.71200,32.19000,32.52600,0.50000,0.50000,2.43890,0.59920,1.51100,38.88550,6.11480,6.11490,4.83380,3.22770,0.45210,0.95350,14.53740,6.19090,5.02340,-36.60280,1.45930,2.01340,10.01590,3.0988,2.7561
2018-10-31,341.57000,190.60800,150.96200,135.27400,0.15800,142.47700,8.48500,-9.16900,-0.68400,-3.97800,3.29400,3.29400,3.29400,16.27600,8.48500,32.21100,32.31400,0.10000,0.10000,2.13420,0.61380,1.60600,44.19650,2.48410,2.48410,-0.20030,0.96440,0.29730,0.44130,8.23140,10.93380,1.08280,-5.24570,0.28680,0.41820,9.44390,-2.3878,-2.7207
2018-07-31,307.94500,171.17900,136.76600,129.04100,0.04700,135.89100,0.87500,-6.58900,-5.71400,-0.42900,-5.28500,-5.28500,-5.28500,8.20200,0.87500,32.21200,32.21200,-0.16000,-0.16000,2.43890,0.59920,1.49500,44.41250,0.28410,0.28410,-1.85550,-1.71620,0.27720,0.53180,8.91330,10.09730,-1.63770,11.93300,-0.47570,-0.65640,10.01590,2.0533,1.6986
2018-04-30,299.82500,166.80000,133.02500,124.00000,-0.33700,130.49800,2.52700,-10.77600,-8.24900,-5.61900,-2.63000,-2.63000,-2.63000,9.22300,2.52700,32.12500,32.12500,-0.08000,-0.08000,2.79050,0.61420,1.59190,44.36750,0.84280,0.84280,-2.75130,-0.87720,0.28490,0.54770,6.16800,14.59150,-0.86270,4.23200,-0.24990,-0.33280,9.46520,-1.28240,-1.61700
2018-01-31,510.63300,312.21200,198.42100,161.13500,-1.71700,168.73110,29.68990,-11.80700,17.88300,-21.86900,39.75200,39.75200,39.75200,36.18890,29.69000,32.07600,32.11000,1.23000,1.23000,2.36890,0.61290,1.58340,38.85790,5.81430,5.81430,3.50210,7.78480,0.45420,0.93960,10.24130,8.78790,12.94460,-66.35620,3.53620,5.01070,9.56620,3.6196,3.3412
2017-10-31,325.48900,183.51500,141.97400,129.12200,-0.56400,136.03300,5.94100,-5.77400,0.16700,0.00500,0.16200,0.16200,0.16200,12.71700,5.94100,32.09500,32.11700,0.01000,0.01000,2.29380,0.64930,1.85180,43.61870,1.82530,1.82530,0.05130,0.04980,0.29050,0.43330,8.33650,10.79590,0.06160,-0.15590,0.01450,0.02160,8.19740,-2.3227,-2.5997
2017-07-31,302.19000,168.02500,134.16500,127.33600,-0.48000,133.99100,0.17400,-5.67300,-5.49900,-1.61900,-3.88000,-3.88000,-3.88000,6.77600,0.17400,32.07900,32.07900,-0.12000,-0.12000,2.28970,0.65070,1.86320,44.39760,0.05760,0.05760,-1.81970,-1.28400,0.26920,0.45350,12.26820,7.33600,-1.48090,3.69520,-0.34570,-0.51720,8.16500,1.4721,1.1971
2017-04-30,268.36500,145.72200,122.64300,121.34600,-1.50800,129.36300,-6.72000,-5.38300,-12.10300,-4.26400,-7.83900,-7.83900,-7.83900,0.21700,-6.72000,32.02900,32.02900,-0.24000,-0.24000,3.00790,0.64890,1.84790,45.70010,-2.50410,-2.50410,-4.50990,-2.92100,0.26010,0.47020,8.19910,10.97680,-2.96180,7.66050,-0.75980,-1.04000,8.26350,-1.88340,-2.23880
2017-01-31,458.84090,281.90600,176.93490,146.28500,-0.50000,325.36900,-148.43410,-9.16900,-157.60300,-62.78200,-94.82100,-94.82100,-94.82100,30.57790,-148.43390,32.02100,32.02100,-2.96000,-2.96000,2.44080,0.64360,1.80550,38.56130,-32.34980,-32.34980,-34.34810,-20.66530,0.41170,0.86660,11.68010,7.70540,-34.93620,99.19760,-8.50880,-12.45260,8.47390,2.8398,2.6136
2016-10-31,311.47600,177.82500,133.65100,132.36500,0.08600,137.07400,-3.42300,-5.71700,-9.14000,-1.91800,-7.22200,-7.22200,-7.22200,1.80000,-3.42300,32.02900,32.02900,-0.23000,-0.23000,2.27600,0.57310,1.34270,42.90890,-1.09900,-1.09900,-2.93440,-2.31860,0.23720,0.41810,7.76730,11.58710,-1.97500,4.14270,-0.55000,-0.84300,11.41690,-2.1523,-2.4039
2016-07-31,292.01000,155.85800,136.15200,128.89200,-0.06000,133.44000,2.71200,-5.64600,-2.93400,-0.95400,-1.98000,-1.98000,-1.98000,7.62800,2.71200,32.02400,32.02400,-0.06000,-0.06000,2.44930,0.56590,1.30370,46.62580,0.92870,0.92870,-1.00480,-0.67810,0.22490,0.43940,9.97060,9.02650,-0.52470,1.21740,-0.15250,-0.22780,11.78170,1.6288,1.3951
2016-04-30,273.43300,143.76300,129.67000,129.03400,0.01400,133.15600,-3.48600,-5.71700,-9.20300,-3.44400,-5.75900,-5.75900,-5.75900,1.07800,-3.48600,32.00200,32.00200,-0.18000,-0.18000,3.34960,0.56360,1.29160,47.42300,-1.27490,-1.27490,-3.36570,-2.10620,0.22560,0.46400,8.78440,10.24540,-1.50910,3.63610,-0.47510,-0.65850,11.93710,-1.56400,-1.89160
2016-01-31,473.54300,274.43300,199.11000,151.04000,-0.03900,253.90410,-54.79410,-5.75000,-60.54400,-21.08600,-39.45800,-39.45800,-39.45800,48.45890,-54.79410,31.97900,31.97900,-1.23000,-1.22000,2.67960,0.56220,1.28430,42.04690,-11.57110,-11.57110,-12.78530,-8.33250,0.36950,0.83360,14.77010,6.09340,-10.26190,25.37640,-3.07900,-4.49230,12.01890,4.0931,3.9633
2015-10-31,334.43400,172.01900,162.41500,135.86700,1.00900,139.11800,23.29700,-7.00000,16.29700,5.57200,10.72500,10.72500,10.72500,27.98500,23.29700,31.99100,32.05900,0.34000,0.33000,2.40790,0.53680,1.15910,48.56410,6.96610,6.96610,4.87300,3.20690,0.24200,0.39390,8.82990,10.19260,2.51240,-5.07310,0.77600,1.16360,13.34410,-3.0644,-3.2076
2015-07-31,312.41400,167.91400,144.50000,124.88000,2.35900,126.58200,17.91800,-5.72700,12.19100,4.73000,7.46100,7.46100,7.46100,22.37400,17.91800,31.97800,32.04700,0.23000,0.23000,2.25930,0.54430,1.19420,46.25270,5.73530,5.73530,3.90220,2.38820,0.22380,0.45650,13.85430,6.49620,1.79730,-3.34300,0.53460,0.81910,12.97610,1.0897,1.0101
2015-04-30,299.38700,152.82300,146.56400,133.51400,-0.00200,138.06900,8.49500,-5.67800,2.81700,1.09300,1.72400,1.72400,1.72400,13.53800,8.49500,31.95700,32.06000,0.05000,0.05000,2.75590,0.54960,1.22050,48.95470,2.83750,2.83750,0.94090,0.57580,0.23070,0.53700,8.21970,10.94930,0.42360,-0.74520,0.13280,0.19080,12.73460,-0.98220,-1.32450
2015-01-31,504.56600,282.35800,222.20800,153.47600,-3.20500,161.75490,60.45310,-5.60900,54.84400,21.74900,33.09500,33.09500,33.09500,65.99810,60.45310,31.95700,32.01600,1.04000,1.04000,2.44480,0.55590,1.25180,44.03940,11.98120,11.98120,10.86950,6.55910,0.37380,0.93690,16.77800,5.36420,8.18790,-14.11190,2.45150,3.63610,12.64800,3.9181,3.7479
2014-10-31,373.08200,189.78700,183.29500,143.37000,-0.02500,148.19700,35.09800,-5.68700,29.41100,11.42000,17.99100,17.99100,17.99100,40.37100,35.09800,31.95700,31.97100,0.56000,0.56000,2.09820,0.57570,1.35660,49.13000,9.40760,9.40760,7.88330,4.82230,0.27550,0.46980,9.45490,9.51880,4.81140,-6.77760,1.32870,2.04170,11.70080,-0.6149,-0.7846
2014-07-31,347.22200,178.81600,168.40600,138.28300,,143.10800,25.29800,-6.00200,19.29600,7.45100,11.84500,11.84500,11.84500,30.58900,25.29800,31.95700,31.96200,0.37000,0.37000,2.09690,0.58720,1.42270,48.50100,7.28580,7.28580,5.55730,3.41140,0.26360,0.48830,13.99070,6.43280,3.31370,-4.19190,0.89930,1.36780,11.18550,2.3091,2.1788
2014-04-30,330.48300,168.46100,162.02200,138.20600,-0.02000,143.22800,18.79400,-1.78800,17.00600,6.13800,10.86800,10.86800,10.86800,23.95100,18.79400,31.95700,31.95700,0.34000,0.34000,2.46400,0.59620,1.47640,49.02580,5.68680,5.68680,5.14580,3.28850,0.26920,0.51520,8.30360,10.83870,3.14720,-3.67960,0.88520,1.27080,10.80600,0.98190,0.93340
2014-01-31,530.43000,298.81000,231.62000,151.56000,-0.01100,156.91000,74.71000,0.01900,74.75000,28.80000,45.95000,45.96000,45.96000,80.04700,74.71000,31.95700,31.95700,1.44000,1.44000,2.21900,,,43.66840,14.08480,14.08480,14.09230,8.66470,0.44410,0.80780,15.77860,5.70390,5.80070,30.44270,3.84840,5.80070,,3.9383,3.7427
2013-10-31,383.85100,209.40100,174.45000,145.91700,-0.00700,151.17900,23.27100,0.01000,23.28100,9.00200,14.27900,14.27900,14.27900,28.52600,23.27100,31.95700,31.95700,0.45000,0.45000,2.29040,,,45.44730,6.06250,6.06250,6.06510,3.71990,0.29490,0.45130,9.93200,9.06160,1.66230,6.58060,1.09700,1.66230,,-1.1549,-1.2133
2013-07-31,329.56100,179.88700,149.67400,125.88900,-0.05200,131.28700,18.38700,0.02200,18.40900,7.12000,11.28900,11.28900,11.28900,23.73300,18.38700,31.95700,31.95700,0.35000,0.35000,2.22060,,,45.41620,5.57920,5.57920,5.58590,3.42550,0.26650,0.43320,18.26230,4.92820,1.38230,6.48730,0.91270,1.38230,,0.203,0.1737
2013-04-30,319.03500,164.44700,154.58800,136.97600,,142.62800,11.96000,0.00100,11.96100,4.62500,7.33600,7.33600,7.33600,17.61200,11.96000,31.95700,31.95700,0.23000,0.23000,2.47840,,,48.45490,3.74880,3.74880,3.74910,2.29940,0.27140,0.47580,11.46820,7.84780,0.91140,4.54000,0.62400,0.91140,,0.60940,0.58380
2013-01-31,,,,,,,,,,,,,,,,,,,0.00000,,,,,,,,,,,,,,,,,,0,0
2012-01-31,,,,,,,,,,,,,,,,,,,0.00000,,,,,,,,,,,,,,,,,,0,0
