Date,revenue,cost-goods-sold,gross-profit,selling-general-administrative-expenses,operating-expenses,operating-income,total-non-operating-income-expense,pre-tax-income,total-provision-income-taxes,income-after-taxes,income-from-continuous-operations,net-income,ebitda,ebit,basic-shares-outstanding,shares-outstanding,eps-basic-net-earnings-per-share,eps-earnings-per-share-diluted,current-ratio,long-term-debt-capital,debt-equity-ratio,gross-margin,operating-margin,ebit-margin,pre-tax-profit-margin,net-profit-margin,asset-turnover,receiveable-turnover,days-sales-in-receivables,roe,return-on-tangible-equity,roa,roi,book-value-per-share,operating-cash-flow-per-share,free-cash-flow-per-share
2023-09-30,262.89500,186.68600,76.20900,130.94500,150.56600,-74.35700,-3.61100,-77.96800,-16.38500,-61.58300,-61.58300,-61.58300,-54.22000,-74.35700,372.47600,372.47600,-0.17000,-0.17000,1.09700,0.14580,0.17070,28.98840,-28.28390,-28.28390,-29.65750,-23.42490,0.12090,1.75600,51.25410,-4.23240,85.54010,-2.83130,-3.61530,3.84320,-0.0675,-0.0925
2023-06-30,259.57800,186.60700,72.97100,101.85400,121.38400,-48.41300,-3.60700,-52.02000,-6.54200,-45.47800,-45.47800,-45.47800,-28.35600,-48.41300,363.16100,363.16100,-0.13000,-0.13000,1.31530,0.14260,0.16640,28.11140,-18.65070,-18.65070,-20.04020,-17.52000,0.11960,2.13130,42.22870,-3.04230,107.22420,-2.09490,-2.60830,3.95460,-0.001,-0.0328
2023-03-31,252.58900,182.98700,69.60200,84.62600,103.69500,-34.09300,-4.18600,-38.27900,-4.03700,-34.24200,-34.24200,-34.24200,-14.47500,-34.09300,360.90200,360.90200,-0.09000,-0.09000,1.17320,0.12990,0.14930,27.55540,-13.49740,-13.49740,-15.15470,-13.55640,0.11700,2.13370,42.18070,-2.27500,80.66810,-1.58630,-1.97940,3.99730,-0.02190,-0.04330
2022-12-31,229.36000,166.66800,62.69200,89.81700,108.70410,-46.01210,-7.70400,-53.71600,-7.06000,-46.65600,-46.65600,-46.65600,-26.52710,-46.01210,355.27800,355.27800,-0.13000,-0.13000,1.32510,0.12910,0.14820,27.33350,-20.06110,-20.06110,-23.41990,-20.34180,0.10550,2.27390,39.58020,-3.07210,266.45700,-2.14620,-2.67550,4.03950,0.1014,0.0709
2022-09-30,217.56000,157.26700,60.29300,81.24800,99.13200,-38.83900,-3.36700,-42.20600,-4.35300,-37.85300,-37.85300,-37.85300,-20.35200,-38.83900,357.52000,357.52000,-0.11000,-0.11000,2.24980,0.12160,0.13850,27.71330,-17.85210,-17.85210,-19.39970,-17.39890,0.10990,1.92050,46.86320,-2.47160,-409.80030,-1.91210,-2.17100,4.07270,0.0157,-0.0249
2022-06-30,209.52700,149.69700,59.83000,103.55900,120.30200,-60.47200,-7.33200,-67.80400,0.92300,-68.72700,-68.72700,-68.72700,-43.27600,-60.47200,353.72900,353.72900,-0.19000,-0.19000,2.19010,0.11720,0.13280,28.55480,-28.86120,-28.86120,-32.36050,-32.80100,0.10640,2.10070,42.84220,-4.48810,-1251.38700,-3.49100,-3.96200,4.07070,0.0221,-0.0504
2022-03-31,203.09500,148.89300,54.20200,103.36900,119.05300,-64.85100,-4.15300,-69.00400,-6.67600,-62.32800,-62.32800,-62.32800,-48.87200,-64.85100,350.84900,350.84900,-0.18000,-0.18000,2.09640,0.10310,0.11500,26.68800,-31.93140,-31.93140,-33.97620,-30.68910,0.10370,2.13800,42.09450,-4.04070,-282.85860,-3.18260,-3.62390,4.12080,0.00940,-0.07010
2021-12-31,189.99490,135.74500,54.25000,152.65200,168.00900,-113.75910,-4.87900,-118.63800,-10.60800,-108.03000,-108.03000,-108.03000,-98.10310,-113.75900,327.52300,327.52300,-0.33000,-0.33000,2.28280,0.09250,0.10190,28.55340,-59.87480,-59.87480,-62.44270,-56.85940,0.09860,2.49740,36.03790,-6.99210,-269.20590,-5.60580,-6.34560,4.12830,0.0906,-0.0354
2021-09-30,173.83500,121.78300,52.05200,162.94300,176.72000,-124.66800,-4.53500,-129.20300,-8.75100,-120.45200,-120.45200,-120.45200,-110.47400,-124.66800,343.39400,343.39400,-0.35000,-0.35000,3.12080,0.09250,0.10190,29.94330,-71.71630,-71.71630,-74.32510,-69.29100,0.09080,2.48130,36.27180,-7.79690,-156.68330,-6.29070,-7.07580,4.12900,-0.0395,-0.1005
2021-06-30,160.54900,109.34100,51.20800,85.47900,98.25300,-47.04500,-26.77600,-73.82100,-3.78800,-70.03300,-70.03300,-70.03300,-33.59300,-47.04500,313.53600,313.53600,-0.22000,-0.22000,3.23440,0.09230,0.10170,31.89560,-29.30260,-29.30260,-45.98040,-43.62100,0.08390,2.67270,33.67330,-4.53400,-78.36830,-3.65820,-4.11550,4.12840,-0.0547,-0.12
2021-03-31,143.13200,99.13400,43.99800,32.65100,44.87900,-0.88100,-10.56200,-11.44300,-2.76100,-8.68200,-8.68200,-45.43200,11.75000,-0.88100,305.53800,305.53800,-0.15000,-0.15000,1.13250,0.28870,0.40600,30.73950,-0.61550,-0.61550,-7.99470,-31.74130,0.08910,2.99640,30.03610,-0.91010,1.85130,-0.54050,-0.64730,2.55320,0.03240,-0.00380
2020-12-31,118.12100,79.14200,38.97900,23.66500,35.03300,3.94600,-11.01300,-7.06700,-1.57800,-5.48900,-5.48900,-5.48900,12.16500,3.94600,302.33500,302.33500,-0.91300,-0.91300,1.00470,0.26650,0.36330,5.16000,3.34060,3.34060,-5.98280,-4.64690,0.07520,2.70260,33.30090,-0.55010,1.26590,-0.34970,-0.40350,0.98840,-0.0308,-0.0235
2020-09-30,101.98200,68.84700,33.13500,19.53400,30.44400,2.69100,-7.05900,-4.36800,-1.07400,-3.29400,-3.29400,-3.29400,13.82400,2.69100,302.65700,302.65700,-0.01000,-0.01000,,,,32.49100,2.63870,2.63870,-4.28310,-3.23000,,,,,,,,,0.0384,0.0079
2020-06-30,84.00800,58.41800,25.59000,15.83400,22.42600,3.16400,-39.49600,-36.33200,-4.39200,-31.94000,-31.94000,-31.94000,9.92300,3.16400,297.23700,297.23700,-0.10700,-0.10700,,,,30.46140,3.76630,3.76630,-43.24830,-38.02020,,,,,,,,,-0.0803,-0.1406
2020-03-31,73.10600,51.63400,21.47200,13.66200,15.83700,5.63500,-2.27900,3.35600,0.70300,2.65300,2.65300,2.20800,7.99300,5.63500,,,,0.00000,,,,29.37110,7.70800,7.70800,4.59060,3.02030,,,,,,,,,0.00000,
2019-12-31,,,,,,,,,,,,,,,,,,0.00000,,,,,,,,,,,,,,,,,0,0
