Date,revenue,cost-goods-sold,gross-profit,research-development-expenses,selling-general-administrative-expenses,other-operating-income-expenses,operating-expenses,operating-income,total-non-operating-income-expense,pre-tax-income,total-provision-income-taxes,income-after-taxes,income-from-continuous-operations,income-from-discontinued-operations,net-income,ebitda,ebit,basic-shares-outstanding,shares-outstanding,eps-basic-net-earnings-per-share,eps-earnings-per-share-diluted,current-ratio,long-term-debt-capital,debt-equity-ratio,gross-margin,operating-margin,ebit-margin,pre-tax-profit-margin,net-profit-margin,asset-turnover,inventory-turnover,receiveable-turnover,days-sales-in-receivables,roe,return-on-tangible-equity,roa,roi,book-value-per-share,operating-cash-flow-per-share,free-cash-flow-per-share
2023-09-30,32.86800,3.48500,29.38300,5.53200,14.65600,2.12100,26.30500,3.07800,-15.22200,-12.14400,-1.87100,-10.27300,-10.27300,,-10.27300,11.34100,3.07800,17.38000,17.38000,-0.59000,-0.59000,16.15020,,,89.39700,9.36470,9.36470,-36.94780,-31.25530,0.04270,0.13720,0.91290,98.58430,-1.53810,-4.23310,-1.33550,-1.53810,38.33860,0.4784,0.4474
2023-06-30,26.36600,1.66900,24.69700,6.85400,11.28700,,26.68000,-1.98300,5.15400,3.17100,0.88100,2.29000,2.29000,,2.29000,6.76400,-1.98300,17.27600,17.73000,0.13000,0.13000,9.41580,,,93.66990,-7.52100,-7.52100,12.02690,8.68540,0.03480,0.06200,0.94180,95.55720,0.34440,1.02660,0.30210,0.34440,38.31790,0.0214,0.0081
2023-03-31,43.97900,3.71700,40.26200,6.66300,10.85500,,26.05700,14.20500,41.33100,55.53600,11.92200,43.61400,43.61400,-1.66500,41.94900,23.13800,14.20500,17.06300,17.97400,2.46000,2.33000,3.31750,,0.11890,91.54820,32.29950,32.29950,126.27850,95.38420,0.05420,0.26530,1.50670,59.73120,6.74810,22.21840,5.37730,6.74810,37.72130,1.88870,1.75440
2022-12-31,50.38200,21.61400,28.76800,9.19700,31.13100,,48.86700,-20.09900,44.23900,24.14000,38.67400,-14.53400,-14.53400,-2.95100,-17.48500,-8.92900,-20.09900,16.86800,16.86800,-1.04000,-1.04000,2.66780,,0.12840,57.09980,-39.89320,-39.89320,47.91400,-34.70490,0.06610,1.62580,1.43790,62.59020,-2.43250,-10.44300,-1.90570,-2.43250,35.24780,3.2471,3.1063
2022-09-30,59.22100,14.15300,45.06800,9.23900,14.92000,,32.72700,12.34100,0.01300,12.35400,2.70900,9.64500,9.64500,-9.24100,0.40400,26.01500,12.34100,16.88800,17.13200,0.02000,0.02000,1.62990,,0.09390,76.10140,20.83890,20.83890,20.86080,0.68220,0.05640,0.63390,0.89790,100.23080,1.18160,8.94100,0.91800,1.18160,48.31880,1.1798,0.93
2022-06-30,50.12600,12.36100,37.76500,8.46700,12.08600,,29.10300,8.66200,-0.00100,8.66100,-3.93800,12.59900,12.59900,-13.49400,-0.89500,21.91700,8.66200,16.86800,17.05800,-0.05000,-0.05000,1.45240,,0.14340,75.34010,17.28050,17.28050,17.27850,-1.78550,0.04660,0.49900,0.79220,113.60330,1.57020,15.26630,1.17060,1.57020,47.52780,0.6539,0.2717
2022-03-31,36.51600,4.69900,31.81700,9.17900,11.92500,,29.68400,2.13300,-11.27700,-9.14400,3.78500,-12.92900,-12.92900,-2.45600,-15.38500,16.15400,2.13300,16.82400,16.82400,-0.91000,-0.91000,6.48380,0.18210,0.22260,87.13170,5.84130,5.84130,-25.04110,-42.13220,0.03300,0.18350,0.87370,103.01590,-1.63000,-20.80020,-1.16990,-1.33330,47.04300,3.09150,2.80170
2021-12-31,36.88400,11.98400,24.90000,-18.66500,6.74400,-0.30000,-12.79100,37.69100,-19.81000,17.88100,4.08200,13.79900,13.79900,,-5.41600,54.43400,37.69100,16.63000,17.24600,-0.32000,-0.33000,11.15450,0.28090,0.39060,67.50900,102.18800,102.18800,48.47900,-14.68390,0.02840,0.43860,0.40250,223.62370,1.68040,4.19820,1.06340,1.20850,48.97470,1.5849,1.4599
2021-09-30,64.83500,11.44600,53.38900,16.93800,12.71800,3.80000,37.68300,15.70600,-0.44700,15.25900,1.53600,13.72300,13.72300,,13.72300,32.14500,15.70600,16.68800,17.14200,0.82000,0.80000,11.90410,0.28070,0.39030,82.34600,24.22460,24.22460,23.53510,21.16600,0.05090,0.34690,0.91690,98.16090,1.68990,28.14220,1.07740,1.21550,48.60630,1.1713,1.0675
2021-06-30,84.67500,30.59300,54.08200,15.95300,14.71100,34.10000,8.34300,45.73900,-12.43800,33.30100,2.57600,30.72500,30.72500,,30.72500,62.14700,45.73900,16.65900,17.17200,1.84000,1.79000,7.82710,0.28620,0.40100,63.87010,54.01710,54.01710,39.32800,36.28580,0.06740,0.76590,1.34730,66.80250,3.90650,230.04710,2.44570,2.78850,47.16460,1.1894,1.1076
2021-03-31,55.15000,8.15300,46.99700,17.87900,12.61700,,42.28200,4.71500,1.04900,5.76400,-12.34200,18.10600,18.10600,,18.10600,22.87400,4.71500,16.43500,17.24800,1.10000,1.05000,4.56580,0.32080,0.47970,85.21670,8.54940,8.54940,10.45150,32.83050,0.04260,0.22080,0.99220,90.70340,2.42760,-46.53180,1.39800,1.64880,44.78980,0.62350,0.42610
2020-12-31,47.13300,11.73900,35.39400,3.02700,25.65900,,12.52900,22.86500,-7.66500,15.20000,-0.14400,15.34400,15.34400,,5.76100,40.98700,22.86500,16.18500,16.82500,0.32000,0.38000,5.00000,0.38400,0.63270,75.09390,48.51170,48.51170,32.24920,12.22290,0.03460,0.44320,0.79800,112.78210,2.16260,-17.74980,1.12630,1.33220,44.12470,-0.1165,-0.2056
2020-09-30,41.84800,6.35300,35.49500,12.85300,15.02000,,31.74800,3.74700,-15.35900,-11.61200,-4.91100,-6.70100,-6.70100,,-6.70100,13.90500,3.74700,16.08200,16.08200,-0.42000,-0.42000,20.27760,0.39470,0.65200,84.81890,8.95380,8.95380,-27.74800,-16.01270,0.03350,0.47300,1.27170,70.77110,-0.96030,-1.86000,-0.53720,-0.58130,43.36740,0.8866,0.7582
2020-06-30,41.42000,7.64400,33.77600,12.73200,10.06900,,26.67600,7.10000,21.01900,28.11900,6.03300,22.08600,22.08600,,22.08600,16.92900,7.10000,16.05500,16.69400,1.38000,1.32000,29.51150,0.39280,0.64700,81.54510,17.14150,17.14150,67.88750,53.32210,0.03330,2.06480,0.92970,96.80760,3.17780,6.03880,1.77690,1.92950,43.24580,1.4504,1.403
2020-03-31,33.16100,4.68300,28.47800,11.89100,9.26400,,24.69000,3.78800,-34.20300,-30.41500,-6.28400,-24.13100,-24.13100,,-24.13100,18.20100,3.78800,16.52900,16.52900,-1.46000,-1.46000,40.64620,0.40170,0.67150,85.87800,11.42310,11.42310,-91.71920,-72.76920,0.02800,0.63980,0.70890,126.95430,-3.64570,-6.88170,-2.03480,-2.18120,41.23960,1.02380,1.02380
2019-12-31,27.00300,1.93700,25.06600,18.66400,10.27700,,35.24500,-10.17900,2.00400,-8.17500,-0.81000,-7.36510,-7.36510,,-7.36500,16.48600,-10.17900,18.99500,19.75700,2.09000,2.08000,66.08900,0.45440,0.83280,92.82670,-37.69590,-37.69590,-30.27460,-27.27470,0.01810,0.26550,0.64680,139.14450,-0.96000,-1.66830,-0.49270,-0.52380,45.60610,-0.3129,-0.4422
2019-09-30,24.80800,3.14700,21.66100,13.74200,9.52500,,26.81900,-5.15800,-14.71300,-19.87100,-4.62000,-15.25100,-15.25100,,-15.25100,9.49500,-5.15800,18.77000,18.77000,-0.81000,-0.81000,33.14480,0.42610,0.74250,87.31460,-20.79170,-20.79170,-80.09920,-61.47610,0.01600,0.47940,1.12980,79.66060,-1.79300,-3.01770,-0.98550,-1.02900,48.43030,-0.364,-0.364
2019-06-30,24.98700,2.40500,22.58200,12.21300,10.99400,,26.71200,-4.13000,-13.89800,-18.02800,-3.60900,-14.41900,-14.41900,,-14.41900,6.09100,-4.13000,19.55800,19.55800,-0.74000,-0.74000,13.23400,0.37480,0.62540,90.37500,-16.52860,-16.52860,-72.14950,-57.70600,0.01390,0.24950,1.23340,72.97030,-1.38450,-2.05740,-0.80020,-0.86570,53.71080,-2.935,-2.935
2019-03-31,43.48400,3.85800,39.62600,11.28900,11.08800,812.79700,-786.91700,826.54300,16.17000,842.71300,176.37600,666.33700,666.33700,,666.33700,838.44900,826.54300,20.44700,21.27700,32.59000,31.32000,8.39450,0.36360,0.59610,91.12780,1900.79800,1900.79800,1937.98400,1532.37300,0.02270,0.32410,1.63380,55.08580,61.69940,89.33900,34.81410,39.26650,54.92140,2.12710,2.12710
2018-12-31,59.59000,2.95500,56.63500,8.83800,11.16400,,23.48600,33.14900,-89.93600,-56.78700,-14.30700,-42.48000,-42.48000,,-42.48000,53.57300,33.14900,21.16000,24.06700,-2.00000,-1.66000,10.58420,0.52090,1.13440,95.04110,55.62850,55.62850,-95.29620,-71.28710,0.04730,0.41480,1.06430,84.56590,-7.57340,-19.04810,-3.36930,-3.62840,27.01120,1.3492,1.3123
2018-09-30,45.66300,1.46000,44.20300,5.48300,9.63300,,20.84100,23.36200,55.86400,79.22600,11.86400,67.36200,67.36200,,67.36200,35.84000,23.36200,21.14800,24.05200,3.19000,2.80000,2.19980,0.46290,1.16650,96.80270,51.16180,51.16180,173.50150,147.51990,0.02170,0.17940,0.97200,92.58790,9.62970,17.89880,3.19900,5.17230,33.16050,1.2143,1.2143
2018-06-30,90.04300,1.13400,88.90900,6.13500,9.29400,,18.73400,70.17500,25.40400,95.57900,22.41900,73.16000,73.16000,,73.16000,84.47300,70.17500,21.21200,24.43800,3.45000,2.99000,2.33940,0.49020,1.30080,98.74060,77.93500,77.93500,106.14820,81.25010,0.04850,0.11910,2.14380,41.98100,11.80360,25.10520,3.93700,6.01780,29.38200,3.0498,3.0498
2018-03-31,56.15700,0.78800,55.36900,7.40700,7.64300,,18.32800,37.04100,18.27100,55.31200,10.03300,45.27900,45.27900,,45.27900,43.06100,37.04100,21.20900,24.80000,2.13000,1.83000,1.41330,0.03230,0.50640,98.59680,65.95970,65.95970,98.49530,80.62930,0.07440,0.07480,1.51330,59.47110,9.41160,30.21340,5.99990,9.10720,22.58470,2.45000,2.45000
2017-12-31,50.46500,1.73700,48.72800,8.63300,7.75000,,20.37600,28.35200,2.31500,30.66700,37.67400,-7.00700,-7.00700,,-7.00700,35.37600,28.35200,21.03200,23.48100,-0.33000,-0.31000,0.99230,0.04500,0.60880,96.55800,56.18150,56.18150,60.76880,-13.88490,0.07520,0.39720,1.97160,45.64830,-1.75270,-10.66210,-1.04420,-1.67370,18.90340,1.3407,1.2489
2017-09-30,33.37500,2.38500,30.99000,4.75900,7.03200,,14.49700,16.49300,-4.42200,12.07100,3.64500,8.42600,8.42600,,8.42600,21.43700,16.49300,21.07100,23.55100,0.40000,0.36000,0.96770,0.05080,0.60310,92.85390,49.41720,49.41720,36.16780,25.24640,0.05040,0.47630,2.60420,34.56000,2.09000,7.61430,1.27220,1.98370,19.11190,1.1559,1.1559
2017-06-30,27.99500,0.90300,27.09200,4.82200,6.54900,,14.07700,13.01500,-4.71500,8.30000,2.24200,6.05800,6.05800,,6.05800,18.48200,13.01500,21.01300,23.21600,0.29000,0.26000,0.87310,0.05930,0.63080,96.77440,46.49050,46.49050,29.64820,21.63960,0.04370,0.13260,2.07960,43.27840,1.57300,6.68190,0.94650,1.47970,18.29530,0.4403,0.4403
2017-03-31,29.26700,0.34100,28.92600,8.67300,7.32200,,18.71000,10.21600,-4.02300,6.19300,1.11400,5.07900,5.07900,,5.07900,16.03300,10.21600,20.93800,23.01900,0.24000,0.22000,0.76960,0.06760,0.65270,98.83490,34.90620,34.90620,21.16040,17.35400,0.04650,0.04470,4.14720,21.70120,1.36590,7.05390,0.80650,1.27360,17.70960,0.83510,0.83510
2016-12-31,38.18500,2.89700,35.28800,6.40500,6.79700,,15.93400,19.35400,-12.12500,7.22900,10.35400,-3.12500,-3.12500,,-3.12500,24.95500,19.35400,20.83100,20.83100,-0.15000,-0.13000,0.71790,0.07970,0.71050,92.41320,50.68480,50.68480,18.93150,-8.18380,0.06350,1.50650,2.59760,34.64710,-0.91560,-8.10490,-0.51950,-0.84270,16.32260,1.0888,1.0776
2016-09-30,21.61900,0.99900,20.62000,5.89800,6.55000,,15.15400,5.46600,-4.25500,1.21100,0.16000,1.05100,1.05100,,1.05100,11.33100,5.46600,20.88700,22.99700,0.05000,0.05000,0.62220,0.08680,0.71620,95.37910,25.28330,25.28330,5.60160,4.86150,0.03600,0.24810,3.28260,27.41760,0.31070,3.23620,0.17490,0.28380,16.18520,0.6993,0.6708
2016-06-30,19.52100,0.72000,18.80100,4.91400,7.23700,,14.83200,3.96900,-14.02000,-10.05100,-3.88100,-6.17000,-6.17000,,-6.17000,9.50300,3.96900,20.83200,20.83200,-0.30000,-0.30000,0.57440,0.09510,0.73470,96.31170,20.33200,20.33200,-51.48810,-31.60700,0.03310,0.18770,1.95880,45.94740,-1.87100,-29.21540,-1.04700,-1.69300,15.81370,0.5389,0.5005
2016-03-31,29.64800,0.95500,28.69300,4.00400,7.06900,,13.59700,15.09600,-5.52500,9.57100,3.69400,5.87700,5.87700,0.73100,6.60800,20.65900,15.09600,20.70800,22.28400,0.32000,0.30000,10.87080,0.35950,0.56290,96.77890,50.91740,50.91740,32.28210,22.28820,0.05060,0.54570,2.51700,35.75650,1.61190,8.36820,1.00300,1.03240,17.51520,0.58850,0.57780
2015-12-31,21.19300,0.88300,20.31000,2.27600,7.20800,,9.29200,11.01800,-5.19100,5.82700,-0.51400,6.34100,6.34100,,6.34100,14.26000,11.01800,19.79000,21.22800,0.37000,0.40000,0.96360,0.14310,1.02220,95.83360,51.98890,51.98890,27.49490,29.92030,0.04210,0.54070,3.43480,26.20210,2.67240,3.77120,1.26050,2.28990,11.89440,0.6581,0.6549
2015-09-30,17.70100,1.25000,16.45100,1.94500,4.97100,-0.34500,7.85400,8.59700,-1.31300,7.28400,-191.88100,199.16500,199.16500,,199.16500,11.93600,8.59700,19.88700,21.46000,10.01000,9.28000,12.94060,0.40990,0.69910,92.93830,48.56790,48.56790,41.15020,1125.16200,0.03390,1.02380,3.20840,28.05100,68.16490,89.55100,38.17620,40.22460,14.66920,0.4792,0.4792
2015-06-30,18.41800,2.60000,15.81800,3.41600,7.22500,-0.21800,11.45300,4.36500,17.92700,22.29200,0.26500,22.02700,22.02700,0.00000,23.56400,7.52600,4.36500,19.72500,21.27600,1.19000,1.11000,10.96020,0.74410,2.93160,85.88340,23.69960,23.69960,121.03380,127.94010,0.06040,3.24190,3.32940,27.03230,31.89870,-1671.23400,7.22760,8.16270,3.48100,0.461,0.4603
2015-03-31,14.60200,1.07400,13.52800,3.36800,5.99400,-0.22300,10.17900,3.34900,-3.42300,-0.07400,0.01500,-0.08900,-0.08900,0.00000,0.75400,6.50800,3.34900,19.61200,20.63100,0.04000,0.04000,10.55860,0.85990,6.20910,92.64480,22.93520,22.93520,-0.50680,5.16370,0.05550,0.38070,1.94410,46.29430,-0.27470,0.25770,-0.03380,-0.03850,1.64790,0.36740,0.36690
2014-12-31,22.99900,4.00300,18.99600,0.90600,5.51700,-0.56200,9.36000,9.63600,-2.62600,7.01000,0.28000,6.73000,6.73000,,7.05500,12.76600,9.63600,20.41900,21.43300,0.35000,0.33000,8.12850,0.88970,8.16120,82.59490,41.89750,41.89750,30.47960,30.67530,0.08910,14.88100,1.82040,49.43950,27.57290,-15.60720,2.60820,3.04180,1.24690,0.476,0.47
2014-09-30,14.97300,1.49600,13.47700,3.02100,6.74200,-0.18200,9.94500,3.53200,-2.63100,0.90100,0.12400,0.77700,0.77700,,1.28000,5.41600,3.53200,20.41700,21.34500,0.06000,0.06000,10.76980,0.81990,4.61930,90.00870,23.58910,23.58910,6.01750,8.54870,0.05500,1.39680,2.36350,38.07850,1.81610,-3.06630,0.28540,0.32710,2.12670,0.1812,0.1812
2014-06-30,10.60800,1.18600,9.42200,2.68900,5.23900,-0.13600,8.06400,1.35800,-0.11700,1.24100,-0.04700,1.28800,1.28800,,1.59200,2.02700,1.35800,20.73800,21.78000,0.08000,0.07000,1.53510,0.02450,0.11050,88.81980,12.80170,12.80170,11.69870,15.00750,0.10620,1.45170,3.01020,29.89820,2.04170,-22.87740,1.29000,1.99160,3.03600,0.1808,0.1869
2014-03-31,15.95800,2.45100,13.50700,3.13100,5.07200,-0.20400,8.40700,5.10000,-2.95000,2.15000,0.05300,2.09700,2.09700,,2.09700,5.76800,5.10000,20.60100,21.20800,0.10000,0.10000,1.59020,0.03470,0.16710,84.64090,31.95890,31.95890,13.47290,13.14070,0.15130,1.25760,3.41490,26.35480,3.22610,-48.62040,1.98820,3.11400,3.13760,0.12150,0.12120
2013-12-31,14.73700,1.31700,13.42000,2.37300,4.42000,-0.20000,6.99300,6.42700,-4.42000,2.00700,0.13800,1.86900,1.86900,0.00000,1.86900,7.08300,6.42700,20.31200,20.74500,0.09000,0.09000,0.85980,0.05830,0.30220,91.06330,43.61130,43.61130,13.61880,12.68240,0.14070,0.94610,2.24960,40.00750,3.76720,-9.20920,1.78490,3.54760,2.42380,0.582,0.5764
2013-09-30,13.00500,2.53800,10.46700,2.41400,4.75600,-0.22700,7.39700,3.07000,-1.04500,2.02500,0.06000,1.96500,1.96500,,1.96500,3.73800,3.07000,20.35800,20.84400,0.10000,0.09000,0.51250,0.07670,0.42310,80.48440,23.60630,23.60630,15.57090,15.10960,0.12790,1.38080,1.29870,69.30100,4.38470,-7.65010,1.93260,4.04820,2.08170,-0.026,-0.0387
2013-06-30,9.58000,1.21400,8.36600,2.02200,4.30600,-0.04400,6.85200,1.51400,2.29000,3.80400,0.11000,3.69400,3.69400,2.39700,6.09100,2.18300,1.51400,20.25900,20.42700,0.30000,0.30000,0.44730,0.13780,0.58020,87.32780,15.80380,15.80380,39.70770,63.58040,0.09620,0.53600,1.85260,48.57930,9.40710,-11.62150,3.70990,8.11100,1.93270,0.3388,0.3407
2013-03-31,11.65100,0.66300,10.98800,2.46500,4.50200,-0.08900,7.05600,3.93200,-2.56200,1.37000,0.06600,1.30400,1.30400,0.19100,1.49500,4.60200,3.93200,20.18940,20.28000,0.07000,0.07000,0.53730,0.25670,0.87580,94.30950,33.74820,33.74820,11.75870,12.83150,0.11840,0.23360,1.31220,68.58720,4.26200,-3.52800,1.32570,3.16780,1.51280,0.10250,0.10080
2012-12-31,13.63500,2.32800,11.30700,2.47600,4.20200,-0.35700,7.03500,4.27200,-3.32200,0.95000,-1.63600,2.58600,2.58600,-1.52300,1.06300,5.02100,4.27200,19.85300,19.85300,0.05000,0.05000,0.67220,0.42290,1.40760,82.92630,31.33110,31.33110,6.96740,7.79610,0.13080,1.37180,1.52930,58.85150,9.76400,-6.20660,2.48030,5.63510,1.31370,0.1091,0.111
2012-09-30,6.37500,0.68300,5.69200,2.64700,4.30600,-0.16400,7.11700,-1.42500,1.37300,-0.05200,0.14200,-0.19400,-0.19400,,-0.19400,-0.78700,-1.42500,19.91800,19.91800,-0.01000,-0.01000,0.58350,0.53480,1.77390,89.28630,-22.35300,-22.35300,-0.81570,-3.04310,0.06540,0.26810,0.96770,93.00710,-0.91360,0.40770,-0.19900,-0.42500,1.00720,-0.0453,-0.0636
2012-06-30,5.74200,0.43500,5.30700,2.85000,3.85800,-0.41400,7.12200,-1.81500,-2.17500,-3.99000,0.33800,-4.32800,-4.32800,1.79900,-2.52900,-1.15300,-1.81500,19.74900,19.74900,-0.13000,-0.13000,0.68450,0.62850,2.28440,92.42420,-31.60920,-31.60920,-69.48800,-44.04390,0.05580,0.16120,0.99840,90.14110,-24.76260,8.33560,-4.20900,-9.19990,0.88330,-0.037,-0.0493
2012-03-31,5.63600,0.15500,5.48100,2.81700,3.41600,-0.08700,6.32000,-0.83900,0.06600,-0.77300,-0.03500,-0.73800,-0.73800,1.87100,1.13300,-0.16100,-0.83900,19.70900,19.73900,0.06000,0.06000,0.86540,0.64820,2.17190,97.24980,-14.88640,-14.88640,-13.71540,20.10290,0.05120,0.11520,0.71430,125.99360,-3.98250,1.43440,-0.67070,-1.40090,0.93900,-0.01870,-0.01900
2011-12-31,12.93700,2.05800,10.87900,2.59700,3.32100,-0.29700,6.21500,4.66400,0.32400,4.98800,0.29700,4.69100,4.69100,-0.00100,4.69000,4.93000,4.66400,19.65600,19.71300,0.23000,0.23000,0.73850,0.77780,5.11440,84.09210,36.05160,36.05160,38.55610,36.25260,0.10730,1.58190,1.05120,85.61720,57.31200,-7.52020,3.89030,12.73410,0.39570,0.3568,0.3857
2011-09-30,5.74100,0.70300,5.03800,2.47100,3.96200,0.42800,8.28700,-3.24900,-0.90700,-4.15600,0.02200,-4.17800,-4.17800,0.00000,-4.17800,-2.92500,-3.24900,19.67300,19.67300,-0.21000,-0.21000,0.63170,0.92540,16.63330,87.75480,-56.59290,-56.59290,-72.39160,-72.77480,0.04690,0.35870,0.58890,152.83220,-176.51230,5.97970,-3.41160,-13.16400,0.12100,-0.0532,-0.0589
2011-06-30,7.46300,1.62300,5.84000,3.23700,3.85500,0.44200,6.65000,-0.81000,0.52900,-0.28100,0.14100,-0.42200,-0.42200,,-0.42200,-0.45000,-0.81000,19.65000,19.65000,-0.02000,-0.02000,0.66500,0.84910,7.50420,78.25270,-10.85350,-10.85350,-3.76520,-5.65460,0.05860,0.62570,0.82310,109.34340,-7.92190,0.60430,-0.33110,-1.19540,0.27240,-0.4095,-0.4095
2011-03-31,3.89600,0.52500,3.37100,1.98600,3.44500,0.57700,4.85400,-1.48300,-2.62600,-4.10900,-13.73000,9.62100,9.62100,0.00400,9.62500,-1.34500,-1.48300,19.62300,19.62300,0.49000,0.49000,0.70220,0.85920,8.16070,86.52460,-38.06470,-38.06470,-105.46720,247.04830,0.02900,0.12460,0.41390,217.44610,192.07430,-13.40940,7.17170,27.03590,0.25650,0.04640,0.04620
2010-12-31,3.94000,,3.94000,3.16800,3.41700,-0.57600,,-5.97500,4.38800,-1.58700,-3.93500,2.34800,2.34800,2.15500,4.50300,-6.30500,-5.97500,19.61300,19.61300,0.22000,0.22000,1.10540,1.77350,-3.38500,100.00000,-151.64980,-151.64980,-40.27920,114.28930,0.05210,,0.28970,310.70560,-48.42210,-13.19100,3.10750,37.45410,-0.24860,-0.0675,-0.0674
2010-09-30,7.80200,,7.80200,4.93500,3.07400,-15.46800,,-15.67500,4.23900,-11.43600,0.41900,-11.85500,-11.85500,0.01200,-11.84300,-15.43200,-15.67500,19.63000,19.63000,-0.60000,-0.60000,0.96200,,-0.56060,100.00000,-200.91000,-200.91000,-146.57780,-151.79440,0.06930,,0.79000,113.92460,125.58240,46.90780,-10.53140,125.58260,-2.90140,-0.3899,-0.3707
2010-06-30,5.83800,,5.83800,6.60200,3.29000,0.42600,,-3.62800,3.96300,0.33500,0.62500,-0.29000,-0.29000,0.00700,-0.28300,-3.35000,-3.62800,19.60900,19.60900,-0.01000,-0.01000,0.99550,,3.69920,100.00000,-62.14460,-62.14460,5.73830,-4.84760,0.04580,,0.59710,150.72460,-10.91860,2.20080,-0.22730,-10.91870,0.13610,-0.1117,-0.2681
2010-03-31,5.95800,,5.95800,7.36200,3.04800,0.42600,,-4.02600,1.31100,-2.71500,0.27400,-2.98900,-2.98900,0.23900,-2.75000,-3.70700,-4.02600,19.57600,19.57600,-0.14000,-0.14000,1.21610,0.71130,4.59580,100.00000,-67.57300,-67.57300,-45.56900,-46.15640,0.04460,,0.59500,151.26890,-139.34750,24.27510,-2.23690,-40.23420,0.10360,-0.81100,-0.64740
2009-12-31,13.97500,,13.97500,10.01700,3.14800,0.42500,,1.23400,-0.20300,1.03100,,2.56600,2.56600,0.46700,3.03300,3.07300,1.23400,18.86300,18.86300,-0.34000,-0.34000,1.30660,0.72750,3.86830,100.00000,8.83000,8.83000,7.37750,21.70310,0.09850,,1.34380,66.97680,68.53650,208.78710,1.80950,18.67540,0.19260,8.5508,8.6946
2009-09-30,7.90100,,7.90100,9.92100,2.41500,5.20900,,0.77400,0.28100,1.05500,,1.05500,1.05500,0.74800,1.80300,-19.21300,0.77400,3.13960,3.14350,0.59990,0.59990,1.12910,,-0.01810,100.00000,9.79620,9.79620,13.35270,22.81990,0.06750,,0.56290,159.87220,-11.10880,-10.57220,0.90100,-11.10880,-0.50720,-9.2203,-9.3699
2009-06-30,7.59400,,7.59400,9.47000,2.83100,0.49100,,-4.65700,0.18100,-4.47600,,-4.47600,-4.47600,2.80800,-1.66800,-4.05400,-4.65700,18.86180,18.86180,-0.06000,-0.06000,1.44120,-0.00200,-0.02170,100.00000,-61.32470,-61.32470,-58.94130,-21.96470,0.05880,,0.60420,148.94920,36.51200,32.15980,-3.46500,36.58660,-0.65470,0.1568,0.1511
2009-03-31,9.47000,,9.47000,10.46200,6.81700,0.49100,,-7.31800,-0.16400,-7.48200,,-7.48200,-7.48200,2.36600,-5.11600,-6.99000,-7.31800,18.85680,18.85680,-0.29990,-0.29990,1.28010,-0.00370,-0.02740,100.00000,-77.27560,-77.27560,-79.00740,-54.02320,0.06780,,0.68070,132.21540,50.90490,44.31680,-5.36010,51.09260,-0.78510,-1.27920,-1.28970
