Date,revenue,cost-goods-sold,gross-profit,research-development-expenses,selling-general-administrative-expenses,other-operating-income-expenses,operating-expenses,operating-income,total-non-operating-income-expense,pre-tax-income,total-provision-income-taxes,income-after-taxes,income-from-continuous-operations,net-income,ebitda,ebit,basic-shares-outstanding,shares-outstanding,eps-basic-net-earnings-per-share,eps-earnings-per-share-diluted,current-ratio,long-term-debt-capital,debt-equity-ratio,gross-margin,operating-margin,ebit-margin,pre-tax-profit-margin,net-profit-margin,asset-turnover,inventory-turnover,receiveable-turnover,days-sales-in-receivables,roe,return-on-tangible-equity,roa,roi,book-value-per-share,operating-cash-flow-per-share,free-cash-flow-per-share
2023-09-30,4753.21400,3705.45100,1047.76300,386.13000,348.65300,7.65800,727.12500,320.63820,83.83900,404.47700,18.94100,385.53600,385.53600,386.95600,,320.63820,985.81950,1059.82100,0.39000,0.37000,,,,,,,,,,,,,,,,,,,
2023-06-30,3951.39100,3091.50800,859.88310,334.50600,318.45500,17.29400,635.66700,224.21580,100.13600,324.35200,5.77600,318.57600,318.57600,316.23900,278.50080,224.21580,980.69300,1053.85200,0.32000,0.30000,1.76690,0.02860,0.15830,21.76150,5.67440,5.67440,8.20860,8.00320,0.27780,3.96120,339.52490,0.26510,4.69120,4.77310,2.24010,4.55700,6.90500,1.3958,1.2283
2023-03-31,2735.60700,2177.90100,557.70610,269.71500,239.57500,10.58600,498.70400,59.00200,82.64700,141.64900,5.67100,135.97800,135.97800,135.37100,111.20390,59.00200,979.16650,1052.40200,0.14000,0.12000,2.16440,0.15440,0.20040,20.38690,2.15680,2.15680,5.17800,4.94850,0.19980,2.38840,347.68770,0.25890,2.00260,2.03960,0.99330,1.69330,6.92970,1.07650,0.92730
2022-03-31,1508.37400,1167.03400,341.34000,216.73700,189.76300,,406.50000,-65.15990,68.21600,3.05600,4.76900,-1.71300,-1.71300,-1.71300,-33.33590,-65.15990,964.87000,964.87000,0.00000,0.00000,3.89480,0.14520,0.17310,22.62970,-4.31990,-4.31990,0.20260,-0.11360,0.14530,3.86010,67.93870,1.32470,,-0.02670,-0.01650,-0.02240,6.77570,0.29980,0.08210
2021-09-30,1206.68800,925.47600,281.21200,137.88700,158.50300,,296.39000,-15.17810,30.80500,15.62700,18.96400,-3.33700,-3.33700,-3.33700,-15.17810,-15.17810,933.50800,933.50800,0.00000,0.00000,5.37340,0.12810,0.14700,23.30450,-1.25780,-1.25780,1.29500,-0.27650,0.13170,3.88660,29.05090,3.09800,,-0.05370,-0.03640,-0.04600,,-0.1563,-0.1563
2021-03-31,545.68200,451.55000,94.13200,78.52800,77.83000,,156.35800,-62.22600,11.24500,-50.98100,3.96200,-54.94300,-54.94300,-54.94300,-62.22600,-62.22600,904.69670,904.69670,-0.06000,-0.06000,5.82650,0.01710,0.01740,17.25030,-11.40340,-11.40340,-9.34260,-10.06870,0.09470,2.13800,31.23720,2.88120,,-1.23920,-0.95370,-1.19000,,0.15630,0.15630
2020-09-30,369.80100,296.63700,73.16400,49.27100,50.39800,,99.66900,-26.50500,10.75700,-15.74800,,-15.74800,-15.74800,-47.22600,-26.50500,-26.50500,614.80300,614.80300,-0.08000,-0.08000,6.96750,0.04130,0.04310,19.78470,-7.16740,-7.16740,-4.25850,-12.77070,0.09890,2.33200,22.45030,4.00890,-0.52590,-0.54420,-0.42120,-0.50420,3.52030,0.3159,0.2075
2019-12-31,,,,,,,,,,,,,,,,,,,,0.00000,,,,,,,,,,,,,,,,,,0,0
