Date,revenue,cost-goods-sold,gross-profit,selling-general-administrative-expenses,other-operating-income-expenses,operating-expenses,operating-income,total-non-operating-income-expense,pre-tax-income,total-provision-income-taxes,income-after-taxes,income-from-continuous-operations,net-income,ebitda,ebit,basic-shares-outstanding,shares-outstanding,eps-basic-net-earnings-per-share,eps-earnings-per-share-diluted,current-ratio,long-term-debt-capital,debt-equity-ratio,gross-margin,operating-margin,ebit-margin,pre-tax-profit-margin,net-profit-margin,asset-turnover,inventory-turnover,receiveable-turnover,days-sales-in-receivables,roe,return-on-tangible-equity,roa,roi,book-value-per-share,operating-cash-flow-per-share,free-cash-flow-per-share
2023-09-30,175.98900,95.59000,80.39900,49.40200,,59.92300,20.47600,-12.01400,8.46200,0.00300,8.45900,8.45900,4.54000,32.29500,20.47600,53.30900,53.40200,0.08000,0.08000,0.81230,1.46920,-4.39500,45.68410,11.63480,11.63480,4.80830,2.57970,0.20670,30.96530,,,-4.26590,-3.38120,0.99330,2.00170,-3.71880,0.295,0.1459
2023-06-30,124.79800,77.65400,47.14400,44.31300,,55.64400,-8.50000,-15.16400,-23.66400,0.04100,-23.70500,-23.70500,-25.55300,4.01700,-8.50000,53.24500,53.24500,-0.48000,-0.48000,0.77790,1.49310,-4.36020,37.77630,-6.81100,-6.81100,-18.96180,-20.47550,0.14620,30.52440,,,11.56990,9.21590,-2.77630,-5.70530,-3.84740,0.3276,0.1721
2023-03-31,143.39500,72.05000,71.34500,47.07100,,58.87900,12.46600,-10.14500,2.32100,1.54300,0.77800,0.77800,-0.44800,25.30800,12.46600,53.12800,53.12800,-0.01000,-0.01000,0.53630,1.51460,-4.47550,49.75420,8.69350,8.69350,1.61860,-0.31240,0.18520,32.44040,,,-0.43670,-0.33690,0.10050,0.22470,-3.35000,0.03870,-0.08220
2022-12-31,117.96100,75.19500,42.76600,47.21200,,58.06100,-15.29510,-11.20400,-26.49900,5.45700,-31.95600,-31.95600,-33.23200,-3.78310,-15.29500,52.01900,52.01900,-0.61000,-0.61000,0.53740,1.52680,-4.36780,36.25440,-12.96620,-12.96620,-22.46420,-28.17200,0.14970,38.26720,,,17.49340,13.54580,-4.05550,-9.21510,-3.43960,-0.0568,-0.2339
2022-09-30,144.78300,87.57600,57.20700,40.56000,,51.39900,5.80800,-9.57400,-3.76600,1.73200,-5.49800,-5.49800,-9.76200,17.96800,5.80800,53.04500,53.04500,-0.18000,-0.18000,0.61620,1.40740,-5.20590,39.51220,4.01150,4.01150,-2.60110,-6.74250,0.17840,40.92340,,,3.55210,2.63730,-0.67750,-1.44720,-2.91680,-0.3496,-0.447
2022-06-30,90.91000,62.49900,28.41100,36.54900,,47.72500,-19.31400,-10.20800,-29.52200,-0.96400,-28.55800,-28.55800,-30.03900,-7.53700,-19.31400,51.19500,51.19500,-0.59000,-0.59000,0.65360,1.34300,-6.05560,31.25180,-21.24520,-21.24520,-32.47390,-33.04260,0.10700,26.74330,,,20.71250,14.87260,-3.36250,-7.10410,-2.60050,0.2624,-0.0494
2022-03-31,67.84600,57.94700,9.89900,32.96600,,44.14400,-34.24500,-8.05200,-42.29700,-0.14900,-42.14800,-42.14800,-43.01900,-22.37500,-34.24500,50.75700,50.75700,-0.85000,-0.85000,0.71820,1.29260,-6.57450,14.59040,-50.47460,-50.47460,-62.34270,-63.40680,0.08070,28.48920,,,34.15420,23.64520,-5.01380,-9.99490,-2.42500,0.10170,-0.04650
2021-12-31,65.55400,51.21400,14.34000,30.12500,,43.86500,-29.52500,3.88600,-25.63900,0.63200,-26.27100,-26.27100,-27.82600,-14.92900,-29.52500,50.10900,50.10900,-0.54000,-0.54000,0.72670,1.17860,-9.63720,21.87510,-45.03920,-45.03920,-39.11130,-42.44750,0.07920,22.48200,,,33.43090,19.62940,-3.17480,-5.96970,-1.54830,0.219,0.0678
2021-09-30,64.50700,45.60000,18.90700,27.23600,,36.55900,-17.65200,-3.14000,-20.79200,2.50700,-23.29900,-23.29900,-25.67800,-7.48800,-17.65200,50.11000,50.11000,-0.50000,-0.50000,0.84780,1.12130,-12.92540,29.31000,-27.36450,-27.36450,-32.23220,-39.80650,0.07770,21.48920,,,40.87470,23.31350,-2.80500,-4.95880,-1.13670,-0.0067,-1.281
2021-06-30,15.26600,19.39100,-4.12500,20.25000,,28.46300,-32.58800,-5.50400,-38.09200,-2.35700,-35.73500,-35.73500,-36.61600,-23.53200,-32.58800,50.06400,50.06400,-0.71000,-0.71000,0.98970,1.07200,-21.36280,-27.02080,-213.46780,-213.46780,-249.52180,-239.85330,0.01910,8.80610,,,108.63680,46.27450,-4.47080,-7.81970,-0.65690,0.575,0.1471
2021-03-31,1.78000,8.27900,-6.49900,16.31800,,24.56700,-31.06600,-5.59800,-36.66400,-2.80100,-33.86300,-33.86300,-34.54500,-22.13300,-31.06600,49.86500,49.86500,-0.66000,-0.66000,1.16300,0.99130,152.98890,-365.11240,-1745.28100,-1745.28100,-2059.77500,-1940.73000,0.00230,3.80990,,,-816.56600,83.67850,-4.45620,-7.12640,0.08280,-0.13880,-0.21500
2020-12-31,0.36700,9.94300,-9.57600,11.15700,,19.51300,-29.08900,-3.26300,-32.35200,-2.14100,-30.21100,-30.21100,-31.04600,-20.23600,-29.08900,49.73700,49.73700,-0.61000,-0.61000,1.47080,0.93100,17.25930,-2609.23300,-7926.06100,-7926.06100,-8815.15200,-8459.30000,0.00050,4.58630,,,-86.42080,-375.94810,-3.98850,-5.96680,0.70170,-0.4138,-0.4705
2020-09-30,1.01900,8.07500,-7.05600,11.27300,,19.75800,-26.81400,-3.61400,-30.42800,-2.89300,-27.53500,-27.53500,-27.80400,-17.70400,-26.81400,49.78000,49.78000,-0.56000,-0.56000,1.08980,0.86690,8.66120,-692.44350,-2631.40300,-2631.40300,-2986.06400,-2728.55700,0.00140,4.42710,,,-45.84510,-84.09170,-3.88470,-6.10070,1.20600,-0.702,-0.7149
2020-06-30,-0.26800,12.72100,-12.98900,13.20400,,21.75700,-34.74600,-8.12000,-42.86600,-2.94300,-39.92300,-39.92300,-39.65800,-25.65700,-34.74600,49.74160,49.74160,-0.80000,-0.80000,0.78570,0.82490,6.21680,4846.64200,12964.93000,12964.93000,15994.78000,14797.76000,-0.00040,6.97420,,,-47.53980,-70.95400,-5.93840,-8.32400,1.68790,-1.0501,-1.7542
2020-03-31,81.23800,42.19200,39.04600,30.10500,,36.79500,2.25100,-6.55000,-4.29900,-1.82800,-2.47100,-2.47100,-1.93400,10.20500,2.25100,49.62500,49.62500,-0.04000,-0.04000,0.96200,0.76920,4.77720,48.06370,2.77090,2.77090,-5.29190,-2.38070,0.11510,23.38800,,,-2.29530,-3.10630,-0.35020,-0.52970,2.16750,0.31100,-2.04130
2019-12-31,75.79600,41.77700,34.01900,27.80000,,34.96600,-0.94700,-1.60900,-2.55600,-2.64800,0.09200,0.09200,-1.46900,7.47000,-0.94700,47.44100,49.42700,-0.04000,-0.04000,0.80170,0.63400,2.89570,44.88230,-1.24940,-1.24940,-3.37220,-1.93810,0.13810,20.61030,,,0.07460,0.09710,0.01680,0.02730,2.48360,0.4159,0.0437
2019-09-30,100.98300,48.29400,52.68900,30.79700,,37.03000,15.65900,-5.58200,10.07700,7.35100,2.72600,2.72600,-0.49300,23.13200,15.65900,48.86400,48.86400,-0.01000,-0.01000,0.89270,0.62800,2.67710,52.17610,15.50660,15.50660,9.97890,-0.48820,0.19070,25.28480,,,2.12940,2.75010,0.51470,0.79210,2.57970,0.098,-0.6171
2019-06-30,76.65800,37.52000,39.13800,28.83500,,35.01700,4.12100,-2.71700,1.40400,0.55300,0.85100,0.85100,0.98800,11.52700,4.12100,46.15600,49.48500,0.02000,0.02000,0.83770,0.58720,2.54940,51.05530,5.37580,5.37580,1.83150,1.28880,0.15080,21.87760,,,0.65200,0.84060,0.16740,0.26910,2.85840,0.4288,0.3148
2019-03-31,89.65400,39.01700,50.63700,30.08400,,36.27200,14.36500,-2.35200,12.01300,-3.06600,15.07900,15.07900,14.67300,21.87900,14.36500,45.56500,47.42900,0.32000,0.31000,0.82750,0.59370,2.48370,56.48050,16.02270,16.02270,13.39930,16.36630,0.18160,25.61850,,,11.72170,15.23790,3.05360,4.76210,2.82060,0.32350,-0.41750
2018-12-31,70.60900,39.09800,31.51100,29.32700,,35.03200,-3.52100,-3.60900,-7.13000,-2.57800,-4.55200,-4.55200,-4.64500,3.34300,-3.52100,45.37800,46.34000,-0.10290,-0.11290,0.94200,0.61840,2.70220,44.62750,-4.98660,-4.98660,-10.09790,-6.57850,0.14920,24.37530,,,-3.92270,-5.29520,-0.96150,-1.49670,2.55360,0.393,0.1745
2018-09-30,87.24200,44.96400,42.27800,26.97300,,31.99700,10.28100,-2.24500,8.03600,2.69000,5.34600,5.34600,5.06700,16.46400,10.28100,45.42300,47.69000,0.11000,0.11000,0.99210,0.60970,2.51450,48.46060,11.78450,11.78450,9.21120,5.80800,0.18770,27.31710,,,4.43860,5.94210,1.15010,1.73230,2.65040,0.2896,0.0136
2018-06-30,69.47300,33.81000,35.66300,26.46200,,31.45600,4.20700,-4.13900,0.06800,0.22700,-0.15900,-0.15900,0.13400,10.36400,4.20700,45.89400,46.44300,0.00290,0.00290,0.98620,0.62280,2.74020,51.33360,6.05560,6.05560,0.09790,0.19290,0.15050,18.86720,,,-0.13950,-0.19130,-0.03440,-0.05260,2.51100,0.3033,-0.0575
2018-03-31,82.41000,35.87100,46.53900,27.12300,,32.16800,14.37100,-3.17700,11.19400,0.27700,10.91700,10.91700,10.79600,20.75100,14.37100,45.27500,45.66800,0.24000,0.24000,1.07250,0.62530,2.66700,56.47250,17.43840,17.43840,13.58330,13.10040,0.18360,19.64460,,,9.66530,13.36440,2.43250,3.62170,2.49020,0.23030,-0.08720
2017-12-31,63.22100,35.74600,27.47500,24.65200,,29.99100,-2.51600,-2.02800,-4.54400,10.47500,-15.01900,-15.01900,-16.00200,4.11400,-2.51600,44.57700,44.57700,-0.35000,-0.34000,0.91190,0.60700,2.61630,43.45870,-3.97970,-3.97970,-7.18750,-25.31120,0.14900,19.92530,,,-14.12600,-20.11570,-3.53930,-5.55210,2.37390,0.543,-0.2981
2017-09-30,84.58400,38.48000,46.10400,28.20200,,32.55600,13.54800,-2.51900,11.02900,1.58600,9.44300,9.44300,9.27800,19.19400,13.54800,44.45800,45.71800,0.21000,0.20000,1.19900,0.56760,2.12460,54.50680,16.01720,16.01720,13.03910,10.96900,0.20110,21.58160,,,7.55200,10.15520,2.24550,3.26520,2.76910,0.1219,0.0286
2017-06-30,55.57100,28.69700,26.87400,24.63200,,28.52700,-1.65300,-1.39200,-3.04500,-0.46700,-2.57800,-2.57800,-2.53300,3.51300,-1.65300,44.42900,44.42900,-0.06000,-0.06000,1.08350,0.59280,2.51020,48.35980,-2.97460,-2.97460,-5.47950,-4.55810,0.13140,17.79110,,,-2.28740,-3.21210,-0.60950,-0.93150,2.50090,0.4624,0.0905
2017-03-31,63.12800,32.60300,30.52500,25.39700,,29.16000,1.36500,-2.33200,-0.96700,-1.59200,0.62500,0.62500,0.59600,6.40700,1.36500,44.70700,45.76200,0.01000,0.01000,1.20800,0.59090,2.30200,48.35410,2.16230,2.16230,-1.53180,0.94410,0.15630,20.45360,,,0.54970,0.77290,0.15470,0.22490,2.51900,0.05980,-0.43940
2016-12-31,56.12700,31.86600,24.26100,24.93400,,28.83100,-4.57000,-3.87900,-8.44900,-0.08800,-8.36100,-8.36100,-8.67500,-1.38400,-4.57000,45.65000,46.45700,-0.18000,-0.19000,1.38020,0.59050,2.26150,43.22520,-8.14230,-8.14230,-15.05340,-15.45600,0.13770,19.13870,,,-7.34650,-10.37710,-2.05080,-3.00820,2.50290,0.3395,-0.2078
2016-09-30,70.77400,32.44600,38.32800,23.07900,,28.15900,10.16900,-2.51900,7.65000,0.20300,7.44700,7.44700,7.41800,17.39100,10.16900,45.77600,46.54100,0.16000,0.16000,1.74870,0.56560,1.98760,54.15550,14.36830,14.36830,10.80910,10.48130,0.17610,20.39350,,,5.91140,8.06470,1.85310,2.56800,2.74050,0.1871,-0.1798
2016-06-30,53.87100,29.39000,24.48100,22.14900,,27.01800,-2.53700,-3.04700,-5.58400,-1.09000,-4.49400,-4.49400,-4.34600,3.67300,-2.53700,45.67100,45.67100,-0.10000,-0.10000,1.77140,0.58310,2.19350,45.44380,-4.70940,-4.70940,-10.36550,-8.06740,0.13530,17.72620,,,-3.83450,-5.40350,-1.12910,-1.59870,2.55400,0.1719,-0.3994
2016-03-31,61.57400,25.27500,36.29900,20.80600,,25.38000,10.91900,-2.67700,8.24200,-2.22500,10.46700,10.46700,10.46700,16.77200,10.91900,45.47000,46.12300,0.23000,0.23000,2.45860,0.57840,1.98560,58.95180,17.73310,17.73310,13.38550,16.99910,0.16740,14.23140,,,8.89990,9.38210,2.84530,3.75260,2.58300,-0.02200,-0.17100
2015-12-31,46.47200,24.08600,22.38600,19.64800,,23.02700,-0.64100,-2.83900,-3.48000,-3.03800,-0.44200,-0.44200,-0.44200,4.23800,-0.64100,44.91800,45.57500,-0.02000,-0.03000,2.24640,0.58820,2.11590,48.17100,-1.37930,-1.37930,-7.48840,-0.95110,0.12180,13.79500,,,-0.38800,-0.41040,-0.11580,-0.15980,2.51900,0.2308,0.0814
2015-09-30,58.56100,25.44400,33.11700,19.16600,,27.35800,5.75900,-2.82400,2.93500,-1.48100,4.41600,4.41600,4.41600,9.64300,5.75900,45.00400,46.45600,0.10000,0.10000,2.50950,0.57840,2.00170,56.55130,9.83420,9.83420,5.01190,7.54090,0.15580,13.86350,,,3.72350,3.94040,1.17460,1.56990,2.62240,0.1196,0.0081
2015-06-30,49.53100,21.48600,28.04500,17.24300,,25.64100,2.40400,8.32400,10.72800,1.89300,8.83500,8.83500,8.83500,7.32000,2.40400,44.71780,44.71780,0.20000,0.20000,0.02490,,0.17800,56.62110,4.85350,4.85350,21.65920,17.83730,0.24760,,,,97.60100,97.60120,4.41580,97.60060,0.36210,0.3017,0.2526
2015-03-31,55.42100,24.40100,31.02000,18.02000,,23.04000,7.98000,-1.07000,6.91000,-0.02300,6.93300,6.93300,6.93300,10.91900,7.98000,44.71780,44.71780,0.16000,0.16000,0.11680,,0.14870,55.97160,14.39890,14.39890,12.46820,12.50970,0.27670,,,,70.55970,70.55970,3.46150,70.55970,0.39300,0.23220,0.21750
2014-12-31,146.91860,67.40790,79.51070,51.44140,,59.22550,20.28520,-2.34860,17.93660,2.46650,15.47010,15.47010,15.47010,23.05650,20.28520,44.71800,44.71800,0.38000,0.38000,0.52530,0.43370,1.99580,54.11890,13.80710,13.80710,12.20850,10.52970,0.59740,39.65170,,,22.89590,25.34500,6.29060,12.96490,1.51100,0.4349,0.3687
2014-09-30,51.54040,22.59410,28.94630,15.32960,,18.26750,10.67880,-3.06480,7.61410,0.33350,7.28050,7.28050,7.28050,10.67880,10.67880,51.10640,51.10640,0.14000,0.14000,0.37950,,0.04090,56.16240,20.71930,20.71930,14.77300,14.12590,0.25730,,2607.00200,0.03450,63.29060,63.29060,3.63460,63.29060,0.46010,0.6001,0.5339
2014-06-30,,,,,-0.27900,,-0.27900,0.01540,-0.26360,,-0.26360,-0.26360,-0.26360,-0.27900,-0.27900,6.20180,6.20180,-0.04000,-0.04000,0.51610,,0.02130,,,,,,,,,,-2.24510,-2.24510,-0.13160,-2.24510,0.46970,-0.0422,-0.0422
2014-03-31,,,,,-0.26500,,-0.26500,0.02300,-0.24200,,-0.24200,-0.24200,-0.24200,-0.26500,-0.26500,6.20180,6.20180,-0.04000,-0.04000,0.90210,,,,,,,,,,,,-2.01540,-2.01540,-0.12080,-2.01540,0.48030,-0.03000,-0.03000
2013-12-31,,,,,,,-168.21720,-7.04010,16.97980,,15.31680,15.31680,15.31680,-168.21720,24.01980,51.10700,51.10700,0.36000,0.36000,2.10150,,,,,,,,,,,,125.05230,125.05230,7.64210,125.05230,0.48990,0.7195,0.5952
2013-09-30,,,,,-0.29180,,-0.29180,0.01900,-0.27270,,-0.27270,-0.27270,-0.27270,-0.29180,-0.29180,6.20180,6.20180,-0.04000,-0.04000,3.49060,,,,,,,,,,,,-2.18260,-2.18260,-0.13590,-2.18260,0.49990,-0.0427,-0.0427
2013-06-30,,,,,-0.20170,,-0.20170,0.00610,-0.19560,,-0.19560,-0.19560,-0.19560,-0.20170,-0.20170,5.70530,5.70530,-0.03000,-0.03000,5.42750,,,,,,,,,,,,-1.52770,-1.52770,-0.09730,-1.52770,0.51220,-0.025,-0.025
2013-03-31,,,,,-0.00440,,-0.00440,,-0.00440,,-0.00440,-0.00440,-0.00440,-0.00440,-0.00440,5.17500,5.17500,0.00000,0.00000,0.00530,,11.74890,,,,,,,,,,-32.94650,-32.94650,-2.08200,-32.94650,0.00260,-0.00030,-0.00030
2012-12-31,,,,0.00250,-0.00250,,-0.00250,,-0.00250,0.00000,-0.00250,-0.00250,-0.00250,-0.00250,-0.00250,5.17500,5.17500,-0.00060,-0.00060,0.01720,,8.44830,,,,,,,,,,-14.08050,-14.08050,-1.49010,-14.08050,0.00340,-0.0003,-0.0003
2012-09-30,,,,,-0.00170,,-0.00170,,-0.00170,,-0.00170,-0.00170,-0.00170,-0.00170,-0.00170,5.17500,5.17500,-0.00030,-0.00030,,,,,,,,,,,,,,,,,,-0.0004,-0.0004
2012-06-30,,,,,,,,,,,,,,,,5.17500,5.17500,,0.00000,,,,,,,,,,,,,,,,,,0,0
2012-03-31,,,,,-0.00060,,-0.00060,,-0.00060,,-0.00060,-0.00060,-0.00060,-0.00060,-0.00060,5.17500,5.17500,0.00000,0.00000,,,,,,,,,,,,,,,,,,0.00000,0.00000
