Date,revenue,cost-goods-sold,gross-profit,research-development-expenses,selling-general-administrative-expenses,other-operating-income-expenses,operating-expenses,operating-income,total-non-operating-income-expense,pre-tax-income,total-provision-income-taxes,income-after-taxes,income-from-continuous-operations,income-from-discontinued-operations,net-income,ebitda,ebit,basic-shares-outstanding,shares-outstanding,eps-basic-net-earnings-per-share,eps-earnings-per-share-diluted,current-ratio,gross-margin,operating-margin,ebit-margin,pre-tax-profit-margin,net-profit-margin,asset-turnover,inventory-turnover,receiveable-turnover,days-sales-in-receivables,roe,return-on-tangible-equity,roa,roi,book-value-per-share,operating-cash-flow-per-share,free-cash-flow-per-share
2023-12-31,1255.47300,728.69300,526.78000,72.70400,228.88600,,304.70500,222.07510,13.01500,235.09000,-9.59400,244.68400,244.68400,,244.68400,241.88810,222.07510,155.93300,157.44000,1.57000,1.55000,2.24440,41.95870,17.68860,17.68860,18.72520,19.48940,0.34300,1.62920,1.83070,49.16070,11.17230,14.63070,6.68550,11.17230,14.12990,2.8411,2.7701
2023-09-30,1057.00800,618.38600,438.62210,68.55900,211.89400,,281.98300,156.63910,10.81200,167.45100,30.33400,137.11700,137.11700,,137.11700,178.95810,156.63910,157.91100,158.93400,0.87000,0.86000,2.29290,41.49660,14.81910,14.81910,15.84200,12.97220,0.30860,1.16030,1.60910,55.93200,6.60080,8.80210,4.00340,6.60080,13.22450,1.4162,1.2991
2023-06-30,974.49900,598.85700,375.64200,70.55900,220.48200,,297.23700,78.40500,-3.14600,75.25900,12.53200,62.72700,62.72700,,62.72700,101.73000,78.40500,158.85900,160.15500,0.39000,0.39000,2.60940,38.54720,8.04570,8.04570,7.72280,6.43680,0.28330,1.04630,1.73210,51.95920,2.81780,3.65770,1.82350,2.81780,14.03380,1.49730,1.39590
2023-03-31,960.07690,616.21300,343.86390,70.63000,213.49700,,305.01970,38.84420,13.84700,52.69100,11.19600,41.49500,41.49500,,41.49500,64.68920,38.84410,162.30200,163.70400,0.27000,0.26000,2.48090,35.81630,4.04600,4.04590,5.48820,4.32210,0.26960,0.90240,1.52300,59.09360,1.83800,2.38510,1.16530,1.83800,14.16790,1.3106,1.1717
2022-12-31,1269.92500,792.65700,477.26800,65.64000,226.41900,,300.52300,176.74490,6.07100,182.81600,42.66300,140.15300,140.15300,,140.15300,202.08390,176.74490,161.24400,162.52900,0.87000,0.86000,2.30680,37.58240,13.91770,13.91770,14.39580,11.03630,0.33960,0.99370,1.58260,56.86880,6.20510,8.07880,3.74820,6.20510,14.06080,1.7247,1.5757
2022-09-30,1148.95100,710.17100,438.78000,69.00900,228.68000,,311.37900,127.40110,-21.93800,105.46300,23.37200,82.09100,82.09100,,82.09100,152.07810,127.40110,163.18600,164.32800,0.50000,0.50000,2.19650,38.18960,11.08850,11.08850,9.17910,7.14490,0.31520,0.80700,1.48690,60.52980,3.78550,4.98980,2.25220,3.78550,13.37270,0.441,0.2824
2022-06-30,1159.86500,700.26200,459.60300,75.51700,265.23800,,344.12400,115.47900,7.07300,122.55200,21.71600,100.83600,100.83600,,100.83600,140.33400,115.47900,164.67900,166.40600,0.61000,0.61000,2.28100,39.62560,9.95620,9.95620,10.56610,8.69380,0.30290,0.76330,1.64080,54.85100,4.26840,5.50620,2.63300,4.26840,14.39980,-0.21430,-0.33190
2022-03-31,1229.99400,736.08700,493.90720,78.40800,283.37400,0.00000,365.13800,128.76900,2.95200,131.72100,23.51600,108.20500,108.20500,,108.20500,157.69900,128.76880,167.44700,170.41400,0.65000,0.64000,2.16230,40.15520,10.46910,10.46910,10.70910,8.79720,0.30480,0.78880,1.82060,49.43470,4.51090,5.79630,2.68140,4.51090,14.51570,0.5795,0.4319
2021-12-31,1632.78200,974.77200,658.01000,75.52900,308.41900,1.11000,395.25900,262.75090,-3.39500,259.35600,49.34500,210.01100,210.01100,,210.01100,298.41890,262.75090,167.09000,169.70700,1.26000,1.24000,2.05440,40.29990,16.09220,16.09220,15.88430,12.86220,0.39230,1.16800,1.93040,46.62300,8.86890,11.48020,5.04640,8.86890,14.22470,2.209,2.1091
2021-09-30,1306.26700,764.10400,542.16300,68.66100,289.89800,0.92500,362.75200,179.41100,-6.50200,172.90900,33.45300,139.45600,139.45600,,139.45600,211.04800,179.41100,168.38900,171.34300,0.83000,0.81000,2.08650,41.50480,13.73460,13.73460,13.23690,10.67590,0.33870,0.92320,1.79410,50.16330,6.16330,8.15620,3.61640,6.16330,13.48640,-0.3696,-0.5027
2021-06-30,1312.05800,743.13200,568.92600,69.24600,292.85600,1.47400,365.84500,203.08110,8.75100,211.83200,24.99100,186.84100,186.84100,,186.84100,232.38600,203.08110,168.37200,172.02000,1.11000,1.09000,2.11020,43.36140,15.47810,15.47810,16.14500,14.24030,0.32840,0.95450,2.40340,37.44620,7.87530,10.31970,4.67630,7.87530,14.06350,-0.66840,-0.81090
2021-03-31,1535.92500,824.65610,711.26870,69.00900,341.99990,,416.18690,295.08200,-11.11000,283.97200,58.22500,225.74690,225.74700,,225.74700,318.01500,295.08220,168.52300,171.77500,1.35000,1.31000,1.87850,46.30890,19.21200,19.21200,18.48870,14.69780,0.37080,1.24740,2.50880,35.87430,9.98090,13.14750,5.44970,9.98090,13.06590,3.1122,2.9361
2020-12-31,1667.30200,918.29200,749.01000,53.91000,242.09100,,300.94700,448.06300,6.79400,454.85700,72.33400,382.52300,382.52300,,382.52300,469.86000,448.06300,169.05000,172.58700,2.26000,2.22000,1.89810,44.92350,26.87350,26.87350,27.28100,22.94260,0.43730,1.92590,1.86300,48.30820,18.20010,23.94570,10.03220,18.20010,12.44660,3.0541,2.9486
2020-09-30,1257.15800,687.43500,569.72300,53.37900,190.46100,,248.17000,321.55290,1.66200,323.21500,56.30100,266.91400,266.91400,,266.91400,339.51390,321.55290,168.64500,171.38200,1.58000,1.56000,1.79060,45.31830,25.57780,25.57780,25.71000,21.23150,0.40610,1.74160,1.67450,53.74620,15.64590,22.36760,8.62160,15.64590,10.10950,1.6267,1.5371
2020-06-30,791.89400,486.16100,305.73300,49.72500,162.30900,-5.71600,222.30600,83.42690,2.64900,86.07600,14.00300,72.07300,72.07300,,72.07300,103.30590,83.42690,167.61200,170.12700,0.43000,0.42000,1.90200,38.60780,10.53510,10.53510,10.86960,9.10130,0.30300,1.79280,1.58280,56.86060,4.59800,6.87890,2.75750,4.59800,9.30710,0.69860,0.62620
2020-03-31,709.24820,432.37210,276.87610,50.09400,166.65000,,244.73080,32.14530,37.97300,70.11800,-143.80200,213.92000,213.92000,,213.92000,51.78430,32.14520,166.83700,169.38100,1.29000,1.27000,1.98070,39.03800,4.53230,4.53230,9.88620,30.16150,0.30010,1.88600,1.79670,50.09090,14.36410,22.25070,9.05110,14.36410,8.92330,0.5988,0.5347
2019-12-31,902.68700,568.23400,334.45300,43.29200,157.29400,,205.62500,128.82800,3.16400,131.99200,14.46700,117.52500,117.52500,,117.52500,147.81900,128.82800,167.06300,169.68500,0.70000,0.69000,1.76200,37.05080,14.27160,14.27160,14.62210,13.01950,0.38470,1.84800,1.69900,52.97280,9.05580,15.44130,5.00880,9.05580,7.49710,1.0642,1.0084
2019-09-30,719.69100,447.61500,272.07600,41.96400,158.20300,,204.02100,68.05500,2.28000,70.33500,-2.59800,72.93300,72.93300,,72.93300,85.50700,68.05500,166.66200,169.02700,0.44000,0.43000,1.74450,37.80460,9.45610,9.45610,9.77290,10.13390,0.33380,1.32310,1.54450,58.27110,6.24670,10.14950,3.38230,6.24670,6.99530,0.6298,0.5781
2019-06-30,644.22500,405.24900,238.97600,42.24300,145.19200,,191.50910,47.46690,4.41400,51.88100,6.53600,45.34500,45.34500,,45.34500,65.13590,47.46690,166.30200,168.79700,0.27000,0.27000,1.88390,37.09510,7.36810,7.36810,8.05320,7.03870,0.30860,1.36440,1.53820,58.50980,3.78500,6.10950,2.17200,3.78500,6.92080,0.21630,0.16100
2019-03-31,624.30810,391.33300,232.97510,42.11000,143.18500,,190.74830,42.22680,3.15900,45.38600,3.26500,42.12100,42.12100,,42.12100,59.98680,42.22690,165.60900,168.96500,0.26000,0.24000,1.88130,37.31730,6.76380,6.76380,7.26980,6.74680,0.30840,1.33340,1.62870,55.25770,3.58070,5.90210,2.08090,3.58070,7.09230,0.1873,0.1422
2018-12-31,864.38800,540.40590,323.98210,40.59100,156.74600,,200.59810,123.38400,-1.26500,122.11900,9.30900,112.81000,112.81000,,112.81000,141.03900,123.38400,165.70700,168.90700,0.68000,0.67000,1.62280,37.48110,14.27420,14.27420,14.12780,13.05090,0.39910,1.58000,1.78520,50.41530,9.96480,17.06460,5.20880,9.96480,6.83010,1.0444,0.9854
2018-09-30,691.14600,435.02900,256.11700,39.54200,147.00700,,190.98500,65.13200,5.24700,70.37900,6.20300,64.17600,64.17600,,64.17600,81.77600,65.13200,165.63000,169.23400,0.39000,0.38000,1.50120,37.05690,9.42380,9.42380,10.18290,9.28540,0.34450,1.21250,1.50350,59.86000,6.34050,11.99380,3.19890,6.34050,5.84710,0.5017,0.4449
2018-06-30,608.48000,384.54300,223.93700,38.98700,140.05700,,191.48610,32.45090,0.79800,33.24900,-5.21700,38.46600,38.46600,,38.46600,48.04290,32.45090,165.31700,168.75600,0.23000,0.23000,1.81940,36.80270,5.33310,5.33310,5.46430,6.32170,0.32030,1.41030,1.57820,57.02590,3.64520,5.51780,2.02510,3.64520,6.09600,0.07280,0.02100
2018-03-31,592.42610,380.19120,212.23490,37.61600,132.95900,0.00000,173.12800,39.10690,0.32900,39.43600,5.03200,34.40400,34.40400,,34.40400,55.13790,39.10690,-82.01900,-84.48550,-0.42000,-0.40000,2.03760,35.82470,6.60110,6.60110,6.65670,5.80730,0.33990,1.46280,2.75690,32.64480,3.27480,5.00380,1.97370,3.27480,6.06890,0.5346,0.4626
2017-12-31,812.02100,536.42000,275.60100,34.39800,138.44400,,175.33790,100.26310,0.55000,100.81300,20.04000,80.77300,80.77300,,80.77300,115.52810,100.26310,164.24800,169.07900,0.49000,0.48000,1.77210,33.94010,12.34740,12.34740,12.41510,9.94720,0.44350,1.92280,2.30850,38.98640,8.01930,12.63460,4.41180,8.01930,6.13390,1.1154,1.0538
2017-09-30,632.47000,404.73300,227.73700,36.64700,132.65200,2.93000,168.79900,58.93800,1.50700,60.44500,4.08700,56.35800,56.35800,,56.35800,72.80300,58.93800,164.12000,169.07800,0.34000,0.33000,1.72300,36.00760,9.31870,9.31870,9.55700,8.91080,0.38280,1.22490,2.27640,39.53630,6.11370,10.12110,3.41130,6.11370,5.60860,0.4044,0.3625
2017-06-30,529.94600,336.27800,193.66800,35.09900,127.78700,1.97800,162.24300,31.42500,0.14600,31.57100,-5.43600,37.00700,37.00700,,37.00700,43.16600,31.42500,163.40700,168.33900,0.23000,0.22000,2.06860,36.54490,5.92980,5.92980,5.95740,6.98320,0.33380,1.20360,2.39430,37.58990,3.89410,5.64490,2.33120,3.89410,5.79800,-0.00520,-0.06490
2017-03-31,510.55190,312.77310,197.77880,33.65800,124.66800,-1.83300,161.46090,36.31790,1.92300,38.24100,-1.18400,39.42500,39.42500,,39.42500,47.70890,36.31790,-81.02900,-82.77000,-0.48000,-0.48000,2.02700,38.73830,7.11350,7.11350,7.49010,7.72200,0.34070,1.23430,2.75710,32.64330,4.60510,7.05520,2.63070,4.60510,5.27230,0.2916,0.2403
2016-12-31,666.70700,419.94400,246.76300,32.28400,126.63400,9.92500,150.48700,96.27600,2.83600,99.11200,1.64700,97.46500,97.46500,,97.46500,107.89000,96.27600,161.97700,165.90100,0.60000,0.59000,,37.01220,14.44050,14.44050,14.86590,14.61890,,,,,,,,,,0.8955,0.8438
2016-09-30,564.30400,357.43100,206.87300,32.63200,119.08200,,153.46200,53.41100,-0.77300,52.63800,5.59300,47.04500,47.04500,,47.04500,66.08100,53.41100,162.22200,165.54900,0.29000,0.28000,,36.65990,9.46490,9.46490,9.32800,8.33680,,,,,,,,,,0.4514,0.4118
2016-06-30,479.86400,311.23800,168.62600,31.95100,109.52700,,142.77100,25.85500,-0.85700,24.99800,3.05700,21.94100,21.94100,,21.94100,40.66800,25.85500,162.13000,164.30300,0.14000,0.13000,,35.14040,5.38800,5.38800,5.20940,4.57230,,,,,,,,,,0.10360,0.05410
2016-03-31,430.84100,288.74100,142.10000,27.28800,100.13700,,131.74510,10.35490,2.75900,13.11400,-3.89600,17.01000,17.01000,11.68700,28.69700,24.92790,10.35490,163.29600,165.79200,0.17000,0.18000,2.23230,32.98200,2.40340,2.40340,3.04380,6.66070,0.32540,1.26210,3.01760,29.82540,2.23830,3.14000,1.28460,2.23830,4.67920,0.1912,0.1551
2015-12-31,621.07900,412.58200,208.49700,29.16100,111.37500,,139.98200,68.51500,0.96700,69.48200,1.44200,68.04000,68.04000,-2.95400,65.08600,83.47200,68.51500,162.66900,165.16800,0.40000,0.39000,1.85320,33.57010,11.03160,11.03160,11.18730,10.47950,0.41130,1.71940,2.18620,41.16710,9.23270,13.11620,4.50630,9.23270,4.52310,1.0029,0.8861
2015-09-30,518.49400,345.97700,172.51700,28.72500,103.90700,,135.94600,36.57100,-0.54800,36.02300,5.57100,30.45200,30.45200,-12.35500,18.09700,48.78610,36.57100,163.51500,165.84100,0.11000,0.11000,1.77110,33.27270,7.05330,7.05330,6.94760,3.49030,0.36260,1.05460,1.88730,47.68750,,6.76560,2.12990,4.55210,,0.0638,-0.0332
2015-06-30,447.68600,289.75300,157.93300,28.00200,104.60800,,144.31600,13.61700,-0.76400,12.85300,-0.00700,12.86000,12.86000,-5.42300,7.43700,24.86500,13.61700,164.43100,166.89500,0.05000,0.04000,2.01090,35.27760,3.04160,3.04160,2.87100,1.66120,0.29880,0.88470,2.02040,44.54510,,2.35100,0.85850,1.67800,,-0.15340,-0.24500
2015-03-31,467.22900,281.75600,185.47300,33.77200,69.25900,,103.79400,81.67900,1.83300,21.63500,-4.60600,26.24100,16.71700,0.00000,16.71700,216.89500,81.67900,164.31900,166.42400,0.10000,0.10000,2.12570,33.47330,17.48160,17.48160,4.63050,3.57790,0.32750,1.10070,2.79450,32.20610,2.20500,3.09620,1.17170,2.20500,4.60930,0.2493,0.1864
2014-12-31,604.32200,391.71500,212.60700,27.39700,115.65800,,143.05500,69.55200,-2.46400,67.08800,0.67000,66.41800,66.41800,-3.63400,62.78400,81.68500,69.55200,163.53300,166.32100,0.38000,0.38000,1.97370,35.18110,11.50910,11.50910,11.10140,10.38920,0.36880,1.59400,1.96940,45.69980,7.45510,12.19240,4.05290,7.45510,,0.4586,0.3998
2014-09-30,530.31100,325.53000,204.78100,32.32000,130.33000,,162.65000,42.13100,-0.53000,41.59000,5.50000,36.09000,36.09000,0.00000,36.09000,54.45100,42.13100,163.23000,166.06500,0.22000,0.22000,2.06560,38.61320,7.94460,7.94460,7.84260,6.80540,0.33700,1.32740,2.09870,42.88450,4.12760,6.86940,2.29360,4.12760,,0.1982,0.1156
2014-06-30,483.72200,300.45000,183.27200,31.31000,127.72000,,159.03000,24.24200,0.06000,22.77000,3.09000,19.68000,22.03200,0.00000,22.03200,36.97200,24.24200,163.01200,165.83300,0.14000,0.13000,2.02130,37.57320,5.01160,5.01160,4.70730,4.55470,0.31920,1.25010,2.20860,40.75030,2.64590,4.58860,1.45380,2.64590,,0.16730,0.09960
2014-03-31,485.25900,273.85900,211.40000,31.46000,65.33700,,96.79700,114.60300,9.72800,36.30400,-5.74700,42.05100,11.58400,0.00000,11.58400,132.36300,114.60300,162.25500,165.76600,0.07000,0.07000,2.05150,33.53670,23.61690,23.61690,7.48140,2.38720,0.33430,1.23140,2.66580,33.76060,1.44060,2.58230,0.79810,1.44060,4.93630,0.5789,0.5154
2013-12-31,627.89000,414.52000,213.37000,34.10000,125.18000,,159.28000,54.09000,-0.76000,53.31000,4.81000,48.50000,48.50300,0.00000,48.50300,68.03000,54.09000,160.87100,163.38800,0.30000,0.30000,1.79700,33.98050,8.61460,8.61460,8.49030,7.72480,0.41070,1.60670,2.00640,44.85600,6.33940,11.92420,3.17230,6.33940,,0.5723,0.519
2013-09-30,531.97200,348.55000,183.42200,37.63000,123.10000,,160.73000,22.69200,-5.22000,17.45000,3.05000,14.40000,14.39800,0.00000,14.39800,37.09200,22.69200,159.96900,161.17700,0.09000,0.09000,1.74510,34.47740,4.26560,4.26560,3.28020,2.70650,0.37110,1.19050,2.05510,43.79270,2.03250,4.16250,1.00430,2.03250,,0.0961,0.0354
2013-06-30,477.92400,309.56000,168.36400,36.19000,129.78000,,165.97000,2.39400,-2.14000,0.24000,-0.80000,1.04000,1.04300,0.00000,1.04300,17.79400,2.39400,159.29800,160.28100,0.01000,0.01000,1.78690,35.22530,0.50090,0.50090,0.05020,0.21820,0.33600,1.04580,2.18640,41.16370,0.14480,0.29560,0.07330,0.14480,,-0.00810,-0.09050
2013-03-31,469.08700,309.20300,159.88400,36.60000,181.02100,,434.30900,-274.42500,241.58900,-34.48800,0.80000,-35.28800,-35.91400,0.00000,-35.91400,-224.14500,-274.42500,158.71600,158.71600,-0.23000,-0.23000,1.86350,33.46290,-58.50190,-58.50190,-7.35220,-7.65610,0.34140,1.18430,2.61240,34.45080,-4.89490,-9.77090,-2.61360,-4.89490,,0.1341,-0.1032
2012-12-31,614.50000,404.40000,210.10000,40.39000,139.08000,,179.47000,30.63000,-214.19000,-183.57000,11.37000,-194.94000,-194.94300,0.00000,-194.94300,13.28000,30.63000,157.70600,157.70600,-1.24000,-1.24000,1.72500,34.18880,4.98450,4.98450,-29.87310,-31.72380,0.41270,1.45750,2.32250,38.75050,-25.76700,-51.81480,-13.09170,-25.76670,,0.5454,0.6803
2012-09-30,547.69300,351.69000,196.00300,38.01000,136.50000,,174.51000,21.49300,2.31000,23.78000,-31.07000,54.85000,54.86500,0.00000,54.86500,38.67300,21.49300,156.73600,157.93200,0.35000,0.35000,1.63190,35.78470,3.92430,3.92430,4.34180,10.01750,0.32360,1.09460,1.92540,46.74240,,15.94360,3.24180,5.79790,,0.1015,0.0302
2012-06-30,468.60400,324.35000,144.25400,38.92000,133.37000,,172.29000,-28.03600,-31.00000,-59.05000,-6.91000,-52.14000,-52.14500,0.00000,-52.14500,-10.65600,-28.03600,160.73300,160.73300,-0.32000,-0.32000,1.94050,30.78290,-5.98290,-5.98290,-12.60130,-11.12770,0.27560,1.15620,2.19000,41.09500,,-13.07970,-3.06680,-5.19420,,-0.04390,-0.16590
2012-03-31,531.96200,338.08000,193.88200,40.95000,129.21000,,170.16000,23.72200,6.94000,30.69000,2.40000,28.29000,28.28600,0.00000,28.28600,40.81200,23.72200,169.38700,170.40100,0.17000,0.17000,2.18240,36.44810,4.45930,4.45930,5.76920,5.31730,0.28650,1.13800,2.38440,37.74520,2.45910,5.27530,1.52360,2.45910,,0.2821,0.188
2011-12-31,714.59600,455.92000,258.67600,41.91000,146.98000,,188.89000,69.78600,7.63000,77.40000,22.07000,55.33000,55.33300,0.00000,55.33300,87.05600,69.78600,173.00300,173.65600,0.32000,0.32000,2.05220,36.19810,9.76580,9.76580,10.83130,7.74330,0.35900,1.54160,2.24240,40.13500,,9.46410,2.77960,4.59390,,0.8785,0.8162
2011-09-30,589.20400,390.78000,198.42400,39.49000,135.43000,,174.92000,23.50400,-1.16000,22.33000,4.88000,17.45000,17.44500,0.00000,17.44500,41.84400,23.50400,176.87800,177.27700,0.10000,0.10000,2.04920,33.67600,3.98910,3.98910,3.78990,2.96080,0.31610,1.20220,1.99940,45.01340,1.51780,3.34000,0.93600,1.51780,,-0.0117,-0.0704
2011-06-30,480.44100,354.83000,125.61100,39.98000,130.65000,,170.63000,-45.01900,5.88000,-39.15000,-9.54000,-29.61000,-29.60600,0.00000,-29.60600,-25.21900,-45.01900,179.33100,179.33100,-0.17000,-0.17000,2.17410,26.14270,-9.37030,-9.37030,-8.14880,-6.16230,0.25380,1.11740,1.98980,45.23030,,-5.18340,-1.56390,-2.49560,,0.02090,-0.01070
2011-03-31,547.61800,368.25000,179.36800,38.14000,137.63000,,175.77000,3.59800,3.30000,6.94000,4.16000,2.78000,2.77600,0.00000,2.77600,21.34800,3.59800,178.56200,180.42300,0.02000,0.01000,2.28670,32.75640,0.65700,0.65700,1.26730,0.50690,0.29420,1.31140,2.12020,42.44950,0.23040,0.47600,0.14910,0.23040,,0.0056,-0.0465
2010-12-31,754.05400,482.88000,271.17400,38.95000,156.17000,,195.12000,76.05400,1.33000,77.37000,12.37000,65.00000,65.00200,0.00000,65.00200,95.51400,76.05400,177.23300,179.70300,0.37000,0.36000,1.92770,35.96160,10.08600,10.08600,10.26050,8.62030,0.38710,1.60620,2.24360,40.11400,,11.93990,3.33680,5.51130,,0.8262,0.7919
2010-09-30,581.88400,364.95000,216.93400,40.92000,124.83000,,165.75000,51.18400,-1.15000,50.01000,8.85000,41.16000,41.16000,0.00000,41.16000,69.31400,51.18400,176.35900,177.97100,0.23000,0.23000,1.79190,37.28060,8.79620,8.79620,8.59450,7.07360,0.31980,1.06390,1.90790,47.17280,,9.18960,2.26230,3.77590,,-0.008,-0.0838
2010-06-30,479.33000,310.30000,169.03000,38.38000,118.83000,,157.21000,11.82000,2.31000,14.12000,-5.40000,19.52000,19.52200,0.00000,19.52200,31.06000,11.82000,175.49200,177.35800,0.11000,0.11000,1.77590,35.26170,2.46590,2.46590,2.94580,4.07280,0.28680,1.10900,2.24450,40.09850,1.90000,5.06370,1.16790,1.90000,,0.03440,-0.01760
2010-03-31,525.44400,337.14000,188.30400,39.70000,120.65000,,160.35000,27.95400,0.90000,28.90000,4.41000,24.49000,24.49300,0.00000,24.49300,49.39400,27.95400,175.73800,177.96700,0.14000,0.14000,1.80260,35.84210,5.32010,5.32010,5.50010,4.66140,0.32850,1.53530,2.69130,33.44140,,6.98080,1.53110,2.45000,,0.3744,0.2987
2009-12-31,617.10100,408.13000,208.97100,32.93000,117.60000,,150.53000,58.44100,3.46000,61.89000,4.80000,57.09000,57.08600,0.00000,57.08600,77.23100,58.44100,175.96300,178.40300,0.32000,0.32000,1.64380,33.86160,9.47030,9.47030,10.02920,9.25070,0.37490,1.73670,2.48210,36.25950,5.81820,17.24390,3.46850,5.81820,,0.9436,0.8957
2009-09-30,498.09300,346.30000,151.79300,31.82000,92.57000,,124.39000,27.40300,-0.84000,26.54000,5.80000,20.74000,20.74300,0.00000,20.74300,44.25300,27.40300,178.39500,180.98900,0.12000,0.11000,2.43080,30.47220,5.50160,5.50160,5.32830,4.16450,0.33160,1.44350,1.91740,46.93760,2.27090,3.22690,1.38100,2.27090,,0.3141,0.2567
2009-06-30,327.92900,248.28000,79.64900,31.36000,80.11000,,111.47000,-31.82100,-0.05000,-33.71000,3.65000,-37.36000,-35.98700,0.00000,-35.98700,-18.01100,-31.82100,179.75100,179.75100,-0.20000,-0.20000,3.03580,23.73080,-9.70360,-9.70360,-10.27970,-10.97400,0.22660,1.05430,1.94320,46.31610,-3.70530,-5.15150,-2.48720,-3.70530,,0.42020,0.37740
2009-03-31,407.94800,305.87000,102.07800,29.75000,95.02000,,124.77000,-22.69200,-18.74000,-41.40000,-6.33000,-35.07000,-35.07800,0.00000,-35.07800,-10.16200,-22.69200,179.06500,179.06500,-0.20000,-0.20000,3.45210,25.02530,-5.56250,-5.56250,-10.14840,-8.59860,0.28700,1.31020,1.90700,47.19430,-3.51590,-4.85370,-2.46760,-3.51590,,1.1202,0.8506
