Date,revenue,cost-goods-sold,gross-profit,research-development-expenses,selling-general-administrative-expenses,other-operating-income-expenses,operating-expenses,operating-income,total-non-operating-income-expense,pre-tax-income,total-provision-income-taxes,income-after-taxes,income-from-continuous-operations,net-income,ebitda,ebit,basic-shares-outstanding,shares-outstanding,eps-basic-net-earnings-per-share,eps-earnings-per-share-diluted,current-ratio,long-term-debt-capital,debt-equity-ratio,gross-margin,operating-margin,ebit-margin,pre-tax-profit-margin,net-profit-margin,asset-turnover,inventory-turnover,receiveable-turnover,days-sales-in-receivables,roe,return-on-tangible-equity,roa,roi,book-value-per-share,operating-cash-flow-per-share,free-cash-flow-per-share
2024-03-31,3793.55800,1993.02200,1800.53600,512.27400,215.90400,,743.42400,1057.11200,36.07300,1093.18500,127.35900,965.82600,965.82600,965.82600,1147.03400,1057.11200,130.83800,131.51800,7.38000,7.34000,2.81900,0.35830,0.62120,47.46300,27.86600,27.86600,28.81690,25.45960,0.20750,0.46100,1.72140,52.28170,12.03960,15.44560,5.28360,7.72630,61.36110,10.6267,9.8308
2023-12-31,3758.25900,2000.80400,1757.45500,469.71200,228.84300,,700.24300,1057.21200,29.83900,1087.05100,132.78500,954.26600,954.26600,954.26600,1148.15300,1057.21200,131.62900,132.22000,7.25000,7.22000,3.05560,0.37720,0.60610,46.76250,28.13040,28.13040,28.92430,25.39120,0.20010,0.45170,1.38810,64.83620,11.60560,14.80660,5.08020,7.22790,62.63410,11.0467,10.1708
2023-09-30,3482.06200,1827.36000,1654.70200,422.62900,207.02300,,631.67300,1023.02900,2.60100,1025.63000,138.23200,887.39800,887.39800,887.39800,1113.50800,1023.02900,132.58400,133.16600,6.69000,6.66000,3.05930,0.38230,0.61940,47.52080,29.38000,29.38000,29.45470,25.48480,0.18780,0.38490,1.23870,72.65400,11.02720,14.16820,4.78680,6.81160,60.93140,7.14270,6.56450
2023-06-30,3207.25600,1749.12800,1458.12800,401.95090,199.83100,,603.52400,854.60400,9.01000,863.61510,61.07800,802.53700,802.53700,802.53700,944.20800,854.60420,135.47200,135.83400,6.05000,6.04000,3.16100,0.37860,0.61040,45.46340,26.64600,26.64600,26.92690,25.02250,0.17080,0.36320,1.13600,79.22780,9.77490,12.50210,4.27300,6.07370,61.59310,8.1686,7.5996
2023-03-31,3869.56900,2263.95700,1605.61200,429.45100,193.50000,,663.35900,942.25320,-3.33100,938.92200,124.91400,814.00800,814.00800,814.00800,1033.91600,942.25320,134.92400,135.39500,6.03000,6.01000,3.09140,0.37280,0.59540,41.49330,24.35030,24.35030,24.26430,21.03610,0.20110,0.46370,1.18620,75.87220,9.68210,12.32310,4.23010,6.07270,62.41940,12.8703,11.9724
2022-12-31,5277.56900,2901.22000,2376.34900,462.38500,233.80200,,696.18700,1680.16200,-28.23400,1651.92800,183.42100,1468.50700,1468.50700,1468.50700,1765.57600,1680.16200,136.01800,136.33900,10.80000,10.77000,3.01500,0.37560,0.60250,45.02730,31.83590,31.83590,31.30090,27.82550,0.27480,0.60190,1.29670,69.40850,17.68300,22.59440,7.64590,11.04080,61.33270,8.4181,7.2133
2022-09-30,5074.12100,2737.28600,2336.83500,433.37500,205.62000,,638.99500,1697.84000,-43.09500,1654.74500,228.86600,1425.87900,1425.87900,1425.87900,1773.59100,1697.84000,136.89100,137.20800,10.42000,10.39000,2.69380,0.40260,0.67500,46.05400,33.46080,33.46080,32.61150,28.10100,0.27100,0.62780,1.11040,81.05370,19.23600,24.63670,7.61640,11.49080,54.35470,8.67000,7.64920
2022-06-30,4635.55500,2535.04200,2100.51200,411.15700,210.00200,,621.16000,1479.35300,-120.44800,1358.90500,149.97100,1208.93400,1208.93400,1208.93400,1567.28500,1479.35300,139.89900,140.62800,8.76000,8.74000,2.69130,0.44330,0.79730,45.31310,31.91320,31.91320,29.31480,26.07960,0.26960,0.63910,1.07460,83.75340,19.25560,25.93500,7.03050,10.72050,45.83590,3.0798,2.1978
2022-03-31,4060.41600,2243.79100,1816.62500,407.12000,217.40800,,624.52800,1192.09700,-57.40200,1134.69500,112.91700,1021.77800,1021.77800,1021.77800,1276.32500,1192.09700,139.22900,140.05700,7.34000,7.30000,2.83400,0.45350,0.83110,44.73990,29.35900,29.35900,27.94530,25.16440,0.24480,0.64490,1.09670,82.06270,16.95480,23.22510,6.15940,9.26600,43.44760,5.5511,4.4927
2021-12-31,4226.60400,2248.68800,1977.91600,403.64400,236.13300,,639.77700,1338.13900,17.99900,1356.13800,161.30800,1194.83000,1194.83000,1194.83000,1419.84400,1338.13900,140.63000,141.53000,8.50000,8.44000,3.13290,0.43510,0.77120,46.79680,31.65990,31.65990,32.08580,28.26930,0.25330,0.73150,1.24210,72.45900,18.45070,24.51420,7.16090,10.42250,46.16490,10.2026,9.2168
2021-09-30,4304.46500,2327.71100,1976.75400,382.32700,222.19400,,604.52100,1372.23300,-28.85700,1343.37600,163.63200,1179.74400,1179.74400,1179.74400,1452.10700,1372.23300,141.74300,142.61200,8.32000,8.27000,3.26900,0.46160,0.85830,45.92330,31.87930,31.87930,31.20890,27.40750,0.27650,0.81040,1.26710,71.03000,20.27040,28.05520,7.57920,10.91450,41.33230,3.20820,2.25150
2021-06-30,4145.17900,2229.97900,1915.20000,381.74900,217.52500,,599.27200,1315.92700,-7.16600,1308.76100,164.10400,1144.65700,1144.65700,1144.65700,1394.32400,1315.92700,143.60900,145.32000,8.00000,7.94000,3.30300,0.45290,0.82990,46.20310,31.74600,31.74600,31.57310,27.61420,0.26080,0.82920,1.36970,65.70980,18.99160,25.98720,7.20270,10.38940,42.29580,9.8084,9.0967
2021-03-31,3847.65400,2067.52300,1780.13100,381.12000,203.70300,,584.82300,1195.30800,-35.32000,1159.98800,88.86700,1071.12100,1071.12100,1071.12100,1274.76100,1195.30800,142.67600,144.60900,7.51000,7.41000,3.13430,0.48150,1.08230,46.26540,31.06590,31.06590,30.14790,27.83830,0.25170,0.81010,1.36970,65.70660,19.92850,28.62750,7.00770,10.33260,37.68980,8.1176,7.4885
2020-12-31,3456.23700,1852.44200,1603.79500,375.17200,218.89900,,594.07100,1009.72400,-29.94100,979.78300,110.55400,869.22900,869.22900,869.22900,1086.11300,1009.72400,143.83000,145.91000,6.04000,5.96000,3.19350,0.47540,1.05750,46.40290,29.21460,29.21460,28.34830,25.14960,0.22490,0.78860,1.19170,75.52510,15.77960,22.47590,5.65520,8.27750,38.46620,2.402,1.7671
2020-09-30,3177.08000,1670.90100,1506.17900,355.36700,189.74800,,545.11500,961.06400,-38.79200,922.27200,98.82100,823.45100,823.45100,823.45100,1033.97600,961.06400,145.26700,147.24800,5.67000,5.59000,3.30950,0.47930,1.07410,47.40770,30.24990,30.24990,29.02890,25.91850,0.21100,0.78150,1.37070,65.66190,15.17740,21.78930,5.46890,7.90340,37.52250,4.36350,3.93690
2020-06-30,2791.86400,1511.53200,1280.33200,338.81000,185.80000,,524.61000,755.72240,-7.55300,748.16900,51.49600,696.67290,696.67290,696.67290,822.19440,755.72220,144.81400,149.09000,4.80000,4.70000,3.43200,0.48950,1.12100,45.85940,27.06870,27.06870,26.79820,24.95370,0.19180,0.79550,1.33130,67.60320,13.44020,19.73290,4.78520,6.86080,35.66680,5.3984,5.0657
2020-03-31,2503.62500,1336.61800,1167.00700,307.91400,164.97900,,472.89300,694.11400,-64.61900,629.49500,54.71400,574.78100,574.78100,574.78100,762.72300,694.11400,145.30100,148.16500,3.96000,3.88000,4.46830,0.52580,1.11810,46.61270,27.72440,27.72440,25.14330,22.95800,0.19350,0.79810,1.14260,78.76430,12.63490,19.94090,4.44240,5.99160,31.33980,3.7213,3.3658
2019-12-31,2583.50100,1403.85700,1179.64400,318.86100,174.27200,,493.13300,686.51100,-13.92400,672.58700,158.07700,514.51000,514.51000,514.51000,753.61600,686.51100,143.98700,150.09700,3.57000,3.43000,3.29560,0.46150,1.00010,45.66070,26.57290,26.57290,26.03390,19.91520,0.21680,0.91840,1.27240,70.73510,11.64650,18.77920,4.31850,6.27160,31.00990,2.0636,1.6491
2019-09-30,2165.74600,1184.03600,981.71010,286.82700,157.42800,,444.25500,537.45510,-12.72800,524.72700,58.93800,465.78900,465.78900,465.78900,603.79410,537.45510,144.67300,150.68200,3.22000,3.09000,3.59470,0.43210,0.89040,45.32900,24.81620,24.81620,24.22850,21.50710,0.17550,0.79820,1.32410,67.97100,9.35520,14.16510,3.77360,5.31300,34.36810,3.07960,2.81910
2019-06-30,2361.14700,1280.25600,1080.89100,295.57790,168.22790,,463.80600,617.08510,-7.66700,609.41800,67.59300,541.82490,541.82490,541.82500,677.35610,617.08460,152.47800,159.91500,3.65000,3.49000,3.60950,0.44730,0.95060,45.77820,26.13500,26.13500,25.81030,22.94750,0.19670,0.83130,1.62220,55.48020,11.47130,17.93080,4.51470,6.34000,32.70240,5.3181,4.9251
2019-03-31,2439.04800,1364.71100,1074.33700,318.51400,190.30600,,508.82000,565.51700,20.53200,586.04900,38.65900,547.39000,547.39000,547.39000,650.65200,565.51700,151.20100,157.84900,3.62000,3.47000,3.36550,0.41580,0.89230,44.04740,23.18600,23.18600,24.02780,22.44280,0.18910,0.84130,1.60220,56.17130,10.24890,15.06700,4.24490,5.98730,35.63360,6.1396,5.6338
2018-12-31,2522.67300,1377.64000,1145.03300,285.55600,169.09800,,454.65400,690.37900,-30.64900,659.73000,90.87500,568.85500,568.85500,568.85500,773.20400,690.37900,155.02200,162.17000,3.67000,3.51000,3.39470,0.23690,0.34240,45.38970,27.36700,27.36700,26.15200,22.54970,0.23430,0.80880,1.34990,66.67360,9.73840,13.85790,5.28260,7.43160,37.94060,4.0462,3.3865
2018-09-30,2330.69100,1272.49300,1058.19800,291.67200,174.77500,,466.44700,591.75090,-0.37700,591.37400,58.01400,533.36000,533.36000,533.36000,672.80080,591.75090,155.65800,165.32700,3.43000,3.23000,2.66050,0.25120,0.43770,45.40280,25.38950,25.38950,25.37330,22.88420,0.21270,0.67900,1.26200,71.31620,9.91070,14.75790,4.86750,7.42150,35.08600,4.35670,4.01740
2018-06-30,3125.92800,1646.52000,1479.40800,327.71300,196.50000,,524.21300,955.19480,2.95400,958.14920,-62.99700,1021.14600,1021.14600,1021.14600,1041.27300,955.19510,161.64300,180.78200,6.35000,5.69000,2.90450,0.21540,0.36730,47.32700,30.55720,30.55720,30.65170,32.66700,0.25050,0.87760,1.43590,62.67710,15.51880,21.37500,8.18260,12.17590,41.94000,3.9138,3.4792
2018-03-31,2892.11500,1561.40100,1330.71400,305.41200,197.79100,,503.20300,827.51100,-55.81000,771.70100,-7.09900,778.80000,778.80000,778.80000,914.08900,827.51100,162.37800,179.77900,4.80000,4.33000,2.64050,0.20560,0.46560,46.01180,28.61270,28.61270,26.68290,26.92840,0.21170,0.92220,1.38870,64.80960,11.31310,15.39700,5.69990,8.98710,41.95020,5.2717,5.092
2017-12-31,2580.81500,1375.24800,1205.56700,281.31100,186.88500,,468.19600,737.37080,-3.15200,734.21900,744.17400,-9.95500,-9.95500,-9.95500,821.80790,737.37080,161.13500,161.13500,-0.06000,-0.06000,2.47110,0.22200,0.50870,46.71270,28.57120,28.57120,28.44910,-0.38570,0.19990,0.91230,1.13240,79.47640,-0.15870,-0.22590,-0.07710,-0.12350,39.34470,0.837,0.2653
2017-09-30,2478.14000,1328.79700,1149.34300,275.07800,181.04300,,456.12100,693.22190,-5.50200,687.72000,97.03000,590.68990,590.68990,590.69000,776.95190,693.22190,162.14100,183.88000,3.64000,3.21000,3.30940,0.19490,0.32850,46.37930,27.97350,27.97350,27.75150,23.83600,0.19990,1.00040,1.61890,55.59350,7.97350,10.73240,4.76420,6.41940,45.68890,4.66780,4.34110
2017-06-30,2344.90700,1275.94700,1068.96100,285.71200,175.31000,,461.02100,607.93910,-4.44400,603.49500,77.07100,526.42400,526.42400,526.42400,693.08910,607.93920,162.22200,183.77000,3.26000,2.86000,3.09900,0.20350,0.38550,45.58650,25.92590,25.92590,25.73640,22.44970,0.19340,1.03490,1.40130,64.22680,7.53400,10.14180,4.34240,6.00100,43.20540,4.019,3.8318
2017-03-31,2153.99500,1182.59100,971.40420,265.98600,167.00000,,432.98600,538.41820,-7.83800,530.58000,-44.13300,574.71300,574.71300,574.71300,620.79620,538.41820,163.40800,185.09400,3.52000,3.10000,3.21970,0.20430,0.38760,45.09780,24.99630,24.99630,24.63240,26.68130,0.18140,1.04360,1.31660,68.36050,8.30350,11.29940,4.83960,6.60690,42.21140,2.2436,2.0088
2016-12-31,1882.29900,1035.50200,846.79700,246.80400,160.16500,,406.96900,439.82800,-55.02300,384.80500,52.01400,332.79100,332.79100,332.79100,523.09500,439.82800,162.65900,183.54300,2.05000,1.81000,3.19930,0.21150,0.41360,44.98740,23.36650,23.36650,20.44340,17.68000,0.16340,1.01630,1.31970,68.19730,5.04760,7.05150,2.88850,3.97990,40.60810,2.1511,1.9567
2016-09-30,1632.41900,916.22200,716.19700,235.24000,165.01000,,400.25000,315.94690,-23.15400,292.79300,28.95800,263.83500,263.83500,263.83500,397.33890,315.94690,160.60700,180.01700,1.64000,1.47000,3.86080,0.34590,0.67810,43.87340,19.35450,19.35450,17.93610,16.16220,0.12920,0.98350,1.26510,71.13890,4.13060,5.89590,2.08790,2.70170,39.49980,2.62880,2.39560
2016-06-30,1546.26100,847.47700,698.78380,237.25500,152.28800,,389.54300,309.24050,-27.24900,281.99200,23.05300,258.93900,258.93900,258.93910,398.80050,309.24070,158.91900,175.15900,1.62000,1.46000,3.81020,0.35630,0.70890,45.19190,19.99920,19.99930,18.23700,16.74610,0.12610,0.87200,1.22510,73.46310,4.24350,6.23820,2.11130,2.73140,38.09010,2.3958,2.5589
2016-03-31,1314.05500,742.79000,571.26510,221.49400,159.01800,,380.51200,190.75310,-29.83400,160.91900,17.46800,143.45100,143.45100,143.45100,286.87510,190.75310,159.03900,174.37300,0.90000,0.82000,2.96370,0.19330,0.40640,43.47350,14.51640,14.51640,12.24600,10.91670,0.13110,0.79450,1.06260,84.69620,2.44330,3.70500,1.43100,1.97090,36.85140,1.0458,0.7822
2015-12-31,1425.53400,799.02400,626.51010,220.75400,166.92200,,387.67600,238.83410,-29.93500,208.89900,-14.08100,222.98000,222.98000,222.98000,334.28110,238.83410,158.42400,174.24200,1.41000,1.28000,3.00060,0.19690,0.41510,43.94910,16.75400,16.75400,14.65410,15.64190,0.14620,0.90820,1.30800,68.80690,3.89150,6.04160,2.28690,3.12530,36.13560,1.6924,1.5307
2015-09-30,1600.04300,877.68000,722.36300,234.20900,152.72600,,386.93500,335.42800,-27.12100,308.30700,19.62800,288.67900,288.67900,288.67900,415.84900,335.42800,158.35200,174.37400,1.82000,1.66000,2.85550,0.20190,0.42800,45.14650,20.96370,20.96370,19.26870,18.04200,0.16680,0.95750,1.46940,61.25130,5.21380,8.34170,3.00880,4.16120,35.02080,2.57490,2.29130
2015-06-30,1481.37000,839.83220,641.53780,221.67500,149.38400,,450.50280,191.03530,-20.35300,170.68200,39.41100,131.27100,131.27100,131.27100,350.55530,191.03510,159.62900,177.06700,0.83000,0.74000,2.38310,0.15780,0.44170,43.30710,12.89590,12.89580,11.52190,8.86150,0.15820,0.89030,1.35460,66.44010,2.45600,4.06500,1.40180,2.06850,33.71550,1.6568,1.2982
2015-03-31,1393.33300,792.73100,600.60200,217.86500,142.77200,,360.63700,239.96500,-11.38900,228.57600,22.29100,206.28500,206.28500,206.28500,319.63900,239.96500,158.99200,177.53100,1.30000,1.16000,3.49340,0.28300,0.49680,43.10540,17.22240,17.22240,16.40500,14.80520,0.15080,0.86200,1.33100,67.61630,4.04710,7.22770,2.23290,2.90190,32.16110,1.0714,0.8934
2014-12-31,1232.24100,695.58400,536.65700,196.76800,151.14800,,347.91600,188.74100,-9.79900,178.94200,2.00200,176.94000,176.94000,176.94000,268.71500,188.74100,159.24800,177.04600,1.11000,1.00000,2.87640,0.16840,0.30640,43.55130,15.31690,15.31690,14.52170,14.35920,0.15190,0.76150,1.30530,68.94860,3.53850,6.50890,2.18160,2.94270,31.39120,0.911,0.5643
2014-09-30,1152.36800,646.82900,505.53910,188.93400,148.30700,,337.24100,168.29800,-5.64800,162.65000,21.56900,141.08100,141.08100,141.08100,244.04400,168.29800,161.68500,177.11800,0.87000,0.80000,2.93250,0.17070,0.31200,43.86960,14.60450,14.60450,14.11440,12.24270,0.14600,0.79310,1.33310,67.50990,2.88470,5.49270,1.78720,2.39230,30.68480,0.79700,0.56060
2014-06-30,1248.79700,691.76090,557.03590,185.44910,155.73700,,341.18610,215.85000,73.64800,289.49800,56.10300,233.39500,233.39500,233.39500,297.79500,215.85020,164.74100,174.50300,1.39000,1.29000,3.02380,0.16590,0.30200,44.60580,17.28460,17.28470,23.18220,18.68960,0.15620,0.93420,1.55980,57.69990,4.64030,8.74320,2.91990,3.87040,30.98080,1.364,1.9048
2014-03-31,1227.39200,696.59400,530.79800,185.97800,152.88300,,338.86100,191.93690,-9.85500,182.08200,17.68600,164.39600,164.39600,164.39600,273.50590,191.93690,162.23800,171.63600,1.01000,0.96000,2.88280,0.17150,0.31460,43.24600,15.63780,15.63780,14.83490,13.39390,0.15920,0.97110,1.49980,60.00940,3.41970,6.85450,2.13300,2.83330,29.67680,1.6916,1.4488
2013-12-31,1116.06100,628.27200,487.78910,174.47700,148.83800,,323.31500,164.47410,-3.83700,160.63700,11.64500,148.99200,148.99200,148.99200,246.24310,164.47410,162.30500,171.75700,0.92000,0.87000,2.79070,0.17480,0.32250,43.70630,14.73700,14.73700,14.39320,13.34980,0.14770,0.94970,1.22680,73.36050,3.19310,6.73250,1.97190,2.63490,28.77300,0.7505,0.6536
2013-09-30,1015.05900,583.20100,431.85800,170.56700,155.88300,,326.45000,105.40800,-14.26200,91.14600,5.64000,85.50600,85.50600,85.50600,187.86100,105.40800,162.89600,171.36300,0.52000,0.50000,2.79730,0.17830,0.33090,42.54510,10.38440,10.38440,8.97940,8.42370,0.13920,0.94860,1.42260,63.26450,1.88870,4.18660,1.17290,1.55190,27.90870,0.30300,0.16430
2013-06-30,986.21410,572.28700,413.92700,180.22000,147.20900,,327.42880,86.49820,-12.25100,74.24700,-11.46000,85.70700,85.70700,85.70700,172.93920,86.49810,168.93200,173.43000,0.49000,0.49000,2.70120,0.17860,0.33210,41.97130,8.77070,8.77070,7.52850,8.69050,0.13600,1.02320,1.63650,54.99430,1.90930,4.36760,1.18210,1.56830,27.56060,0.9171,0.6881
2013-03-31,844.92800,505.09600,339.83200,174.20600,154.80700,,329.01300,10.81900,-15.83400,-5.01500,-24.01100,18.99600,18.99600,18.99600,93.61500,10.81900,163.03400,168.50400,0.12000,0.11000,4.58160,0.22180,0.28540,40.22020,1.28050,1.28050,-0.59350,2.24820,0.11820,0.92670,1.55300,57.95320,0.41820,0.95980,0.26580,0.32550,28.07260,0.6767,0.4576
2012-12-31,860.88600,545.47200,315.41400,165.95100,145.42100,,311.37200,4.04200,-13.39000,-9.34800,-15.75600,6.40800,6.40800,6.40800,90.27300,4.04200,170.69900,173.02700,0.04000,0.04000,4.65960,0.21510,0.27430,36.63830,0.46950,0.46950,-1.08590,0.74430,0.11690,1.02870,1.45680,61.77730,0.13640,0.30680,0.08700,0.10710,28.31900,1.1872,0.9536
2012-09-30,906.88800,573.00200,333.88600,163.31100,153.86300,,317.17400,16.71200,-9.93800,6.77400,4.00600,2.76800,2.76800,2.76800,99.28000,16.71200,179.92800,181.92600,0.02000,0.02000,4.88080,0.20330,0.25550,36.81670,1.84280,1.84280,0.74700,0.30520,0.11740,1.00890,1.41650,63.53540,0.05520,0.11680,0.03580,0.04400,28.58230,1.37010,1.12850
2012-06-30,741.81400,443.60100,298.21300,124.52800,142.74000,,265.54290,32.67010,-9.88900,22.78100,4.71200,18.06900,18.06900,18.06900,74.26010,32.66990,124.17600,125.23300,0.12000,0.12000,3.09410,0.15650,0.28510,40.20050,4.40410,4.40410,3.07100,2.43580,0.09270,0.70100,0.96870,92.91230,0.35210,0.73900,0.22570,0.29700,27.49330,0.6587,0.3833
2012-03-31,658.96100,391.81400,267.14700,113.44800,95.58100,,209.02900,58.11800,-3.56800,54.55000,8.94600,45.60400,45.60400,45.60400,87.38500,58.11800,119.84100,120.95600,0.38000,0.38000,5.25420,0.22450,0.29050,40.54060,8.81960,8.81960,8.27820,6.92060,0.15710,1.04170,1.39680,64.43450,1.74790,1.89550,1.08760,1.35540,21.78370,1.2089,0.9778
2011-12-31,583.98100,349.15500,234.82600,104.02400,83.25600,,187.28000,47.54600,-7.78500,39.76100,6.54900,33.21200,33.21200,33.21200,76.58900,47.54600,119.73900,120.87300,0.28000,0.27000,5.41240,0.23320,0.30530,40.21120,8.14170,8.14170,6.80860,5.68720,0.14680,0.93570,1.26340,71.23840,1.34860,1.47270,0.83490,1.03410,20.60180,1.4167,1.2148
2011-09-30,680.43600,396.55300,283.88300,102.55900,80.20000,,184.48400,99.39900,-12.07300,87.32600,15.48800,71.83800,71.83800,71.83800,127.35200,99.39900,123.13000,124.04900,0.58000,0.58000,5.27190,0.23720,0.31290,41.72080,14.60810,14.60810,12.83380,10.55760,0.17440,1.00060,1.30040,69.20800,3.00590,3.29870,1.84150,2.29280,19.57170,0.70050,0.57370
2011-06-30,752.01820,413.56410,338.45410,99.58300,79.93800,,196.26310,142.19100,-5.13100,137.06000,11.13200,125.92800,125.92800,125.92800,165.71700,142.19090,123.52900,125.01900,1.02000,1.01000,4.80830,0.23020,0.30090,45.00610,18.90790,18.90790,18.22560,16.74530,0.18550,1.04280,1.27340,70.67800,5.09860,5.58880,3.10640,3.92500,19.98600,1.5966,1.3184
2011-03-31,809.08700,435.06800,374.01900,96.88000,80.14300,,177.02300,196.99600,1.66300,198.65900,16.41900,182.24000,182.24000,182.24000,215.17200,196.99600,123.67400,125.29300,1.47000,1.45000,3.55530,0.00680,0.00870,46.22730,24.34790,24.34790,24.55350,22.52420,0.25700,1.22300,1.26860,70.94610,7.84450,8.66980,5.78820,7.79100,18.72950,1.9139,1.6303
2010-12-31,870.71400,463.28100,407.43300,90.47700,75.85200,,166.32900,241.10400,1.03800,242.14200,20.28600,221.85600,221.85600,221.85600,259.76700,241.10400,123.10100,124.78600,1.80000,1.78000,3.15960,0.00790,0.00990,46.79300,27.69040,27.69040,27.80960,25.47980,0.29680,1.38760,1.26300,71.25880,10.64170,11.93350,7.56360,10.55800,16.91450,1.494,1.2011
2010-09-30,805.87400,428.54800,377.32600,86.35300,72.14200,,153.33190,223.99410,-0.97900,223.01500,29.29100,193.72400,193.72400,193.72400,241.94210,223.99410,123.66500,125.20200,1.57000,1.55000,3.13430,0.00790,0.01080,46.82200,27.79520,27.79520,27.67370,24.03900,0.30380,1.26660,1.52950,58.84460,10.26830,11.70580,7.30400,10.18690,15.35480,2.04270,1.88990
2010-06-30,695.28890,373.84700,321.44200,85.64400,66.77900,,165.72500,155.71690,3.54100,159.25800,19.26100,139.99700,139.99700,139.99700,173.38090,155.71690,126.93300,128.12600,1.11000,1.10000,3.14440,0.00990,0.01280,46.23140,22.39600,22.39600,22.90530,20.13510,0.27950,1.17390,1.39090,64.70710,7.91780,9.14280,5.62830,7.83950,14.03880,1.2964,1.2017
2010-03-31,632.76300,339.89200,292.87100,81.84500,61.93300,,143.77800,149.09300,1.61600,150.70900,30.40800,120.30100,120.30100,120.30100,166.96500,149.09300,127.30700,128.58700,0.94000,0.94000,3.00870,0.01220,0.01570,46.28450,23.56220,23.56220,23.81760,19.01200,0.27220,1.20760,1.21260,74.21880,7.31560,8.58320,5.17570,7.22630,13.04730,0.8509,0.7665
2009-12-31,487.17600,265.98900,221.18700,82.17100,60.11100,18.36200,129.83900,91.34800,-0.05800,91.29000,21.71600,69.57400,69.57400,69.57400,109.53200,91.34800,127.29600,128.82900,0.55000,0.54000,3.22290,0.02170,0.02940,45.40190,18.75050,18.75050,18.73860,14.28110,0.22300,1.10230,1.15860,77.67980,4.39010,5.20780,3.18440,4.29490,12.43660,0.5689,0.5158
2009-09-30,318.54800,184.11300,134.43500,71.19900,52.11900,20.22800,105.18300,29.25200,-0.36800,28.88400,12.08700,16.79700,16.79700,16.79700,46.93300,29.25200,126.77400,127.89000,0.13000,0.13000,3.68180,0.02320,0.03140,42.20240,9.18290,9.18290,9.06740,5.27300,0.15970,0.83660,0.97790,92.03650,1.11700,1.34490,0.84190,1.09100,11.82390,0.02110,-0.02450
2009-06-30,217.76410,150.00690,67.75710,67.49100,48.54800,-4.32900,132.94310,-65.18590,2.86900,-62.31700,26.17300,-88.49000,-88.49000,-88.49000,-40.31290,-65.18600,125.59500,125.59500,-0.71000,-0.71000,3.23790,0.02740,0.03180,31.11490,-29.93420,-29.93420,-28.61680,-40.63570,0.10930,0.64270,0.85870,104.80450,-6.08980,-7.42180,-4.43960,-5.92310,11.48400,-0.4627,-0.5092
2009-03-31,174.41200,137.89700,36.51500,70.43400,58.51500,-0.64600,231.69900,-195.18400,13.49700,-181.68700,16.67200,-198.35900,-198.35900,-198.35900,-86.45800,-195.18400,125.56600,125.56600,-1.58000,-1.58000,3.38780,0.02590,0.03010,20.93610,-111.90970,-111.90970,-104.17120,-113.73010,0.08580,0.52900,0.88610,101.57430,-13.19530,-16.06130,-9.75460,-12.85370,11.96370,-0.1594,-0.4654
