Date,revenue,cost-goods-sold,gross-profit,selling-general-administrative-expenses,other-operating-income-expenses,operating-expenses,operating-income,total-non-operating-income-expense,pre-tax-income,total-provision-income-taxes,income-after-taxes,income-from-continuous-operations,net-income,ebitda,ebit,basic-shares-outstanding,shares-outstanding,eps-basic-net-earnings-per-share,eps-earnings-per-share-diluted,current-ratio,long-term-debt-capital,debt-equity-ratio,gross-margin,operating-margin,ebit-margin,pre-tax-profit-margin,net-profit-margin,asset-turnover,inventory-turnover,receiveable-turnover,days-sales-in-receivables,roe,return-on-tangible-equity,roa,roi,book-value-per-share,operating-cash-flow-per-share,free-cash-flow-per-share
2024-06-30,667.76100,355.51000,312.25100,53.24600,-9.58800,207.49500,104.75600,-38.13300,66.62300,13.81800,52.80500,52.80500,52.80500,176.47300,104.75600,198.90300,206.04400,0.27000,0.26000,0.44400,0.43600,0.77850,46.76090,15.68770,15.68770,9.97710,7.90780,0.09370,6.51850,20.01860,4.49580,2.23040,5.50090,0.74120,1.25790,11.89390,0.82,0.132
2024-03-31,596.71700,321.90000,274.81700,48.85300,-15.72200,202.76000,72.05700,-37.22600,34.83100,9.91400,24.91700,24.91700,24.91700,139.96300,72.05700,197.49800,202.75600,0.13000,0.12000,0.42590,0.46320,0.87300,46.05480,12.07560,12.07560,5.83710,4.17570,0.08410,6.05760,19.49670,4.61620,1.08200,2.78360,0.35130,0.58080,11.58430,0.44590,-0.32750
2023-12-31,558.83400,288.25700,270.57710,54.12600,-21.52600,211.90800,58.66900,-34.45800,24.21100,0.52700,23.68400,23.68400,23.68400,124.95800,58.66900,195.67100,204.00500,0.12000,0.11000,0.31320,0.45200,0.85750,48.41810,10.49850,10.49850,4.33240,4.23810,0.07950,5.45910,16.43440,5.47630,1.05070,2.79750,0.33680,0.57580,11.46130,0.6497,-0.178
2023-09-30,585.17700,319.40100,265.77600,51.66800,-34.51600,219.02700,46.74900,-33.01900,13.73000,5.81500,7.91500,7.91500,7.91500,112.31000,46.74900,196.14600,204.29800,0.04000,0.04000,0.29300,0.45030,0.84800,45.41810,7.98890,7.98890,2.34630,1.35260,0.08480,6.57790,18.93470,4.75320,0.35700,0.97820,0.11480,0.19630,11.30010,0.5639,-0.3641
2023-06-30,561.73100,302.60300,259.12800,52.84000,-28.19400,206.72000,52.40810,-31.89100,20.51700,3.51300,17.00400,17.00400,17.00400,112.61310,52.40810,195.47600,204.82100,0.09000,0.08000,0.28660,0.44890,0.84390,46.13030,9.32970,9.32970,3.65250,3.02710,0.08230,6.28490,22.63680,3.97580,0.77270,2.14530,0.24900,0.42580,11.22640,0.6895,-0.1142
2023-03-31,510.85100,274.10900,236.74200,42.49700,-2.12700,169.35800,67.38400,-31.05200,36.33200,8.87200,27.46000,27.46000,27.46000,127.54700,67.38400,194.57200,202.85500,0.14000,0.14000,0.32930,0.45770,0.87440,46.34270,13.19050,13.19050,7.11210,5.37530,0.07580,5.92890,30.44950,2.95570,1.27010,3.64220,0.40770,0.68870,11.08750,0.36650,-0.47550
2022-12-31,472.65510,253.82500,218.83000,38.32600,-12.25000,173.83900,44.99110,-28.63400,16.35700,2.63100,13.72600,13.72600,13.72600,104.16910,44.99100,193.57000,193.57000,0.07000,0.08000,0.28650,0.45950,0.85720,46.29800,9.51880,9.51880,3.46070,2.90400,0.07130,5.55960,33.45280,2.69040,0.64620,1.91260,0.20720,0.34930,10.93450,0.4065,-0.5812
2022-09-30,496.38100,295.25300,201.12800,57.13900,31.35800,145.39400,55.73400,-27.60100,28.13300,3.40100,24.73200,24.73200,24.73200,114.11400,55.73400,193.91800,198.38100,0.13000,0.12000,0.45560,0.45750,0.85040,40.51890,11.22810,11.22810,5.66760,4.98250,0.07520,6.69750,40.41860,2.22670,1.17480,3.54070,0.37460,0.63740,10.85190,0.217,-0.5451
2022-06-30,461.26700,279.55700,181.71000,51.95000,8.21200,160.90000,20.81000,-27.08500,-6.27500,-3.99000,-2.28500,-2.28500,-2.28500,79.95600,20.81000,193.69200,193.69200,-0.01000,-0.01000,0.37970,0.46510,0.88000,39.39370,4.51150,4.51150,-1.36040,-0.49540,0.07100,6.39220,35.20590,2.55640,-0.10990,-0.34000,-0.03520,-0.05880,10.72600,0.3676,-0.3612
2022-03-31,392.25400,239.57300,152.68100,66.56100,17.03500,163.59700,-10.91600,-29.91700,-40.83300,-2.86700,-37.96600,-37.96600,-37.96600,49.13600,-10.91600,192.46500,192.46500,-0.20000,-0.20000,0.34570,0.46480,0.88010,38.92400,-2.78290,-2.78290,-10.40980,-9.67890,0.06190,5.70870,32.20210,2.79480,-1.82790,-5.66610,-0.59950,-0.97820,10.75830,0.04710,-0.52840
2021-12-31,360.52790,218.77600,141.75190,353.64700,-12.99300,480.03000,-338.27810,-47.96900,-386.24700,-81.47700,-304.77000,-304.77000,-294.48200,-278.33010,-338.27810,155.47000,155.47000,-1.72000,-1.72000,0.32370,0.45920,0.86030,39.31790,-93.82850,-93.82850,-107.13370,-81.68080,0.05760,5.33510,36.06360,2.49560,-14.57260,-44.55870,-4.87110,-7.88110,10.83290,-0.0233,-0.7494
2021-09-30,385.04000,231.99600,153.04400,45.30400,-14.79600,170.59000,-17.54600,-39.87700,-57.42300,-11.98100,-45.44200,-45.44200,-45.44200,43.06510,-17.54600,145.19600,145.19600,-0.36000,-0.36000,0.32040,0.63250,1.74450,39.74760,-4.55690,-4.55690,-14.91350,-11.80190,0.06250,5.78360,32.65270,2.75630,-3.78330,87.34790,-0.73800,-1.23270,9.33050,-0.0157,-0.5651
2021-06-30,323.18700,218.71100,104.47600,43.32200,-8.93000,161.59600,-57.12000,-40.16900,-97.28900,-20.93300,-76.35600,-76.35600,-82.36200,3.35600,-57.12000,145.19600,145.19600,-0.57000,-0.57000,,,,32.32680,-17.67400,-17.67400,-30.10300,-25.48430,,,,,,,,,,0.173,-0.3687
2021-03-31,249.29800,174.61500,74.68300,38.27000,-6.93400,156.92700,-82.24400,-96.51000,-178.75400,-25.95300,-152.80100,-152.80100,-157.08300,-18.56500,-82.24400,145.19600,145.19600,-1.08000,-1.08000,,,,29.95730,-32.99020,-32.99020,-71.70290,-63.01010,,,,,,,,,,-0.26280,-0.56120
2020-12-31,,,,,,,,,,,,,,,,,,,0.00000,,,,,,,,,,,,,,,,,,0.3868,1.8598
2020-09-30,231.03000,165.57200,65.45800,32.20400,-15.15200,156.25400,-90.79600,-30.93000,-121.72600,-28.07900,-93.64700,-93.64700,-93.64700,-90.79600,-90.79600,145.19600,145.19600,-0.64000,-0.64000,,,,28.33310,-39.30050,-39.30050,-52.68840,-40.53460,,,,,,,,,,-0.3868,-1.8598
2019-12-31,,,,,,,,,,,,,,,,,,,0.00000,,,,,,,,,,,,,,,,,,0,0
2018-12-31,,,,,,,,,,,,,,,,,,,0.00000,,,,,,,,,,,,,,,,,,0,0
