Date,revenue,cost-goods-sold,gross-profit,research-development-expenses,selling-general-administrative-expenses,operating-expenses,operating-income,total-non-operating-income-expense,pre-tax-income,total-provision-income-taxes,income-after-taxes,income-from-continuous-operations,net-income,ebitda,ebit,basic-shares-outstanding,shares-outstanding,eps-basic-net-earnings-per-share,eps-earnings-per-share-diluted,current-ratio,long-term-debt-capital,debt-equity-ratio,gross-margin,operating-margin,ebit-margin,pre-tax-profit-margin,net-profit-margin,asset-turnover,inventory-turnover,receiveable-turnover,days-sales-in-receivables,roe,return-on-tangible-equity,roa,roi,book-value-per-share,operating-cash-flow-per-share,free-cash-flow-per-share
2023-09-30,17.66800,4.63900,13.02900,4.22000,23.98500,28.20500,-15.17600,0.33500,-14.84100,0.05900,-14.90000,-14.90000,-14.90000,-15.01000,-15.17600,38.12000,38.12000,-0.39000,-0.39000,7.19380,0.22810,0.29620,73.74350,-85.89540,-85.89540,-83.99930,-84.33330,0.09550,0.28760,1.75090,51.40310,-11.84960,-12.07960,-8.05340,-9.14690,3.28300,-0.222,-0.2349
2023-06-30,17.19400,4.46000,12.73400,5.71000,23.46300,29.17300,-16.43900,0.38400,-16.05500,0.14000,-16.19500,-16.19500,-16.19500,-16.25200,-16.43900,37.81800,37.81800,-0.43000,-0.43000,8.42310,0.21710,0.27800,74.06070,-95.60890,-95.60890,-93.37560,-94.18980,0.08900,0.28520,1.92310,46.80060,-12.09020,-12.31310,-8.38630,-9.46530,3.52350,-0.2065,-0.2078
2023-03-31,14.53500,3.94600,10.58900,4.25300,22.73600,26.98900,-16.40000,0.66400,-15.73600,0.12400,-15.86000,-15.86000,-15.86000,-16.15600,-16.40000,37.57200,37.57200,-0.42000,-0.42000,10.61530,0.20530,0.25890,72.85170,-112.83110,-112.83110,-108.26280,-109.11590,0.07220,0.25310,1.77890,50.59440,-11.01890,-11.21020,-7.87990,-8.75730,3.81470,-0.33650,-0.33820
2022-12-31,15.42500,4.24100,11.18400,3.90300,21.90800,25.81100,-14.62700,0.59000,-14.03700,0.24600,-14.28300,-14.28300,-14.28300,-14.37900,-14.62700,37.09700,37.09700,-0.38000,-0.38000,9.13650,0.10060,0.11250,72.50570,-94.82660,-94.82660,-91.00160,-92.59640,0.07960,0.29120,1.77770,50.62760,-9.27430,-9.42650,-7.37470,-8.34090,4.10070,-0.2667,-0.2715
2022-09-30,13.50200,3.35000,10.15200,4.36600,19.71700,24.08300,-13.93100,-0.24100,-14.17200,,-14.17200,-14.17200,-14.17200,-13.60900,-13.93100,37.19000,37.19000,-0.38000,-0.38000,8.44370,0.07020,0.07550,75.18890,-103.17730,-103.17730,-104.96220,-104.96220,0.06680,0.21520,1.86980,48.13290,-8.66880,-8.80450,-7.00880,-8.06040,4.37020,-0.2841,-0.2914
2022-06-30,13.95000,3.53200,10.41800,3.59400,21.23500,24.82900,-14.41100,-0.18900,-14.60000,0.04000,-14.64000,-14.64000,-14.64000,-14.02300,-14.41100,37.00300,37.00300,-0.40000,-0.40000,9.42880,0.07750,0.08400,74.68100,-103.30470,-103.30470,-104.65950,-104.94620,0.06560,0.18380,1.85480,48.52260,-8.50260,-8.63040,-6.88200,-7.84390,4.62040,-0.2562,-0.2643
2022-03-31,10.78500,2.67400,8.11100,3.53400,20.24500,23.77900,-15.66800,-0.09300,-15.76100,0.06700,-15.82800,-15.82800,-15.82800,-15.26100,-15.66800,36.80500,36.80500,-0.43000,-0.43000,11.33080,0.08370,0.09130,75.20630,-145.27580,-145.27580,-146.13820,-146.75940,0.04840,0.14610,1.58370,56.82890,-8.68980,-8.81460,-7.10260,-7.96280,4.90980,-0.40830,-0.42360
2021-12-31,13.70800,3.45700,10.25100,3.70800,18.90900,22.61700,-12.36600,-0.48800,-12.85400,0.15200,-13.00600,-13.00600,-13.00600,-11.95300,-12.36600,36.12900,36.12900,-0.36000,-0.36000,11.85200,0.08230,0.08970,74.78120,-90.21010,-90.21010,-93.77010,-94.87890,0.05830,0.21230,2.08900,43.08290,-6.73050,-6.82270,-5.53040,-6.17680,5.23230,-0.304,-0.3363
2021-09-30,13.26100,3.52200,9.73900,2.81500,16.68600,19.50100,-9.76200,-0.37500,-10.13700,0.04400,-10.18100,-10.18100,-10.18100,-9.51000,-9.76200,36.44900,36.44900,-0.28000,-0.28000,10.24640,0.06260,0.08310,73.44090,-73.61440,-73.61440,-76.44220,-76.77400,0.05370,0.23500,1.91660,46.95800,-5.01950,-5.08570,-4.12490,-4.70530,5.50860,-0.2212,-0.2654
2021-06-30,12.20300,3.17400,9.02900,3.50600,18.20500,21.71100,-12.68200,-0.20000,-12.88200,0.08000,-12.96200,-12.96200,-12.96200,-12.49900,-12.68200,36.04300,36.04300,-0.36000,-0.36000,14.27690,0.06640,0.08020,73.99000,-103.92530,-103.92530,-105.56420,-106.21980,0.04900,0.23680,1.77270,50.77110,-6.17470,-6.25430,-5.20690,-5.76450,5.73850,-0.347,-0.3652
2021-03-31,9.24400,2.63300,6.61100,3.03400,16.07100,19.10500,-12.49400,0.04900,-12.44500,0.06700,-12.51200,-12.51200,-12.51200,-12.31000,-12.49400,35.37100,35.37100,-0.35000,-0.35000,17.06800,0.07010,0.07760,71.51670,-135.15790,-135.15790,-134.62790,-135.35270,0.03620,0.22100,1.80580,49.83880,-5.77610,-5.84910,-4.90150,-5.37120,6.05000,-0.27340,-0.28030
2020-12-31,9.83000,2.75200,7.07800,2.47200,13.96000,16.43200,-9.35400,0.07800,-9.27600,0.02100,-9.29700,-9.29700,-9.29700,-9.15900,-9.35400,10.18500,10.18500,8.12000,8.12000,19.95760,0.06920,0.07430,72.00410,-95.15770,-95.15770,-94.36420,-94.57780,0.03730,0.25620,2.32500,38.71010,-4.11130,-4.16160,-3.52550,-3.82690,6.33540,5.2946,5.2827
2020-09-30,10.61200,3.15000,7.46200,1.99700,10.81300,12.81000,-5.34800,1.53700,-3.81100,0.04900,-3.86000,-3.86000,-3.86000,-4.74100,-5.34800,2.81500,2.81500,-1.37000,-1.37000,3.66560,-0.29010,-0.22480,70.31660,-50.39580,-50.39580,-35.91220,-36.37390,0.14900,0.33910,2.01750,44.60990,1.86570,1.84110,-5.41800,2.40690,-54.41580,0.7633,0.7592
2020-06-30,3.67300,2.66100,1.01200,1.42600,11.11200,12.53800,-11.52600,-0.32900,-11.85500,0.05600,-11.91100,-11.91100,-11.91100,-11.20600,-11.52600,1.93500,1.93500,-6.15000,-6.15000,,,,27.55240,-313.80340,-313.80340,-322.76070,-324.28530,,,,,,,,,,-3.9009,-3.9319
2020-03-31,8.61800,2.96800,5.65000,1.56500,10.18900,11.75400,-6.10400,-0.97200,-7.07600,0.08700,-7.16300,-7.16300,-7.16300,-5.81000,-6.10400,1.90700,1.90700,-3.76000,-3.76000,,,,65.56050,-70.82850,-70.82850,-82.10720,-83.11670,,,,,,,,,,-5.16470,-5.20710
2019-12-31,,,,,,,,,,,,,,,,,,,0.00000,,,,,,,,,,,,,,,,,,9.6078,9.885
2019-09-30,9.10400,2.69700,6.40700,1.39900,8.62100,10.02000,-3.61300,-0.63300,-4.24600,0.08900,-4.33500,-4.33500,-4.33500,-3.61300,-3.61300,1.80000,1.80000,-2.41000,-2.41000,,,,70.37570,-39.68590,-39.68590,-46.63880,-47.61640,,,,,,,,,,-9.6078,-9.885
2018-12-31,,,,,,,,,,,,,,,,,,,0.00000,,,,,,,,,,,,,,,,,,0,0
