Date,revenue,gross-profit,research-development-expenses,selling-general-administrative-expenses,other-operating-income-expenses,operating-income,total-non-operating-income-expense,pre-tax-income,total-provision-income-taxes,income-after-taxes,income-from-continuous-operations,net-income,ebitda,ebit,basic-shares-outstanding,shares-outstanding,eps-basic-net-earnings-per-share,eps-earnings-per-share-diluted,current-ratio,gross-margin,operating-margin,ebit-margin,pre-tax-profit-margin,net-profit-margin,asset-turnover,receiveable-turnover,days-sales-in-receivables,roe,return-on-tangible-equity,roa,roi,book-value-per-share,operating-cash-flow-per-share,free-cash-flow-per-share
2024-03-31,0.53200,0.53200,18.23800,5.81800,,-23.52400,1.08600,-22.43800,0.01400,-22.45200,-22.45200,-22.45200,-24.32100,-23.52400,64.01100,64.01100,-0.35000,-0.35000,4.77690,100.00000,-4421.80400,-4421.80400,-4217.66900,-4220.30100,0.00380,,,-28.96880,-28.96880,-15.86410,-28.96880,1.27130,-0.35080,-0.38440
2023-12-31,0.14600,0.14600,12.26600,4.35700,,-16.47700,1.33800,-15.13900,0.01700,-15.15600,-15.15600,-15.15600,-17.48000,-16.47700,49.80400,49.80400,-0.19000,-0.19000,5.34880,100.00000,-11285.62000,-11285.63000,-10369.18000,-10380.83000,0.00100,,,-16.94920,-16.94920,-10.62830,-16.94920,1.56290,-0.4942,-0.5107
2023-09-30,0.54400,0.54400,12.36800,5.00300,,-16.82700,1.19200,-15.63500,0.01600,-15.65100,-15.65100,-15.65100,-17.95100,-16.82700,56.95400,56.95400,-0.27000,-0.27000,5.45460,100.00000,-3093.19800,-3093.19800,-2874.08100,-2877.02200,0.00450,,,-18.57930,-18.57930,-12.98030,-18.57930,1.70020,-0.087,-0.0888
2023-06-30,0.45800,0.45800,10.79900,4.57000,-1.59200,-16.50300,0.89700,-15.60600,0.01200,-15.61800,-15.61800,-15.61800,-17.15200,-16.50300,43.67600,43.67600,-0.36000,-0.36000,8.38020,100.00000,-3603.27400,-3603.27400,-3407.42300,-3410.04400,0.00360,,,-15.84350,-15.84350,-12.42730,-15.84350,1.98960,-0.2596,-0.2611
2023-03-31,0.41000,0.41000,12.59600,5.12700,,-17.31300,1.07200,-16.24100,0.01400,-16.25500,-16.25500,-16.25500,-17.75500,-17.31300,36.83300,36.83300,-0.44000,-0.44000,5.99120,100.00000,-4222.68300,-4222.68300,-3961.21900,-3964.63400,0.00440,,,-24.59490,-24.59490,-17.31690,-24.59490,2.07590,-0.43030,-0.43150
2022-12-31,0.01100,0.01100,9.45100,4.39900,,-15.15500,0.93300,-14.22200,,-14.23500,-14.23500,-14.23500,-15.42500,-15.15500,30.23600,30.23600,-0.09000,-0.09000,6.96810,100.00000,-137771.50000,-137771.50000,-129289.80000,-129407.90000,0.00010,,,-17.62760,-17.62760,-12.94470,-17.62760,2.53720,-0.5871,-0.5888
2022-09-30,0.35900,0.35900,10.04800,5.13700,,-14.82600,0.06000,-14.76600,,-14.76600,-14.76600,-14.76600,-14.54700,-14.82600,36.82600,36.82600,-0.40000,-0.40000,8.24920,100.00000,-4129.80500,-4129.80500,-4113.09200,-4113.09200,0.00300,,,-15.83960,-15.83960,-12.36030,-15.83960,2.92900,-0.2476,-0.2481
2022-06-30,0.52500,0.52500,10.79300,4.13200,,-14.40000,0.03400,-14.36600,,-14.36600,-14.36600,-14.36600,-14.11400,-14.40000,33.94600,33.94600,-0.42000,-0.42000,11.53780,100.00000,-2742.85700,-2742.85700,-2736.38100,-2736.38100,0.00400,,,-13.52110,-13.52110,-11.04780,-13.52110,3.33840,0.3149,0.3189
2022-03-31,0.46800,0.46800,8.50500,3.88800,,-11.92500,0.01400,-11.91100,,-11.91100,-11.91100,-11.91100,-11.64500,-11.92500,13.00900,13.00900,-0.92000,-0.92000,1.84630,100.00000,-2548.07700,-2548.07700,-2545.08500,-2545.08500,0.00990,0.09360,961.53850,-51.21470,-51.21470,-25.15790,-51.21470,1.78760,-0.91510,-0.92230
2021-12-31,0.27100,0.27100,10.34200,3.56700,,-13.63800,0.02100,-13.61700,,-13.61700,-13.61700,-13.61700,-13.36000,-13.63800,12.98600,12.98600,-1.05000,-1.05000,2.62620,100.00000,-5032.47200,-5032.47200,-5024.72400,-5024.72400,0.00490,,,-39.68120,-39.68120,-24.81820,-39.68120,2.63830,-0.8713,-0.955
2021-09-30,0.01400,0.01400,7.07700,4.01800,,-11.08100,0.02600,-11.05500,,-11.05500,-11.05500,-11.05500,-10.73100,-11.08100,13.00200,13.00200,-0.85000,-0.85000,3.42580,100.00000,-79150.00000,-79150.00000,-78964.29000,-78964.29000,0.00020,,,-23.42760,-23.42760,-16.31450,-23.42760,3.62850,-0.793,-0.8326
2021-06-30,,,7.50500,3.56000,,-11.06500,0.02600,-11.03900,,-11.03900,-11.03900,-11.03900,-10.76200,-11.06500,12.99200,12.99200,-0.85000,-0.85000,11.86870,,,,,,,,,-19.19860,-19.19860,-14.46180,-19.19860,4.42270,0.2623,0.2145
2021-03-31,,,4.77000,3.06100,,-7.83100,0.02900,-7.80200,,-7.80200,-7.80200,-7.80200,-7.76100,-7.83100,12.94600,12.94600,-0.60000,-0.60000,16.15130,,,,,,,,,-11.54980,-11.54980,-10.69980,-11.54980,5.21110,-0.58630,-0.67590
2020-12-31,,,3.74300,3.31000,,-7.05300,0.03200,-7.02100,,-7.02100,-7.02100,-7.02100,-7.01200,-7.05300,8.59000,8.59000,17.16000,17.16000,15.54400,,,,,,,,,-9.42520,-9.42520,-8.68610,-9.42520,5.76030,-1.2796,-1.434
2020-09-30,,,3.71200,2.65100,,-6.36300,0.02900,-6.33400,,-6.33400,-6.33400,-6.33400,-6.33000,-6.36300,12.92500,12.92500,-0.49000,-0.49000,17.74750,,,,,,,,,-7.82810,-7.82810,-7.25290,-7.82810,6.26030,0.2229,0.1811
2020-06-30,,,2.10300,2.44200,,-4.54500,0.00500,-4.54000,,-4.54000,-4.54000,-4.54000,-4.53200,-4.54500,8.18300,8.18300,-0.56000,-0.56000,22.65600,,,,,,,,,-5.22900,-5.22900,-4.89630,-5.22900,6.71740,15.9849,16.0091
2020-03-31,,,2.96400,1.28400,,-4.24800,0.01600,-4.23200,,-4.23200,-4.23200,-4.23200,-4.24000,-4.24800,0.23100,0.23100,-18.70000,-18.70000,6.89030,,,,,,,,,3.33800,-12.66460,-10.38120,-12.66460,144.65800,-17.38960,-17.42420
2019-12-31,,,3.01100,1.37700,,-4.38800,0.03500,-4.35300,0.00000,-4.35300,-4.35300,-4.35300,-4.38100,-4.38800,0.20200,0.20200,-18.45000,-18.45000,1.94300,,,,,,,,,3.52930,-59.40230,-29.09180,-59.40230,31.72290,-23.5823,-24.0341
2019-09-30,,,2.84100,1.38500,,-4.22600,0.06300,-4.16300,,-4.16300,-4.16300,-4.16300,-4.22000,-4.22600,0.22100,0.22100,-19.20000,-19.20000,,,,,,,,,,,,,,,-12.2003,-12.1426
2019-06-30,,,3.41600,0.86500,,-4.28100,0.08000,-4.20100,,-4.20100,-4.20100,-4.20100,-4.27500,-4.28100,0.18600,0.18600,-23.04000,-23.04000,,,,,,,,,,,,,,,-14.63,-14.9746
2019-03-31,,,2.76400,0.86000,,-3.62400,0.03500,-3.58900,,-3.58900,-3.58900,-3.58900,-3.61600,-3.62400,0.17000,0.17000,-21.54000,-21.54000,,,,,,,,,,,,,,,-17.67650,-17.98240
