Date,revenue,cost-goods-sold,gross-profit,research-development-expenses,selling-general-administrative-expenses,other-operating-income-expenses,operating-expenses,operating-income,total-non-operating-income-expense,pre-tax-income,total-provision-income-taxes,income-after-taxes,income-from-continuous-operations,income-from-discontinued-operations,net-income,ebitda,ebit,basic-shares-outstanding,shares-outstanding,eps-basic-net-earnings-per-share,eps-earnings-per-share-diluted,current-ratio,long-term-debt-capital,debt-equity-ratio,gross-margin,operating-margin,ebit-margin,pre-tax-profit-margin,net-profit-margin,asset-turnover,receiveable-turnover,days-sales-in-receivables,roe,return-on-tangible-equity,roa,roi,book-value-per-share,operating-cash-flow-per-share,free-cash-flow-per-share
2024-03-31,165.19800,168.20600,-3.00800,2.46600,73.31100,451.45800,-372.71200,369.70400,5.52000,375.22400,38.05100,337.17300,337.17300,,337.17300,451.09700,369.70400,259.09900,267.91200,1.30000,1.26000,23.06670,0.11630,0.13170,-1.82080,223.79450,223.79450,227.13590,204.10240,0.05590,19.74160,4.55890,13.61270,13.90760,11.40260,12.02910,9.20970,-0.32970,-0.36370
2023-12-31,156.76800,146.06800,10.70000,,39.46300,159.26000,-120.00600,130.70600,-17.16100,113.54500,16.07500,97.47000,97.47000,,97.47000,202.05100,130.70600,183.85600,192.29300,0.43000,0.12000,30.50550,0.16770,0.20150,6.82540,83.37540,83.37540,72.42870,62.17470,0.07870,,,6.03190,6.03190,4.89560,5.02020,6.65460,-0.4569,-0.4643
2023-09-30,97.84900,113.17600,-15.32700,,20.14100,19.83500,0.30600,-15.63300,79.84300,64.21000,0.07300,64.13700,64.13700,,64.13700,38.75300,-15.63300,179.60300,189.50600,0.36000,0.35000,11.33380,0.24180,0.31890,-15.66390,-15.97670,-15.97670,65.62150,65.54690,0.07070,82.01930,1.09730,6.28820,6.28820,4.63490,4.76780,4.85260,-0.3366,-1.0106
2023-06-30,81.75900,92.49700,-10.73800,,20.49100,14.99100,5.50000,-16.23800,-2.69200,-18.93000,0.20300,-19.13300,-19.13300,,-21.25400,22.00800,-16.23800,168.47500,168.47500,-0.13000,-0.13000,14.90760,0.55260,1.23500,-13.13370,-19.86080,-19.86080,-23.15340,-25.99590,0.05950,107.71940,0.83550,-3.21840,-3.21840,-1.39330,-1.44000,3.41250,-0.3068,0.3332
2023-03-31,51.13200,51.11000,0.02200,0.20900,15.13500,137.39800,-122.05400,122.07600,-3.30200,118.77400,0.07500,118.69900,118.69900,,118.69900,140.78000,122.07600,159.18600,168.99900,0.75000,0.72000,16.21850,0.57320,1.34330,0.04300,238.74680,238.74680,232.28900,232.14230,0.03920,297.27910,0.30270,21.74500,21.74500,9.10320,9.27970,3.26360,-0.54120,-0.64340
2022-12-31,28.41700,43.56100,-15.14400,,18.61100,-383.06610,401.67700,-416.82100,-4.00400,-420.82500,-24.74200,-396.08300,-396.08300,,-396.08300,-402.00500,-416.82100,113.46800,113.46800,-3.44000,-3.44000,10.62790,0.66960,2.02670,-53.29210,-1466.80200,-1466.80200,-1480.89200,-1393.82400,0.02380,1578.72200,0.05700,-102.62790,-102.62790,-33.13830,-33.90800,2.65130,-0.8367,-0.9789
2022-09-30,12.69000,40.06800,-27.37800,,12.14400,-4.50300,16.64700,-44.02500,-34.52700,-78.55200,-6.09000,-72.46200,-72.46200,,-72.46200,-9.46800,-44.02500,116.53400,116.53400,-0.62000,-0.62000,5.27230,0.55550,1.24970,-215.74470,-346.92670,-346.92670,-619.00710,-571.01650,0.00860,12.69000,7.09220,-11.59200,-11.59200,-4.91010,-5.15270,5.35140,-0.3451,0.3353
2022-06-30,24.92300,41.39600,-16.47300,,10.46900,-171.20900,181.67800,-198.15100,-3.61300,-201.76400,10.86200,-212.62600,-212.62600,,-212.62600,-161.59900,-198.15100,109.43700,109.43700,-1.94000,-1.94000,4.01790,0.52550,1.16060,-66.09560,-795.05280,-795.05280,-809.54940,-853.13170,0.01650,0.83080,108.33370,-32.24300,-32.24300,-14.08510,-15.29910,5.79150,-0.1207,0.6141
2022-03-31,51.72300,26.39900,25.32400,,15.51500,-23.43600,39.87000,-14.54600,-2.56700,-17.11300,-4.26200,-12.85100,-12.85100,,-12.85100,4.96400,-14.54600,103.10300,103.10300,-0.12000,-0.12000,39.99900,0.48510,0.94220,48.96080,-28.12290,-28.12290,-33.08590,-24.84580,0.03360,1.48970,60.41450,-1.66010,-1.66010,-0.83550,-0.85470,7.29940,-0.25280,-0.31610
2021-12-31,68.98080,22.73270,46.24810,,15.14940,145.69140,-130.54200,176.79020,-133.92980,42.86040,24.97290,17.88740,17.88740,,17.88740,183.67840,176.79020,99.33800,99.33800,0.13000,0.14000,60.82100,0.51640,1.06790,67.04490,256.28880,256.28880,62.13370,25.93100,0.04780,2.56120,35.13980,2.62240,2.62600,1.23850,1.26820,6.63950,0.2491,-2.2027
2021-09-30,51.70750,10.26300,41.44450,,99.23600,35.35500,63.88100,-22.43650,0.26100,-22.17550,-0.00290,-22.17260,-22.17260,,-22.17260,-19.21830,-22.43650,100.80400,100.80400,-0.22000,-0.22000,141.31900,,,80.15180,-43.39120,-43.39120,-42.88650,-42.88080,0.07780,,,-3.35740,-3.36220,-3.33750,-3.35740,6.44260,-0.3721,-0.0079
2021-06-30,29.32190,6.99380,22.32800,,6.83100,-125.78330,132.61430,-110.28630,1.39970,-108.88660,-0.00200,-108.88460,-108.88460,,-108.88460,-106.80420,-110.28630,99.46700,99.46700,-1.09000,-1.09000,146.99970,,,76.14810,-376.12310,-376.12310,-371.34960,-371.34280,0.05020,,,-18.75640,-18.78770,-18.64900,-18.75640,5.82650,-0.0359,-0.4406
2021-03-31,9.15280,2.40640,6.74640,,53.13960,-0.66220,53.80180,-47.05540,130.41220,83.35670,,83.35670,83.35670,,83.35670,-45.73990,-47.05540,94.35000,96.25100,0.88000,0.87000,219.24840,0.00010,0.00010,73.70850,-514.10860,-514.10860,910.72250,910.72250,0.01330,,,12.19160,12.20920,12.13900,12.19050,6.88060,-0.03200,-0.29650
2020-12-31,2.64320,3.38520,-0.74210,,3.34270,,4.19870,-4.94080,-0.29170,-5.23250,,-5.23450,-5.23450,,-5.23450,-3.80040,-4.94080,81.40800,81.40800,0.18000,0.18000,198.37520,0.00020,0.00020,-28.07470,-186.92600,-186.92600,-197.96150,-198.03720,0.00840,0.03540,2545.82800,-1.67910,-1.68450,-1.67100,-1.67870,3.80290,0.0139,-0.1046
2020-09-30,0.83520,1.63600,-0.80090,,1.19330,,1.19340,-1.99420,-0.00020,-1.99440,,-1.99440,-1.99440,,-1.99440,-1.16850,-1.99420,31.52100,31.52100,-0.06000,-0.06000,27.84530,0.00170,0.00170,-95.89050,-238.77340,-238.77340,-238.79970,-238.79970,0.02230,,,-5.49620,-5.65520,-5.31440,-5.48680,0.93130,0.0189,-0.0805
2020-06-30,0.28620,0.74050,-0.45430,,1.33690,,1.33690,-1.79120,-0.37000,-2.16120,,-2.16120,-2.16120,,-2.16120,-1.24590,-1.79120,16.29200,16.29200,-0.13000,-0.13000,6.26590,0.00640,0.00650,-158.76450,-625.95290,-625.95290,-755.23780,-755.23780,0.02670,,,-22.37670,-25.07120,-20.16630,-22.23290,0.39380,-0.0044,-0.0044
2020-03-31,0.59250,1.15320,-0.56080,,0.53100,,0.53110,-1.09180,0.03390,-1.05790,,-1.05790,-1.05790,,-1.05790,-0.53910,-1.09180,8.65500,8.65500,-0.12000,-0.12000,1.07070,0.23970,0.31520,-94.64410,-184.27440,-184.27440,-178.55780,-178.55780,0.10450,5.02910,17.89570,-33.37620,-50.04570,-18.66460,-25.37720,0.34410,-0.12390,-0.12390
2019-12-31,0.27710,0.99610,-0.71910,,0.53890,,0.98670,-1.70570,0.54030,-1.16540,,-1.16540,-1.16540,,-1.15190,-1.16150,-1.70570,6.66400,6.66400,-0.16000,-0.16000,0.80650,0.21500,0.27390,-259.55060,-615.67700,-615.67720,-420.65540,-415.77610,0.04190,,,-31.95010,-45.27550,-17.60490,-25.08050,0.43120,-0.1525,-0.2967
2019-09-30,0.32170,0.47880,-0.15710,,0.65080,,0.65080,-0.80790,0.05350,-0.75440,0.00000,-0.75440,-0.75440,,-0.75440,-0.62940,-0.80790,6.37200,6.37200,-0.12000,-0.12000,0.38360,,0.28630,-48.83030,-251.10940,-251.10940,-234.49470,-234.49470,0.04190,,,-21.62030,-31.46020,-9.82300,-21.62030,0.45300,-0.1141,0.0293
2019-06-30,0.35580,0.49860,-0.14280,,0.59780,,0.59780,-0.74060,0.18820,-0.55240,0.00000,-0.55240,-0.55240,,-0.56590,-0.56300,-0.74060,6.35000,6.35000,-0.09000,-0.09000,0.85500,,0.58000,-40.14530,-208.17030,-208.17030,-155.26040,-159.06000,0.08590,,,-32.06540,-90.04340,-13.33330,-32.06550,0.26980,-0.1034,-0.1034
2019-03-31,0.23070,0.50860,-0.27790,,0.70700,,0.70700,-0.98490,-0.06000,-1.04490,,-1.04490,-1.04490,,-1.04490,-0.80800,-0.98490,6.33800,6.33800,-0.16000,-0.16000,0.98030,,0.46290,-120.48250,-426.93310,-426.93310,-452.92120,-452.92120,0.04950,,,-48.41360,-101.32180,-22.41170,-48.41380,0.33800,-0.12800,-0.12800
2018-12-31,0.29520,1.01980,-0.72460,,1.46800,-2.22270,3.69070,-4.41530,0.09000,-4.32530,,-4.39440,-4.39440,,-4.39440,-3.79890,-4.41530,5.31600,5.31600,-0.63000,-0.63000,1.32610,,0.34210,-245.44110,-1495.52700,-1495.52700,-1465.04500,-1488.46300,0.05680,,,-150.44790,-247.41590,-84.59710,-150.44820,0.45780,-0.352,-0.4761
2018-09-30,0.33870,1.13260,-0.79390,,0.70110,,0.70110,-1.49500,0.15460,-1.34050,,-1.34050,-1.34050,,-1.34050,-0.87820,-1.49500,6.08000,6.08000,-0.22000,-0.22000,2.60540,0.13530,0.15650,-234.41500,-441.44220,-441.44220,-395.79800,-395.79800,0.03820,3.31710,27.13190,-20.99050,-25.66220,-15.13030,-18.15080,1.00090,-0.079,0.106
2018-06-30,0.68850,0.93160,-0.24310,,1.22580,-2.85000,4.07590,-4.31900,-0.35770,-4.67660,,-4.67660,-4.67660,,-4.67660,-3.38130,-4.31900,5.01000,5.01000,-0.93000,-0.93000,1.65190,,0.13000,-35.31260,-627.29980,-627.29980,-679.24930,-679.24930,0.06360,,,-60.83490,-71.87000,-43.17850,-60.83500,1.30420,-0.1597,0.3156
2018-03-31,0.24000,0.26770,-0.02770,,1.81930,,1.81930,-1.84710,-0.55580,-2.40280,,-2.40280,-2.40280,,-2.40280,0.34180,-1.84710,3.80600,3.80600,-0.63000,-0.63000,1.41550,,0.19150,-11.56080,-769.71620,-769.71620,-1001.31300,-1001.31300,0.01940,,,-28.51600,-33.24280,-19.38300,-28.51600,1.74380,-0.95910,-2.48320
2017-12-31,-0.09000,1.93020,-2.02020,,2.33080,,2.50790,-4.52810,-14.57860,-19.10670,-0.13340,-18.97340,-18.97340,,-18.84860,1.07760,-4.52810,1.63080,1.63080,-10.36000,-10.36000,1.96190,,0.23880,2243.96800,5029.67000,5029.67100,21223.12000,20936.43000,-0.00600,-13.18900,-6.82390,-256.80880,-256.80900,-126.00000,-256.80900,2.36840,2.8171,2.8164
2017-09-30,0.16270,0.06480,0.09790,,2.83420,,4.01490,-3.91700,-2.46830,-6.38530,0.01220,-6.39750,-6.39750,,-6.67750,-2.75460,-3.91700,1.56750,1.56750,-4.24000,-4.24000,0.22930,,-1.68760,60.15320,-2407.29300,-2407.29300,-3924.26800,-4103.84300,0.01280,1.31610,68.38240,69.28790,37.51810,-50.40690,69.28850,-4.74950,-4.4005,-4.4017
2017-06-30,0.36880,1.02410,-0.65530,,1.63350,,2.27340,-2.92870,0.66050,-2.26820,0.01720,-2.28540,-2.28540,,-2.20080,-2.28830,-2.92870,1.41050,1.41050,-1.56000,-1.56000,0.20960,25.51210,-1.54960,-177.67840,-794.11930,-794.11930,-615.02170,-596.74400,0.02620,3.17010,28.39000,20.68450,10.09830,-16.20820,-507.02510,-7.60130,-1.1255,-1.1266
2017-03-31,0.07810,0.45180,-0.37360,,1.73010,,2.43600,-2.80970,-0.86760,-3.67730,,-3.67730,-3.67730,,-3.60660,-2.10330,-2.80970,1.19130,1.19130,-3.04000,-3.04000,0.17870,10.94610,-1.41860,-478.16650,-3595.84800,-3595.84800,-4706.19800,-4615.79800,0.00560,0.75570,119.09500,31.90230,15.69200,-26.47170,-317.30480,-9.55480,-3.91900,-3.92080
2016-12-31,0.17670,7.31540,-7.13860,,3.13020,,6.79890,-13.93760,-1.05310,-14.99560,11.54380,-26.53940,-26.53940,,-26.40350,-2.81540,-13.93760,0.94850,0.94850,-27.84000,-27.20000,0.26990,-1.01170,-1.92010,-4039.41000,-7886.61500,-7886.61400,-8485.30700,-14940.46000,0.00970,1.85890,48.41550,285.76450,121.60310,-145.11580,574.86430,-8.00960,-1.1987,-1.1986
2016-09-30,0.04310,1.09440,-1.05130,,2.12630,,9.68850,-10.73980,1.09330,-9.64650,-3.34790,-6.29860,-6.29860,,-6.27440,-3.17650,-10.73980,0.94050,0.94050,-6.68000,-6.68000,0.14510,0.34280,1.42170,-2438.39400,-24910.80000,-24910.80000,-22374.96000,-14553.41000,0.00110,0.52660,170.89620,-50.89100,54.02780,-16.27370,-33.44370,13.16060,-1.175,-1.1776
2016-06-30,34.34980,15.46780,18.88200,,2.20710,,4.87220,14.00980,-0.76620,13.24850,5.34600,7.90260,7.90260,,7.90630,16.67600,14.00980,0.93720,1.00200,8.48000,7.84000,0.65930,0.33420,0.99080,54.96980,40.78570,40.78570,38.56950,23.01700,0.73190,267.65280,0.33630,43.93410,-79.38250,16.83710,29.25230,19.12660,12.9776,12.9713
2016-03-31,2.05970,2.64000,-0.58030,,1.93660,,4.33570,-4.91600,-1.00240,-5.91850,-2.02500,-3.89340,-3.89340,,-3.89340,-2.51530,-4.91600,0.93540,0.93540,-4.16000,-4.16000,0.15570,0.52260,2.28150,-28.17430,-238.67930,-238.67930,-287.34910,-189.03040,0.04510,13.45210,6.69040,-40.61080,21.36090,-8.53400,-19.38850,10.24880,0.12100,0.12100
2015-12-31,7.10690,4.41340,2.69360,,3.08200,,10.42230,-7.72880,1.96550,-5.76140,-1.85630,-3.90510,-3.90510,,-3.90510,-0.38650,-7.72880,0.88810,0.88810,-4.32000,-4.32000,0.28190,0.49090,1.78350,37.90050,-108.75000,-108.75000,-81.06740,-54.94800,0.15050,51.93540,1.73290,-30.80800,22.61910,-8.26870,-15.68350,13.64180,-0.083,-0.1236
2015-09-30,6.40800,4.00200,2.40600,,2.60710,,5.49140,-3.08540,-1.14890,-4.23430,-0.48380,-3.75050,-3.75050,,-3.75050,-0.19920,-3.08540,0.89850,0.89850,-4.16000,-4.16000,0.26630,0.46960,2.12250,37.54620,-48.14930,-48.14930,-66.07810,-58.52790,0.09620,2.75410,32.67860,-23.93270,11.48490,-5.63280,-12.69290,17.23210,3.1399,3.1384
2015-06-30,1.36900,3.86020,-2.49120,,2.28000,,6.07550,-8.56680,0.73840,-7.83020,-3.32750,-4.50270,-4.50270,,-4.50270,-4.76940,-8.56680,0.87490,0.87490,-5.12000,-5.12000,0.17420,0.46660,1.85000,-181.97590,-625.77390,-625.77390,-571.97080,-328.90740,0.02090,1.94440,46.28640,-25.24020,13.51580,-6.86510,-13.46190,20.40110,-5.0704,-5.0511
2015-03-31,4.09390,4.32820,-0.23430,,3.46670,,6.06510,-6.29950,-0.97090,-7.27040,-2.48880,-4.78160,-4.78160,,-4.78160,-3.69910,-6.29950,0.86680,0.86680,-5.44000,-5.44000,0.79000,0.45090,1.19960,-5.72310,-153.87570,-153.87570,-177.59270,-116.79830,0.06400,5.36500,16.77540,-22.45480,20.50700,-7.47900,-12.32980,24.35200,-1.32100,-1.36390
2014-12-31,1.34450,3.33850,-1.99400,,3.02140,,5.67700,-7.67100,-0.56570,-8.23670,-3.43180,-4.80490,-4.80490,,-4.80490,-5.37550,-7.67100,0.72880,0.72880,-6.56000,-5.12000,0.35010,0.18220,0.90560,-148.30770,-570.55080,-570.55090,-612.62330,-357.37320,0.02210,6.19590,14.52570,-19.81300,20.01580,-7.90470,-16.20220,28.13730,2.8729,2.8252
2014-09-30,13.45550,5.58450,7.87090,,2.18430,,5.80910,2.06190,-0.02070,2.04120,-1.48140,3.52260,3.52260,,3.52260,6.04390,2.06190,0.71880,0.99790,4.96000,3.52000,1.14380,,0.21510,58.49610,15.32370,15.32370,15.17000,26.17970,0.25150,1.28030,70.29850,12.50070,-50.74530,6.58550,12.50060,38.87490,-0.245,-0.2699
2014-06-30,3.82450,1.75380,2.07070,,1.44770,,2.38640,-0.31570,-0.00250,-0.31830,0.00000,-0.31830,-0.31830,,-1.58970,0.62440,-0.31570,0.68860,0.68860,-2.24000,-2.24000,1.16040,,0.22230,54.14220,-8.25540,-8.25540,-8.32140,-41.56730,0.13190,50.99330,1.76490,-1.39760,-31.48950,-1.09720,-1.39760,32.44980,0.8612,0.8612
2014-03-31,2.78000,1.11060,1.66940,,1.49760,,1.95120,-0.28180,0.00020,-0.28160,,-0.28160,-0.28160,,-0.28160,0.17320,-0.28180,0.68620,0.68620,-0.48000,-0.48000,3.58660,,,60.05110,-10.13790,-10.13790,-10.12970,-10.12970,0.19660,9.92860,9.06470,-2.27340,-6.20470,-1.99200,-2.27340,18.05040,2.62370,2.62370
2013-12-31,1.18290,0.26940,0.91350,,1.85220,,2.01250,-1.09900,0.00080,-1.09900,,-1.09900,-1.09900,0.00000,-1.09900,-1.04130,-1.09900,0.57550,0.57550,-1.60000,-1.60000,6.14540,,,77.22510,-92.91170,-92.91170,-92.90620,-92.90620,0.09130,4.38110,20.54290,-9.03050,-28.41600,-8.48290,-9.03050,17.73510,-1.1906,-0.9866
2013-09-30,0.71050,0.40300,0.30750,,0.96440,,1.34940,-1.04190,-0.03860,-1.08050,,-1.08050,-1.08050,0.14520,-0.93530,-0.54580,-1.04190,0.65350,0.65350,-1.44000,-1.44000,16.17410,,,43.27760,-146.64870,-146.64870,-152.07980,-131.64250,0.05970,2.15300,41.80160,-9.40570,-17.63690,-9.08680,-9.40570,17.21690,-0.1441,-0.5116
2013-06-30,1.52500,0.28460,1.24040,,1.58480,,2.06050,-0.82010,-0.00060,-0.82000,,-0.82000,-0.82000,0.00950,-0.81050,-0.34990,-0.82010,0.53110,0.53110,-1.52000,-1.52000,16.74810,,,81.33580,-53.77730,-53.77730,-53.76940,-53.14820,0.12980,6.09990,14.75430,-7.23350,-12.27720,-6.97920,-7.24020,17.53140,-0.7732,-0.6543
2013-03-31,,,,,0.69680,,,-0.71440,0.00010,-0.71430,,-0.71430,-0.71430,0.10880,-0.60550,-0.69660,-0.71440,0.43800,0.43800,-1.36000,-1.36000,16.35610,,,,,,,,,,,-20.19340,-23.32260,-19.19580,-20.19340,0.62130,-0.53240,1.31120
2012-12-31,,,,,0.28420,,,-0.28420,0.00020,-0.28400,,-0.28400,-0.28400,-1.30260,-1.58650,-0.28420,-0.28420,0.39680,0.39680,-4.00000,-4.00000,28.34310,,,,,,,,,,,-7.22770,-8.26270,-7.06970,-7.22770,8.97040,0.3928,2.597
2012-09-30,,,,,1.80910,,,-1.80910,0.00280,-1.80640,,-1.80640,-1.80640,-0.09690,-1.89290,-1.80910,-1.80910,0.32580,0.32580,-5.84000,-5.84000,8.39320,,,,,,,,,,,-55.32570,-55.32570,-51.59830,-55.32570,0.76560,-3.4443,-7.5903
2012-06-30,,,,,0.28420,,,-0.28420,0.00020,-0.28400,,-0.28400,-0.28400,-1.30260,-1.58650,-0.28420,-0.28420,5.15890,5.15890,-0.32000,-0.32000,25.59930,,,,,,,,,,,-7.76380,-7.76380,-7.48080,-7.76380,0.82400,-0.0094,-0.0587
2012-03-31,,,,,3.05760,,,-3.05760,0.12500,-2.93260,,-2.93260,-2.93260,-0.02730,-2.95990,-3.05760,-3.05760,4.11180,4.11180,-0.72000,-0.72000,,,,,,,,,,,,,,,,,-0.11770,-0.11770
2011-12-31,,,,,,,,,,,,,,,,,,,,,0.00000,,,,,,,,,,,,,,,,,0,0
2011-09-30,,,,,0.00250,,,-0.00250,,-0.00250,,-0.00250,-0.00250,,-0.00250,-0.00250,-0.00250,1.25000,1.25000,-0.00080,-0.00080,,,,,,,,,,,,,,,,,0,0
2010-12-31,,,,,,,,,,,,,,,,,,,,,0.00000,,,,,,,,,,,,,,,,,0,0
2010-09-30,,,,,,,,,,,,,,,,,,,,,0.00000,,,,,,,,,,,,,,,,,0,0
