Date,revenue,cost-goods-sold,gross-profit,selling-general-administrative-expenses,other-operating-income-expenses,operating-expenses,operating-income,total-non-operating-income-expense,pre-tax-income,total-provision-income-taxes,income-after-taxes,income-from-continuous-operations,income-from-discontinued-operations,net-income,ebitda,ebit,basic-shares-outstanding,shares-outstanding,eps-basic-net-earnings-per-share,eps-earnings-per-share-diluted,current-ratio,long-term-debt-capital,debt-equity-ratio,gross-margin,operating-margin,ebit-margin,pre-tax-profit-margin,net-profit-margin,asset-turnover,inventory-turnover,receiveable-turnover,days-sales-in-receivables,roe,return-on-tangible-equity,roa,roi,book-value-per-share,operating-cash-flow-per-share,free-cash-flow-per-share
2024-03-31,1926.00000,1241.00000,685.00000,367.00000,,367.00000,318.00000,-30.00000,289.00000,60.00000,229.00000,229.00000,,215.00000,318.00000,318.00000,221.00000,221.00000,0.97000,0.97000,1.73670,0.94940,19.08920,35.56590,16.51090,16.51090,15.00520,11.16300,0.36090,1.17190,1.47020,61.21500,146.79490,-28.34160,4.29160,7.38230,0.71300,-0.42530,-0.56560
2023-12-31,1882.00000,1228.00000,654.00000,392.00000,,407.00000,247.00000,-14.00000,233.00000,32.00000,201.00000,201.00000,,191.00000,247.00000,247.00000,225.00000,226.00000,0.84000,0.86000,1.68500,0.96780,30.08160,34.75030,13.12430,13.12430,12.38050,10.14880,0.35090,1.20160,1.72660,52.12540,205.10200,-22.76330,3.74790,6.60530,0.44420,2.146,1.8717
2023-09-30,1979.00000,1235.00000,744.00000,361.00000,,361.00000,383.00000,-37.00000,346.00000,86.00000,260.00000,260.00000,,249.00000,383.00000,383.00000,225.00000,226.00000,1.11000,1.10000,1.78340,0.95220,20.35140,37.59480,19.35320,19.35320,17.48360,12.58210,0.36850,1.18070,1.58960,56.61950,175.67570,-30.95240,4.84080,8.40340,0.65950,2.1239,1.9115
2023-06-30,2127.00000,1358.00000,769.00000,366.00000,,366.00000,403.00000,-29.00000,374.00000,96.00000,278.00000,278.00000,,263.00000,403.00000,403.00000,225.00000,226.00000,1.17000,1.16000,1.71930,0.99760,432.14290,36.15420,18.94690,18.94690,17.58350,12.36480,0.40070,1.18710,1.55140,58.01130,3971.42900,-31.95400,5.23740,9.41420,0.03110,1.8369,1.5171
2023-03-31,1979.00000,1310.00000,669.00000,354.00000,,354.00000,315.00000,-30.00000,285.00000,64.00000,221.00000,221.00000,,205.00000,315.00000,315.00000,226.00000,227.00000,0.91000,0.90000,1.56000,1.04990,-23.99290,33.80500,15.91710,15.91710,14.40120,10.35880,0.36450,1.09530,1.48910,60.43960,-157.85710,-21.58200,4.07000,7.87600,-0.62220,0.14540,-0.12330
2022-12-31,1923.00000,1378.00000,545.00000,334.00000,,360.00000,185.00000,-26.00000,159.00000,33.00000,126.00000,126.00000,,111.00000,185.00000,185.00000,231.00000,232.00000,0.51000,0.51000,1.55960,1.09760,-12.02670,28.34110,9.62040,9.62040,8.26830,5.77220,0.37070,1.11490,1.67360,53.77540,-48.09160,-10.96610,2.42920,4.69450,-1.16290,1.33,0.968
2022-09-30,2204.00000,1509.00000,695.00000,344.00000,,344.00000,351.00000,-41.00000,310.00000,77.00000,233.00000,233.00000,,220.00000,351.00000,351.00000,226.00000,227.00000,0.97000,0.97000,1.46760,1.17370,-7.68580,31.53360,15.92560,15.92560,14.06530,9.98190,0.40690,1.12700,1.65710,54.31030,-53.44040,-17.40100,4.30130,9.28290,-1.93520,1.5439,1.2408
2022-06-30,2352.00000,1583.00000,769.00000,361.00000,,361.00000,408.00000,-11.00000,397.00000,103.00000,294.00000,294.00000,,278.00000,408.00000,408.00000,231.00000,233.00000,1.19000,1.18000,1.36160,1.23630,-6.13500,32.69560,17.34690,17.34690,16.87930,11.81970,0.43020,1.16910,1.64020,54.87250,-52.22030,-19.78470,5.37770,12.33740,-2.50000,1.6887,1.5003
2022-03-31,2201.00000,1497.00000,704.00000,351.00000,,351.00000,353.00000,-26.00000,327.00000,75.00000,252.00000,252.00000,,233.00000,353.00000,353.00000,239.00000,241.00000,0.98000,0.97000,1.60490,1.04280,-26.60330,31.98550,16.03820,16.03820,14.85690,10.58610,0.39530,1.11720,1.46540,61.41750,-208.26450,-23.66200,4.52590,8.92040,-0.51360,-0.94190,-1.05390
2021-12-31,2022.00000,1403.00000,619.00000,356.00000,,401.00000,218.00000,-26.00000,192.00000,52.00000,140.00000,140.00000,,135.00000,218.00000,218.00000,249.00000,251.00000,0.54000,0.53000,1.76480,0.98140,52.83930,30.61330,10.78140,10.78140,9.49550,6.67660,0.36270,1.15380,1.72670,52.12170,250.00000,-15.55560,2.51120,4.65890,0.23220,1.2963,1.1183
2021-09-30,2204.00000,1451.00000,753.00000,368.00000,,368.00000,385.00000,-43.00000,342.00000,103.00000,239.00000,239.00000,,219.00000,385.00000,385.00000,246.00000,247.00000,0.89000,0.89000,1.81160,0.96690,29.30690,34.16520,17.46820,17.46820,15.51720,9.93650,0.39390,1.31080,1.65710,54.31030,236.63370,-26.23490,4.27170,7.83350,0.41480,1.4605,1.3388
2021-06-30,2179.00000,1388.00000,791.00000,354.00000,,354.00000,437.00000,-440.00000,-3.00000,12.00000,-15.00000,-15.00000,,-36.00000,437.00000,437.00000,252.00000,252.00000,-0.14000,-0.14000,1.83300,0.98010,49.33330,36.30110,20.05510,20.05510,-0.13770,-1.65210,0.40180,1.35950,1.61170,55.84210,-25.00000,1.65930,-0.27660,-0.49830,0.24340,1.2947,1.2011
2021-03-31,1970.00000,1270.00000,700.00000,335.00000,,335.00000,365.00000,-208.00000,157.00000,43.00000,114.00000,114.00000,,88.00000,365.00000,365.00000,256.00000,257.00000,0.34000,0.34000,1.83410,0.93160,13.64520,35.53300,18.52790,18.52790,7.96950,4.46700,0.35340,1.33970,1.50960,59.61930,52.53460,-15.22030,2.04520,3.59390,0.85740,-0.34630,-0.46300
2020-12-31,1860.00000,1200.00000,660.00000,353.00000,,353.00000,307.00000,-32.00000,275.00000,67.00000,208.00000,208.00000,3.00000,191.00000,307.00000,307.00000,264.00000,264.00000,0.77000,0.77000,1.80400,0.86900,6.63900,35.48390,16.50540,16.50540,14.78500,10.26880,0.32200,1.36990,1.63440,55.06450,49.40620,-41.68340,3.60050,6.47370,1.63050,1.4144,1.2623
2020-09-30,1983.00000,1231.00000,752.00000,328.00000,,328.00000,424.00000,-44.00000,380.00000,87.00000,293.00000,293.00000,,274.00000,424.00000,424.00000,261.00000,261.00000,1.05000,1.05000,2.00750,0.89100,8.18770,37.92230,21.38170,21.38170,19.16290,13.81750,0.35570,1.51790,1.57130,57.27690,85.92380,-66.59090,5.25560,9.36700,1.30900,1.0927,0.9879
2020-06-30,1764.00000,1136.00000,628.00000,289.00000,,289.00000,339.00000,-37.00000,302.00000,82.00000,220.00000,220.00000,14.00000,224.00000,339.00000,339.00000,262.00000,263.00000,0.85000,0.85000,1.49720,0.98460,75.10810,35.60090,19.21770,19.21770,17.12020,12.69840,0.33270,1.51470,1.34860,66.73470,594.59460,-29.60970,4.14940,9.13240,0.14210,1.4385,1.355
2020-03-31,1581.00000,1034.00000,547.00000,322.00000,,322.00000,225.00000,-51.00000,174.00000,33.00000,141.00000,141.00000,397.00000,526.00000,225.00000,225.00000,273.00000,274.00000,1.93000,1.92000,1.82510,1.06330,-16.82420,34.59840,14.23150,14.23150,11.00570,33.27010,0.32670,1.36770,1.38440,65.00950,-85.45450,-14.88910,2.91320,5.41060,-0.62830,-0.33580,-0.42340
2019-12-31,1639.00000,1074.00000,565.00000,310.00000,,310.00000,255.00000,-38.00000,217.00000,49.00000,168.00000,168.00000,295.00000,450.00000,255.00000,255.00000,287.00000,288.00000,1.59000,1.57000,1.75130,1.02060,-49.51790,34.47220,15.55830,15.55830,13.23980,27.45580,0.32600,1.42440,1.64390,54.74680,-300.00000,-20.38840,3.34200,6.18780,-0.20320,0.7844,0.6744
2019-09-30,1716.00000,1105.00000,611.00000,322.00000,,322.00000,289.00000,-48.00000,241.00000,66.00000,175.00000,175.00000,-37.00000,125.00000,289.00000,289.00000,286.00000,287.00000,0.44000,0.44000,1.46250,0.99180,129.52170,35.60610,16.84150,16.84150,14.04430,7.28440,0.31090,1.19590,1.45790,61.73080,760.86960,-18.85780,3.17030,6.26340,0.08100,1.3735,1.2321
2019-06-30,1839.00000,1166.00000,673.00000,326.00000,,326.00000,347.00000,-44.00000,303.00000,80.00000,223.00000,223.00000,29.00000,238.00000,347.00000,347.00000,289.00000,290.00000,0.82000,0.82000,1.45570,0.97500,42.28170,36.59600,18.86900,18.86900,16.47640,12.94180,0.32530,1.19590,1.29230,69.64110,314.08450,-18.47560,3.94480,7.84660,0.24700,1.1801,1.0992
2019-03-31,1513.00000,991.00000,522.00000,316.00000,-9.00000,325.00000,197.00000,-44.00000,153.00000,35.00000,118.00000,118.00000,9.00000,116.00000,197.00000,197.00000,293.00000,294.00000,0.39000,0.39000,1.42980,0.98510,73.00000,34.50100,13.02050,13.02050,10.11240,7.66690,0.27010,0.98020,1.14530,78.57900,280.95240,-9.52380,2.10640,4.19480,0.14410,-0.44560,-0.55780
2018-12-31,533.00000,198.00000,335.00000,146.00000,,146.00000,189.00000,-42.00000,147.00000,27.00000,120.00000,120.00000,88.00000,188.00000,189.00000,189.00000,305.00000,307.00000,0.62000,0.64000,1.64250,0.97730,43.17390,62.85180,35.45970,35.45970,27.57970,35.27210,0.09880,0.24810,0.53840,167.16700,173.91300,-16.43840,2.22510,3.94740,0.23480,1.2243,1.0696
2018-09-30,1904.00000,1281.00000,623.00000,337.00000,,337.00000,286.00000,-38.00000,248.00000,67.00000,181.00000,181.00000,10.00000,180.00000,286.00000,286.00000,304.00000,306.00000,0.59000,0.58000,1.70560,0.93490,14.36230,32.72060,15.02100,15.02100,13.02520,9.45380,0.33940,1.27460,1.46690,61.35500,87.43960,-16.43960,3.22640,5.69540,0.68290,1.1891,1.0061
2018-06-30,2297.00000,1547.00000,750.00000,392.00000,,392.00000,358.00000,-46.00000,312.00000,88.00000,224.00000,224.00000,,210.00000,358.00000,358.00000,306.00000,309.00000,0.69000,0.68000,1.67340,0.95930,23.58730,32.65130,15.58560,15.58560,13.58290,9.14240,0.41280,1.52110,1.59070,56.57820,177.77780,-18.96700,4.02520,7.23510,0.41310,1.1239,0.9184
2018-03-31,1920.00000,1301.00000,619.00000,375.00000,,375.00000,244.00000,-44.00000,200.00000,39.00000,161.00000,161.00000,,149.00000,244.00000,244.00000,310.00000,313.00000,0.48000,0.47000,1.69100,0.94200,16.86890,32.23960,12.70830,12.70830,10.41670,7.76040,0.34100,1.23900,1.41590,63.56250,87.97810,-14.16010,2.85970,5.10460,0.59420,-0.17570,-0.30030
2017-12-31,225.00000,13.00000,212.00000,121.00000,,121.00000,91.00000,-109.00000,-18.00000,-3.00000,-15.00000,-15.00000,,75.00000,91.00000,91.00000,314.00000,318.00000,0.26000,0.24000,1.95740,0.94190,16.85790,94.22220,40.44450,40.44450,-8.00000,33.33330,0.04070,0.01660,0.21110,426.40000,-8.19670,1.77510,-0.27110,-0.47590,0.58960,0.8838,0.7539
2017-09-30,1945.00000,1288.00000,657.00000,348.00000,,348.00000,309.00000,-45.00000,264.00000,100.00000,164.00000,164.00000,,152.00000,309.00000,309.00000,313.00000,316.00000,0.48000,0.48000,1.93680,0.98020,51.43330,33.77890,15.88690,15.88690,13.57330,7.81490,0.35470,1.48730,1.72430,52.19540,273.33330,-18.28320,2.99110,5.41430,0.19260,0.9919,0.8759
2017-06-30,2066.00000,1320.00000,746.00000,374.00000,,374.00000,372.00000,-110.00000,262.00000,86.00000,176.00000,176.00000,,163.00000,372.00000,372.00000,315.00000,319.00000,0.51000,0.51000,1.95390,0.97700,44.05710,36.10840,18.00580,18.00580,12.68150,7.88960,0.37640,1.55290,1.67830,53.62540,251.42860,-19.93210,3.20640,5.79520,0.22190,0.9501,0.824
2017-03-31,1778.00000,1173.00000,605.00000,348.00000,,348.00000,257.00000,-47.00000,210.00000,62.00000,148.00000,148.00000,,138.00000,257.00000,257.00000,317.00000,321.00000,0.43000,0.43000,2.07720,1.02010,-50.83050,34.02700,14.45440,14.45440,11.81100,7.76150,0.34600,1.42010,1.55420,57.90780,-250.84750,-14.12210,2.87990,5.03920,-0.18660,-0.46420,-0.56070
2016-12-31,1763.00000,1184.00000,579.00000,330.00000,,330.00000,249.00000,-74.00000,175.00000,67.00000,108.00000,108.00000,,95.00000,249.00000,249.00000,326.00000,330.00000,0.30000,0.31000,2.00960,1.03560,-29.09710,32.84180,14.12370,14.12370,9.92630,5.38850,0.34320,1.66290,1.92260,46.81230,-104.85440,-9.91740,2.10240,3.73440,-0.32390,0.9228,0.733
2016-09-30,1877.00000,1263.00000,614.00000,345.00000,,345.00000,269.00000,-42.00000,227.00000,81.00000,146.00000,146.00000,,134.00000,269.00000,269.00000,326.00000,329.00000,0.41000,0.40000,2.06620,0.96670,29.08740,32.71180,14.33140,14.33140,12.09380,7.13910,0.34930,1.66620,1.78080,50.53810,141.74760,-16.34940,2.71730,4.71580,0.31740,0.8941,0.7772
2016-06-30,2001.00000,1301.00000,700.00000,365.00000,,365.00000,335.00000,-82.00000,253.00000,90.00000,163.00000,163.00000,,150.00000,335.00000,335.00000,328.00000,331.00000,0.45000,0.45000,1.87320,0.97710,42.80000,34.98250,16.74160,16.74160,12.64370,7.49630,0.37580,1.70070,1.79780,50.06000,232.85710,-17.60260,3.06160,5.32160,0.21460,0.7842,0.6566
2016-03-31,1720.00000,1151.00000,569.00000,335.00000,,335.00000,234.00000,-57.00000,177.00000,58.00000,119.00000,119.00000,,108.00000,234.00000,234.00000,330.00000,333.00000,0.33000,0.32000,1.52310,0.97270,51.14290,33.08140,13.60470,13.60470,10.29070,6.27910,0.26240,1.52450,1.66020,54.20930,141.66670,-12.96300,1.81570,3.86740,0.25560,-0.21020,-0.32130
2015-12-31,1715.00000,1183.00000,532.00000,320.00000,,320.00000,212.00000,-52.00000,160.00000,74.00000,86.00000,86.00000,-1.00000,70.00000,212.00000,212.00000,338.00000,341.00000,0.22000,0.22000,1.38490,0.97640,58.74140,31.02040,12.36150,12.36150,9.32940,4.08160,0.30280,1.72200,2.01060,44.76390,148.27590,-9.13920,1.51840,3.49450,0.17550,1.1269,1.0092
2015-09-30,1839.00000,1250.00000,589.00000,331.00000,,331.00000,258.00000,-60.00000,198.00000,77.00000,121.00000,121.00000,,111.00000,258.00000,258.00000,335.00000,338.00000,0.33000,0.32000,2.26920,0.99190,122.28570,32.02830,14.02940,14.02940,10.76670,6.03590,0.32110,1.66890,1.82800,49.23330,432.14290,-12.37220,2.11280,3.51130,0.08440,0.8444,0.7434
2015-06-30,1929.00000,1292.00000,637.00000,358.00000,,358.00000,279.00000,-58.00000,221.00000,102.00000,119.00000,119.00000,-4.00000,105.00000,279.00000,279.00000,340.00000,344.00000,0.30000,0.30000,2.25790,0.96310,26.14500,33.02230,14.46350,14.46350,11.45670,5.44320,0.32870,1.65850,1.74570,51.55520,90.83970,-13.55350,2.02760,3.35210,0.38640,0.8421,0.7338
2015-03-31,1659.00000,1164.00000,495.00000,330.00000,,330.00000,165.00000,-55.00000,110.00000,40.00000,70.00000,70.00000,3.00000,64.00000,165.00000,165.00000,344.00000,347.00000,0.18000,0.18000,1.89350,0.78090,4.09180,29.83730,9.94580,9.94580,6.63050,3.85770,0.22210,1.34880,1.32930,67.70340,7.29930,-6.49950,0.93730,1.59930,2.79920,-0.43800,-0.52160
2014-12-31,2064.00000,1496.00000,568.00000,382.00000,8.00000,374.00000,194.00000,-54.00000,140.00000,28.00000,112.00000,112.00000,-3.00000,100.00000,194.00000,194.00000,349.00000,351.00000,0.28000,0.28000,1.63730,0.72130,3.03550,27.51940,9.39920,9.39920,6.78290,4.84500,0.28630,2.10110,2.51710,35.75580,9.92910,76.71230,1.55380,2.76750,3.26960,0.8482,0.7274
2014-09-30,1834.00000,1312.00000,522.00000,341.00000,,341.00000,181.00000,-50.00000,131.00000,-415.00000,546.00000,546.00000,10.00000,543.00000,181.00000,181.00000,350.00000,353.00000,1.52000,1.51000,1.65670,0.68250,2.52140,28.46240,9.86910,9.86910,7.14290,29.60740,0.24870,1.52200,1.49230,60.31080,40.20620,-80.29410,7.40540,12.76600,3.88110,0.6936,0.626
2014-06-30,1876.00000,1301.00000,575.00000,354.00000,,354.00000,221.00000,-50.00000,171.00000,34.00000,137.00000,137.00000,15.00000,139.00000,221.00000,221.00000,349.00000,352.00000,0.39000,0.39000,1.53660,0.76410,3.80040,30.65030,11.78040,11.78040,9.11510,7.40940,0.25960,1.45530,1.43640,62.65460,15.18850,-11.92340,1.89570,3.58360,2.58160,0.8626,0.7912
2014-03-31,1965.00000,1418.00000,547.00000,395.00000,,395.00000,152.00000,-59.00000,93.00000,5.00000,88.00000,88.00000,-2.00000,74.00000,152.00000,152.00000,351.00000,354.00000,0.21000,0.21000,1.98720,0.81030,4.27840,27.83720,7.73540,7.73540,4.73280,3.76590,0.28560,1.69210,1.61730,55.64890,10.98630,-7.02880,1.27910,2.08430,2.29250,-0.68930,-0.74860
2013-12-31,1998.00000,1467.00000,531.00000,390.00000,,390.00000,141.00000,-68.00000,73.00000,20.00000,53.00000,53.00000,6.00000,48.00000,141.00000,141.00000,350.00000,352.00000,0.12000,0.13000,2.05690,0.81300,4.35450,26.57660,7.05710,7.05710,3.65370,2.40240,0.28720,1.91760,1.99000,45.22520,6.73440,-4.18970,0.76180,1.25950,2.25180,0.8381,0.7386
2013-09-30,2150.00000,1543.00000,607.00000,395.00000,,395.00000,212.00000,-52.00000,160.00000,38.00000,122.00000,122.00000,-2.00000,109.00000,212.00000,212.00000,349.00000,352.00000,0.31000,0.30000,1.85110,0.83300,4.99420,28.23260,9.86050,9.86050,7.44190,5.06980,0.30460,1.98580,1.77540,50.69300,17.78430,-8.95080,1.72830,2.97050,1.96340,0.8267,0.7926
2013-06-30,2149.00000,1540.00000,609.00000,421.00000,,421.00000,188.00000,-56.00000,132.00000,39.00000,93.00000,93.00000,-5.00000,76.00000,188.00000,188.00000,349.00000,352.00000,0.22000,0.22000,1.70370,0.86170,6.60840,28.33880,8.74830,8.74830,6.14240,3.53650,0.30430,1.94690,1.71240,52.55930,16.93990,-6.22490,1.31690,2.34260,1.57220,0.7642,0.6904
2013-03-31,1876.00000,1368.00000,508.00000,376.00000,,376.00000,132.00000,-47.00000,85.00000,14.00000,71.00000,71.00000,-9.00000,52.00000,132.00000,132.00000,350.00000,352.00000,0.15000,0.15000,1.73820,0.87360,7.32730,27.07890,7.03620,7.03620,4.53090,2.77190,0.27670,1.79290,1.59800,56.32200,14.34340,-4.59250,1.04740,1.81310,1.41790,-0.59660,-0.67050
2012-12-31,1831.00000,1380.00000,451.00000,375.00000,-45.00000,420.00000,31.00000,-57.00000,-26.00000,37.00000,-63.00000,-63.00000,-17.00000,-86.00000,31.00000,31.00000,349.00000,349.00000,-0.24000,-0.24000,1.72770,0.86500,6.79400,24.63140,1.69310,1.69310,-1.42000,-4.69690,0.26630,1.90080,1.96250,45.86020,-11.79780,4.16940,-0.91640,-1.59250,1.53010,0.5481,0.5562
2012-09-30,1913.00000,1413.00000,500.00000,391.00000,-1.00000,392.00000,108.00000,-57.00000,51.00000,16.00000,35.00000,35.00000,-11.00000,14.00000,108.00000,108.00000,349.00000,350.00000,0.04000,0.04000,1.65480,0.83540,5.38430,26.13700,5.64560,5.64560,2.66600,0.73180,0.27270,1.70240,1.65480,54.38580,5.19290,-2.48230,0.49890,0.85450,1.93180,0.2686,0.1917
2012-06-30,1945.00000,1424.00000,521.00000,392.00000,-75.00000,467.00000,54.00000,-66.00000,-12.00000,31.00000,-43.00000,-43.00000,-24.00000,-76.00000,54.00000,54.00000,349.00000,349.00000,-0.22000,-0.22000,1.56410,0.85400,7.06460,26.78660,2.77640,2.77640,-0.61700,-3.90750,0.25070,1.68720,1.61280,55.80460,-6.94670,2.94520,-0.55420,-1.01390,1.77570,0.4656,0.4312
2012-03-31,1806.00000,1322.00000,484.00000,377.00000,2.00000,375.00000,109.00000,-49.00000,60.00000,7.00000,53.00000,53.00000,-9.00000,32.00000,109.00000,109.00000,349.00000,350.00000,0.09000,0.09000,1.64050,0.82060,5.52530,26.79960,6.03540,6.03540,3.32230,1.77190,0.23300,1.59660,1.51760,59.30230,6.69190,-4.08320,0.68390,1.20070,2.27210,-0.47710,-0.52290
2011-12-31,1441.00000,1106.00000,335.00000,333.00000,-3.00000,786.00000,-451.00000,-62.00000,-513.00000,-95.00000,-418.00000,-418.00000,-150.00000,-574.00000,-451.00000,-451.00000,348.00000,348.00000,-1.65000,-1.65000,1.45110,0.81280,5.42450,23.24770,-31.29770,-31.29770,-35.60030,-39.83350,0.19750,1.43820,1.57660,57.08540,-56.33420,31.07810,-5.72840,-10.54490,2.13280,0.4138,0.2988
2011-09-30,1978.00000,1483.00000,495.00000,380.00000,-1.00000,381.00000,114.00000,-41.00000,73.00000,4.00000,69.00000,69.00000,-20.00000,35.00000,114.00000,114.00000,348.00000,348.00000,0.10000,0.10000,1.49340,0.68440,2.71020,25.02530,5.76340,5.76340,3.69060,1.76950,0.24090,1.74470,1.74580,51.55210,4.64020,-5.96890,0.84020,1.46470,4.27540,0.3618,0.2751
2011-06-30,1998.00000,1466.00000,532.00000,431.00000,-5.00000,436.00000,96.00000,-32.00000,64.00000,38.00000,26.00000,26.00000,-6.00000,7.00000,96.00000,96.00000,348.00000,349.00000,0.02000,0.02000,2.12830,0.72380,2.66230,26.62660,4.80480,4.80480,3.20320,0.35040,0.23730,1.62710,1.68180,53.51350,1.69160,-2.30500,0.30890,0.46730,4.42300,0.3697,0.2837
2011-03-31,1753.00000,1328.00000,425.00000,399.00000,,399.00000,26.00000,-42.00000,-16.00000,13.00000,-29.00000,-29.00000,-5.00000,-46.00000,26.00000,26.00000,349.00000,349.00000,-0.13000,-0.13000,2.21090,0.72220,2.64260,24.24420,1.48320,1.48320,-0.91270,-2.62410,0.21260,1.58280,1.57500,57.14200,-1.87100,2.60560,-0.35170,-0.51970,4.46040,-0.45850,-0.53580
2010-12-31,1629.00000,1328.00000,301.00000,365.00000,,1063.00000,-762.00000,-55.00000,-817.00000,187.00000,-1004.00000,-1004.00000,,-1034.00000,-762.00000,-762.00000,349.00000,349.00000,-2.97000,-2.97000,2.32950,0.71820,2.59040,18.47760,-46.77720,-46.77720,-50.15350,-63.47450,0.20010,1.81420,1.83450,49.06080,-63.46400,93.83180,-12.33420,-17.88390,4.53820,0.6562,0.5215
2010-09-30,1957.00000,1463.00000,494.00000,392.00000,,392.00000,102.00000,-64.00000,38.00000,31.00000,7.00000,7.00000,,-6.00000,102.00000,102.00000,349.00000,349.00000,-0.02000,-0.02000,2.39600,0.59920,1.51930,25.24270,5.21210,5.21210,1.94170,-0.30660,0.21150,1.82420,1.76940,50.86360,0.25930,-1.02940,0.07570,0.10390,7.74970,0.4842,0.4384
2010-06-30,2048.00000,1502.00000,546.00000,427.00000,,427.00000,119.00000,-103.00000,16.00000,4.00000,12.00000,12.00000,,2.00000,119.00000,119.00000,348.00000,349.00000,0.01000,0.01000,2.27320,0.60760,1.57360,26.66020,5.81050,5.81050,0.78130,0.09770,0.22280,1.78810,1.77010,50.84470,0.46010,-1.59570,0.13060,0.18060,7.48990,0.5349,0.4401
2010-03-31,1852.00000,1360.00000,492.00000,414.00000,,414.00000,78.00000,-56.00000,22.00000,18.00000,4.00000,4.00000,,-8.00000,78.00000,78.00000,350.00000,350.00000,-0.02000,-0.02000,2.40110,0.60270,1.54130,26.56590,4.21170,4.21170,1.18790,-0.43200,0.19940,1.68940,1.61460,55.73970,0.14800,-0.59000,0.04310,0.05880,7.76500,-0.34290,-0.40860
2009-12-31,1763.00000,1276.00000,487.00000,415.00000,,669.00000,-182.00000,-49.00000,-231.00000,-79.00000,-152.00000,-152.00000,-22.00000,-184.00000,-182.00000,-182.00000,351.00000,351.00000,-0.53000,-0.53000,1.93770,0.56130,1.40860,27.62340,-10.32330,-10.32330,-13.10270,-10.43680,0.19220,1.71740,1.79350,50.18150,-5.39580,26.16180,-1.65670,-2.36720,8.03940,0.8262,0.678
2009-09-30,2084.00000,1517.00000,567.00000,429.00000,,429.00000,138.00000,-49.00000,89.00000,26.00000,63.00000,63.00000,-23.00000,27.00000,138.00000,138.00000,350.00000,351.00000,0.08000,0.08000,1.89080,0.54020,1.29520,27.20730,6.62190,6.62190,4.27060,1.29560,0.21790,1.90100,1.74690,51.52110,2.05280,-10.31100,0.65890,0.94380,8.75860,0.868,0.8428
2009-06-30,2013.00000,1470.00000,543.00000,427.00000,,427.00000,116.00000,-49.00000,67.00000,-8.00000,75.00000,75.00000,-12.00000,53.00000,116.00000,116.00000,350.00000,350.00000,0.15000,0.15000,1.81590,0.54570,1.32450,26.97470,5.76250,5.76250,3.32840,2.63290,0.21220,1.65910,1.62860,55.26080,2.49580,-11.22750,0.79060,1.13380,8.58570,0.4511,0.4108
2009-03-31,1797.00000,1384.00000,413.00000,407.00000,-8.00000,415.00000,-2.00000,-59.00000,-61.00000,17.00000,-78.00000,-78.00000,4.00000,-82.00000,-2.00000,-2.00000,351.00000,351.00000,-0.23000,-0.23000,1.77240,0.55750,1.38870,22.98280,-0.11130,-0.11130,-3.39450,-4.56320,0.19390,1.53610,1.57910,56.99500,-2.72160,9.86090,-0.84150,-1.20430,8.18860,-0.13680,-0.21370
