Date,revenue,cost-goods-sold,gross-profit,selling-general-administrative-expenses,operating-expenses,operating-income,total-non-operating-income-expense,pre-tax-income,total-provision-income-taxes,income-after-taxes,income-from-continuous-operations,net-income,ebitda,ebit,basic-shares-outstanding,shares-outstanding,eps-basic-net-earnings-per-share,eps-earnings-per-share-diluted,current-ratio,long-term-debt-capital,debt-equity-ratio,gross-margin,operating-margin,ebit-margin,pre-tax-profit-margin,net-profit-margin,asset-turnover,inventory-turnover,receiveable-turnover,days-sales-in-receivables,roe,return-on-tangible-equity,roa,roi,book-value-per-share,operating-cash-flow-per-share,free-cash-flow-per-share
2023-12-31,211.07400,173.59900,37.47500,21.05000,22.76300,14.71200,-0.66200,14.05000,3.90600,10.14400,10.14400,9.88100,22.76800,14.71200,20.37600,20.45000,0.49000,0.49000,1.82150,0.05270,0.05570,17.75440,6.97010,6.97010,6.65640,4.68130,0.23990,1.10040,7.67740,11.72280,1.61360,3.27350,1.15270,1.52850,30.97010,3.1087,2.4726
2023-09-30,255.83000,199.03600,56.79400,26.45700,28.17200,28.62200,-0.87400,27.74800,6.97800,20.77000,20.77000,20.25900,36.66100,28.62200,20.58600,20.68400,0.98000,0.98000,1.94540,0.09390,0.10360,22.19990,11.18790,11.18790,10.84630,7.91890,0.27740,1.14300,3.94520,22.81260,3.30990,6.75650,2.25170,2.99920,30.75440,-2.34050,-4.25150
2023-06-30,372.30300,269.84090,102.46210,123.41100,125.10800,-22.64590,-0.29600,-22.94200,-4.89900,-18.04300,-18.04300,-17.42000,-15.18390,-22.64590,20.50200,20.64100,-0.85000,-0.87000,1.40400,,,27.52110,-6.08270,-6.08270,-6.16220,-4.67900,0.40210,1.57630,5.44450,16.53030,-2.93020,-6.14300,-1.94860,-2.93020,29.88510,3.7278,3.1845
2023-03-31,375.11900,276.54500,98.57400,26.63100,28.31100,70.26300,-0.53900,69.72400,16.27200,53.45200,53.45200,51.88800,77.40600,70.26300,20.53400,20.68000,2.53000,2.51000,2.09060,0.03100,0.03200,26.27810,18.73090,18.73090,18.58720,13.83240,0.42520,1.49170,4.63490,19.41800,8.44060,17.27170,6.05920,8.17900,30.70400,2.7453,1.7304
2022-12-31,338.73200,263.07800,75.65400,25.25500,26.97000,48.68400,-1.10300,47.58100,11.18500,36.39600,36.39600,35.16200,55.78700,48.68400,20.40500,20.51600,1.73000,1.72000,2.28310,0.10820,0.12130,22.33450,14.37240,14.37240,14.04680,10.38050,0.39360,1.41780,6.10940,14.73130,6.29270,14.39800,4.22880,5.61180,28.24820,0.9409,0.4511
2022-09-30,302.21100,227.60600,74.60500,24.40600,26.12200,48.48300,-1.35500,47.12800,11.02300,36.10500,36.10500,34.88300,55.49500,48.48300,20.46000,20.63300,1.69000,1.70000,1.90760,0.11480,0.12970,24.68640,16.04280,16.04280,15.59440,11.54260,0.36050,1.24810,6.51090,13.82290,6.68070,16.91060,4.30680,5.91370,26.56380,1.53580,0.93670
2022-06-30,353.20600,263.57900,89.62700,22.51600,24.21600,65.41100,-1.90100,63.51000,13.82500,49.68500,49.68500,47.91900,72.09700,65.41100,20.74900,20.98600,2.34000,2.31000,2.14280,0.18690,0.23290,25.37530,18.51920,18.51920,17.98100,13.56690,0.41490,1.67880,6.84530,13.14760,9.67450,26.93540,5.83620,7.86630,25.05090,2.1817,1.468
2022-03-31,344.28700,247.16600,97.12100,23.90200,25.58400,71.53700,-0.64000,70.89700,16.06400,54.83300,54.83300,52.87800,78.06700,71.53700,20.77800,20.98300,2.54000,2.51000,1.23270,0.09030,0.25640,28.20930,20.77830,20.77830,20.59240,15.35870,0.41780,1.50350,7.00940,12.83990,11.73810,40.40990,6.65480,10.67800,22.78390,2.9325,2.2628
2021-12-31,263.88700,200.33600,63.55100,21.64500,23.36400,40.18700,-0.64600,39.54100,8.56200,30.97900,30.97900,29.89100,46.51900,40.18700,20.90000,21.14900,1.43000,1.41000,1.14410,0.09680,0.28210,24.08270,15.22890,15.22890,14.98410,11.32720,0.34260,1.31660,12.11710,7.42750,7.10740,29.98500,4.02180,6.41960,20.85600,1.62,1.0374
2021-09-30,253.49700,193.74500,59.75200,21.20800,23.06400,36.68800,-0.67100,36.01700,8.08400,27.93300,27.93300,26.94400,43.46200,36.68800,20.85000,21.13300,1.29000,1.28000,1.03630,0.10290,0.30140,23.57110,14.47280,14.47280,14.20810,10.62890,0.33620,1.39640,6.15030,14.63340,6.83870,37.62730,3.70500,6.13480,19.59960,1.12080,0.46340
2021-06-30,276.72200,207.49500,69.22700,22.08300,24.19610,45.03100,0.25400,45.28500,10.32300,34.96200,34.96200,33.72700,51.56500,45.03100,20.75300,21.01100,1.62000,1.60000,1.58320,0.26730,0.37590,25.01680,16.27300,16.27300,16.36480,12.18800,0.37250,1.77830,5.55180,16.21110,9.17270,78.11340,4.70690,6.72110,18.28340,1.4776,0.9269
2021-03-31,273.16200,201.13400,72.02800,23.06900,25.16300,46.86500,-0.78900,46.07600,10.94100,35.13500,35.13500,33.79600,53.08900,46.86500,20.79900,21.03200,1.62000,1.61000,1.56190,0.31540,0.47290,26.36820,17.15650,17.15650,16.86770,12.37220,0.37410,1.73820,7.39920,12.16360,10.16620,502.93500,4.81130,6.96030,16.58050,1.3106,0.9512
2020-12-31,195.64700,146.15800,49.48900,19.03700,20.56100,28.92800,-0.43300,28.49500,6.34800,22.14700,22.14700,21.22500,34.05100,28.92800,20.71700,20.97300,1.03000,1.01000,1.36870,0.34410,0.52860,25.29510,14.78580,14.78580,14.56450,10.84860,0.29190,1.52250,13.62350,6.60620,7.15610,-70.67370,3.30380,4.69370,14.91270,1.8914,1.6023
2020-09-30,180.98400,135.24300,45.74100,15.26600,16.79000,28.95100,-0.54600,28.40500,6.36700,22.03800,22.03800,21.09300,33.96100,28.95100,20.65200,20.86500,1.02000,1.01000,1.74180,0.20650,0.26020,25.27350,15.99640,15.99640,15.69480,11.65460,0.34790,1.68940,5.83240,15.43110,7.73440,23.19720,4.23630,6.13740,13.81170,1.57020,1.30980
2020-06-30,118.66100,95.10900,23.55200,13.13600,14.64500,8.90700,-0.19300,8.71400,2.20400,6.51000,6.51000,6.20300,13.62500,8.90700,20.66300,20.85200,0.30000,0.29000,1.77380,0.24060,0.31680,19.84810,7.50630,7.50630,7.34360,5.22750,0.24860,1.30380,8.61920,10.44180,2.48920,9.25220,1.36380,1.89040,12.69790,0.944,0.4577
2020-03-31,182.31000,136.46100,45.84900,14.21500,15.71600,30.13300,0.72000,30.85300,6.98700,23.86600,23.86600,22.77800,34.57200,30.13300,20.63100,20.77500,1.11000,1.09000,2.82960,0.43310,0.76390,25.14890,16.52840,16.52840,16.92340,12.49410,0.30450,1.53560,8.39290,10.72340,9.45960,39.48770,3.98650,5.36280,12.28480,1.0342,0.5162
2019-12-31,180.11200,140.24400,39.86800,14.74400,16.28100,23.58700,-0.94800,22.63900,5.04100,17.59800,17.59800,16.72200,28.12900,23.58700,20.59100,20.70100,0.81000,0.81000,1.54830,0.28770,0.40380,22.13510,13.09570,13.09570,12.56940,9.28420,0.37940,1.82650,11.51830,7.81360,7.57360,46.27280,3.70710,5.39490,11.28900,1.2124,0.7909
2019-09-30,172.08000,132.07900,40.00100,15.73400,17.31800,22.68300,-1.15700,21.52600,4.84400,16.68200,16.68200,15.85900,27.36400,22.68300,20.83000,20.92900,0.76000,0.76000,1.60750,0.34740,0.53230,23.24560,13.18170,13.18170,12.50930,9.21610,0.35860,1.75440,7.49410,12.00940,7.80710,92.15550,3.47680,5.09510,10.44110,1.32410,0.81270
2019-06-30,194.82200,147.09000,47.73200,16.30300,17.87800,29.85400,-2.29600,27.55800,7.07300,20.48500,20.48500,19.41200,34.33100,29.85400,20.83200,20.96700,0.93000,0.92000,1.69450,0.35070,0.54020,24.50030,15.32370,15.32370,14.14520,9.96400,0.43170,2.17050,6.96760,12.91690,9.73840,158.94630,4.53900,6.32280,10.08740,1.6779,1.333
2019-03-31,199.91800,150.19600,49.72200,17.59700,19.16000,30.56200,-1.03800,29.52400,7.32100,22.20300,22.20300,21.09900,34.86900,30.56200,20.90200,21.00800,1.01000,1.01000,1.60700,0.40410,0.67810,24.87120,15.28730,15.28730,14.76810,10.55380,0.43800,2.02850,5.13290,17.53380,11.69210,-240.52680,4.86450,6.96750,9.10740,0.5126,0.3276
2018-12-31,165.79300,127.47800,38.31500,15.83300,17.37100,20.94400,-1.82700,19.11700,4.11900,14.99800,14.99800,14.25700,24.97700,20.94400,20.87500,20.99000,0.68000,0.68000,1.54460,0.46200,0.85880,23.11010,12.63260,12.63260,11.53060,8.59930,0.37770,1.86190,11.12110,8.09270,8.96450,-45.02420,3.41680,4.82280,8.02960,1.0612,0.8411
2018-09-30,123.48300,92.98200,30.50100,12.46900,13.74900,16.75200,-1.15400,15.59800,3.58300,12.01500,12.01500,11.29800,19.89500,16.75200,20.64000,20.75000,0.55000,0.54000,2.19280,0.41610,0.71250,24.70060,13.56620,13.56620,12.63170,9.14940,0.32100,1.76160,5.38920,16.70000,7.88420,43.78010,3.12350,4.60390,7.33470,0.63540,0.52980
2018-06-30,138.65900,105.11900,33.54000,12.73200,14.02700,19.51300,-4.29700,15.21600,1.87300,13.34300,13.34300,12.43900,22.22400,19.51300,20.17900,20.28100,0.61000,0.60000,2.04810,0.43680,0.77560,24.18880,14.07270,14.07270,10.97370,8.97090,0.37910,2.37460,5.60800,16.04840,9.53950,99.42630,3.64790,5.37250,6.80470,0.6085,0.4947
2018-03-31,140.42900,104.06600,36.36300,11.12500,12.41600,23.94700,-0.90600,23.04100,6.24500,16.79600,16.79600,15.67200,27.01500,23.94700,20.54400,20.65700,0.76000,0.76000,1.87350,0.46030,0.85280,25.89420,17.05270,17.05270,16.40760,11.16010,0.39610,2.37810,6.18930,14.54120,13.21490,-1719.15800,4.73710,7.13230,6.19240,0.951,0.7977
2017-12-31,114.37300,86.85700,27.51600,10.55700,11.86100,15.65500,29.31900,44.97400,50.55800,-5.58400,-5.58400,-6.38300,18.74000,15.65500,20.43000,20.43000,-0.31000,-0.31000,1.69920,0.49480,0.97930,24.05810,13.68770,13.68770,39.32220,-5.58090,0.34830,1.96190,10.39000,8.66220,-5.04950,29.49500,-1.70050,-2.55110,5.39200,1.063,0.9168
2017-09-30,103.54100,80.61800,22.92300,10.66300,11.97100,10.95200,-4.79600,6.15600,-0.25800,6.41400,6.41400,5.88500,14.94200,10.95200,19.17900,19.30400,0.31000,0.31000,1.46130,0.48590,0.94500,22.13910,10.57750,10.57750,5.94550,5.68370,0.28640,1.88580,5.95650,15.10970,5.60140,-39.23410,1.77440,2.87990,5.64490,0.25980,0.16500
2017-06-30,75.10600,55.06600,20.04000,11.52600,12.07500,7.96500,9.99700,17.96200,7.69600,10.26600,10.26600,9.66400,10.08000,7.96500,17.84700,17.95100,0.54000,0.53000,1.78850,0.50550,1.02230,26.68230,10.60500,10.60500,23.91550,12.86720,0.33580,2.31030,6.85460,13.12980,19.65310,34.28060,4.58990,9.71800,2.91200,0.2911,0.164
2017-03-31,77.14900,55.78700,21.36200,7.78600,8.33600,13.02600,-0.37500,12.65100,3.80500,8.84600,8.84600,8.01300,14.68600,13.02600,17.87700,17.96200,0.45000,0.45000,1.64740,0.56870,1.31880,27.68930,16.88420,16.88420,16.39810,10.38640,0.32830,2.03860,5.23970,17.17660,21.15260,46.47720,3.76390,9.12220,2.33230,0.4594,0.3757
2016-12-31,67.66100,49.84800,17.81300,5.60300,6.15200,11.66100,0.02100,11.68200,3.94500,7.73700,7.73700,6.90100,13.29800,11.66100,17.78600,17.84200,0.39000,0.39000,1.50530,0.64580,1.82350,26.32680,17.23450,17.23450,17.26550,10.19940,0.31360,2.12920,8.30600,10.83550,25.60900,103.95000,3.58560,9.06990,1.69440,0.8721,0.6154
2016-09-30,62.02100,46.19800,15.82300,8.48700,9.03700,6.78600,-0.41300,6.37300,2.14700,4.22600,4.22600,3.78000,8.36500,6.78600,17.73400,17.76200,0.21000,0.21000,1.32950,0.70530,2.44180,25.51230,10.94150,10.94150,10.27560,6.09470,0.29060,1.90170,3.88000,23.19620,18.37870,-478.58980,1.98020,5.41630,1.29920,0.37480,0.32730
2016-06-30,66.68000,48.85500,17.82500,9.45200,10.00000,7.82500,-0.94500,6.88000,2.79000,4.09000,4.09000,3.60400,9.32300,7.82500,17.93500,17.98500,0.21000,0.20000,1.35300,0.75900,3.54920,26.73220,11.73510,11.73510,10.31790,5.40490,0.29990,2.39120,4.25930,21.13000,20.42040,-98.69710,1.83960,4.92090,1.13220,0.7412,0.7054
2016-03-31,68.53900,50.13300,18.40600,6.03600,6.58100,11.82500,-1.20900,10.61600,4.10900,6.50700,6.50700,5.77600,13.26300,11.82500,17.97600,18.00300,0.32000,0.32000,1.46740,0.92910,14.69710,26.85480,17.25300,17.25300,15.48900,8.42730,0.32680,2.08490,4.15310,21.67040,129.23530,-32.55450,3.10290,9.16030,0.28100,0.4853,0.384
2015-12-31,60.50600,44.62700,15.87900,6.35500,6.90000,8.97900,-0.34500,8.63400,2.91600,5.71800,5.71800,5.10400,10.42300,8.97900,17.98700,18.02200,0.28000,0.28000,1.35760,1.02170,-52.35780,26.24370,14.83990,14.83990,14.26970,8.43550,0.30270,1.83220,6.57170,13.69500,-396.53230,-21.56190,2.86020,8.59100,-0.08020,0.4437,0.3195
2015-09-30,57.24000,42.53000,14.71000,6.88800,7.43500,7.27500,-1.30900,5.96600,1.98600,3.98000,3.98000,3.55800,8.66300,7.27500,17.94200,17.94900,0.20000,0.20000,1.25230,1.13830,-9.05460,25.69880,12.70970,12.70970,10.42280,6.21590,0.29310,1.77460,5.08660,17.69340,-46.80150,-11.81390,2.03780,6.47200,-0.47560,0.30930,0.23760
2015-06-30,60.71600,44.44100,16.27500,4.40000,4.95100,11.32400,-0.68200,10.64200,3.06700,7.57500,7.57500,5.65200,12.57300,11.32400,15.73300,15.74100,0.35000,0.35000,1.18170,0.98220,60.18830,26.80510,18.65080,18.65080,17.52750,9.30890,0.30310,2.17920,6.40330,14.05530,589.49320,-29.85220,3.78160,10.50230,0.07200,0.6229,0.5607
2015-03-31,64.76200,46.86500,17.89700,7.78100,8.37400,9.52300,1.53400,11.05700,3.41400,7.64300,7.64300,4.36500,10.74100,9.52300,15.67200,15.67600,0.28000,0.28000,1.29120,0.17300,0.20910,27.63500,14.70460,14.70460,17.07330,6.74010,0.46180,2.17260,5.43170,16.56940,15.98350,37.12900,5.45020,13.21910,3.06350,0.4559,0.3596
2014-12-31,55.48400,41.32000,14.16400,6.57100,7.16600,6.99800,-0.14700,6.85100,1.27500,5.57600,5.57600,3.26400,8.22500,6.99800,15.62800,15.62800,0.21000,0.21000,1.33970,0.32480,0.48110,25.52810,12.61270,12.61270,12.34770,5.88280,0.38780,1.93060,7.29760,12.33270,13.41290,42.60720,3.89780,9.05610,2.66330,-0.6593,-0.7733
2014-09-30,47.65900,35.56600,12.09300,8.06400,8.78800,3.30500,-0.00900,3.29600,0.90700,2.38900,2.38900,1.38000,4.57200,3.30500,14.78400,21.42600,0.09000,0.09000,0.88940,,,25.37400,6.93470,6.93470,6.91580,2.89560,0.35120,2.04970,4.66650,19.28640,6.97050,14.11860,1.76040,6.97050,2.22020,0.37790,0.30950
2014-06-30,53.40000,38.72400,14.67600,26.29600,27.59000,-12.91400,0.01800,-12.89600,-2.29600,-10.60000,-10.60000,-4.30600,-11.14700,-12.91400,11.05500,11.05500,-0.39000,-0.38000,0.79860,,,27.48320,-24.18360,-24.18360,-24.14980,-8.06370,0.62970,3.00420,8.24710,10.91290,-37.76270,-106.06360,-12.49990,-37.76270,2.53700,1.503,1.1426
2014-03-31,50.29300,36.89200,13.40100,11.81100,13.10500,0.29600,-1.20700,-0.91100,0.07600,-0.98700,-0.98700,-0.37000,2.98500,0.29600,11.05500,22.02800,-0.03000,-0.04000,1.24400,,0.00030,26.64590,0.58860,0.58860,-1.81140,-0.73570,0.62380,2.12680,5.58870,16.10380,-2.45900,-4.75250,-1.22420,-2.45900,3.63070,0.6467,0.4729
2013-12-31,43.93800,32.24200,11.69600,4.57800,5.87300,5.82300,-0.60300,5.22000,,5.22000,5.22000,,7.55500,5.82300,,,,0.00000,0.95420,2.07740,-2.06140,26.61930,13.25280,13.25280,11.88040,,0.80890,2.01610,16.37640,5.49570,-16.96950,-10.15070,9.60970,18.28310,-715.37210,0,0
2013-09-30,43.30400,32.28300,11.02100,3.38700,4.68100,6.34000,-1.16100,5.17900,0.00000,5.17900,5.17900,,8.51200,6.34000,,,,0.00000,0.93030,2.16220,-1.97450,25.45030,14.64070,14.64070,11.95960,,0.75680,2.11170,6.50890,13.82710,-15.91780,-9.50360,9.05120,18.49970,-756.65110,0.00000,
2013-06-30,48.97300,35.03600,13.93700,4.01800,5.31300,8.62400,-0.24700,8.37700,0.00000,8.37700,8.37700,-4.40600,10.20400,8.62400,,,,0.00000,1.39040,0.50310,1.17860,28.48510,17.60970,17.60970,17.10530,-8.99680,0.74280,3.01020,6.40840,14.04410,41.85570,-258.62950,12.70650,20.79850,476.52380,0,0
2013-03-31,47.06200,34.56100,12.50100,5.67400,6.96800,5.53300,-0.33200,5.20100,,5.20100,5.20100,,7.14000,5.53300,,,,0.00000,,,,26.56280,11.75680,11.75680,11.05140,,,,,,,,,,,-0.2292,-0.2175
2012-12-31,37.81800,28.52400,9.29400,3.83400,5.12900,4.16500,-0.39800,3.76700,,3.76700,3.76700,3.76700,5.73000,4.16500,41.79700,42.54900,0.09000,0.09000,,,,24.57560,11.01330,11.01330,9.96090,9.96090,,,,,,,,,,0.1567,0.1525
2012-09-30,33.15900,25.29100,7.86800,5.58800,6.88200,0.98600,-0.34700,0.63900,,0.63900,0.63900,0.63900,2.65000,0.98600,41.66900,41.66900,0.01600,0.01600,,,,23.72810,2.97360,2.97360,1.92710,1.92710,,,,,,,,,,0.07250,0.06500
2012-06-30,,,,,,,,,,,,,,,,,,0.00000,,,,,,,,,,,,,,,,,,0,0
2011-06-30,,,,,,,,,,,,,,,,,,0.00000,,,,,,,,,,,,,,,,,,0,0
