Date,revenue,cost-goods-sold,gross-profit,selling-general-administrative-expenses,operating-expenses,operating-income,pre-tax-income,total-provision-income-taxes,income-after-taxes,income-from-continuous-operations,net-income,basic-shares-outstanding,shares-outstanding,eps-basic-net-earnings-per-share,eps-earnings-per-share-diluted,long-term-debt-capital,debt-equity-ratio,pre-tax-profit-margin,net-profit-margin,asset-turnover,roe,return-on-tangible-equity,roa,roi,book-value-per-share,operating-cash-flow-per-share,free-cash-flow-per-share
2023-09-30,51.61100,24.55500,27.05600,11.40400,11.40400,15.65200,15.65200,4.22400,11.42800,11.42800,11.42800,25.27470,25.59190,0.45000,0.45000,,0.84480,57.04710,41.65180,0.00780,2.97060,2.97060,0.32550,2.97060,15.24110,0.6776,0.6242
2023-06-30,52.24300,22.51200,29.73100,11.11800,11.11800,18.61300,18.61300,5.50500,13.10800,13.10800,13.10800,25.18860,25.47710,0.52000,0.51000,0.00100,0.87200,61.74080,43.48030,0.00870,3.51270,3.51270,0.37720,3.50900,14.76130,1.8498,1.7919
2023-03-31,51.98100,19.73200,32.24900,10.67900,10.67900,21.57000,21.57000,5.84000,15.73000,15.73000,15.73000,25.14470,25.40590,0.63000,0.62000,0.00110,1.06350,66.88580,48.77670,0.00940,4.45660,4.45660,0.46010,4.45170,14.03780,1.00500,1.12100
2022-12-31,45.73900,14.99500,30.74400,11.21100,11.21100,19.53300,19.53300,9.35300,10.18000,10.18000,10.18000,25.40970,25.68870,0.41000,0.39000,0.00110,1.07430,61.20900,31.90020,0.00930,2.91340,2.91340,0.29700,2.91010,13.88260,-0.3441,-0.3801
2022-09-30,43.39800,8.50900,34.88900,10.98500,10.98500,23.90400,23.90400,7.01100,16.89300,16.89300,16.89300,25.43330,25.70200,0.66000,0.66000,0.00110,1.07550,65.32580,46.16580,0.01090,4.84000,4.84000,0.50450,4.83450,13.75730,-0.0761,-0.1186
2022-06-30,37.67800,2.80500,34.87300,13.11900,13.11900,21.75400,21.75400,5.65400,16.10000,16.10000,16.10000,25.45900,25.72920,0.63000,0.63000,0.00120,1.16200,62.38060,46.16750,0.01100,4.98350,4.98350,0.50820,4.97730,12.69370,1.9924,1.9804
2022-03-31,39.60900,1.30000,38.30900,12.28300,12.28300,26.02600,26.02600,6.59700,19.42900,19.42900,19.42900,25.46520,25.71900,0.76000,0.76000,0.00130,1.22550,68.12200,50.85460,0.01220,6.25910,6.25910,0.61830,6.25100,12.18960,3.67110,3.67160
2021-12-31,38.34800,1.23600,37.11200,13.05800,13.05800,24.05400,24.05400,6.60900,17.44500,17.44500,17.44500,25.57200,25.78880,0.68000,0.67000,0.00160,1.72440,65.78240,47.70830,0.01180,6.01090,6.01090,0.56160,6.00140,11.39680,0.4038,0.4327
2021-09-30,38.85600,1.13500,37.72100,15.69000,15.69000,22.03100,22.03100,5.14900,16.88200,16.88200,16.88200,25.50780,25.72900,0.66000,0.66000,0.00170,1.08800,62.69140,48.03940,0.01280,6.11330,6.11330,0.61380,6.10290,10.84440,0.1802,0.1859
2021-06-30,34.48200,1.06300,33.41900,14.29800,14.29800,19.12100,19.12100,4.72800,14.39300,14.39300,14.39300,25.64240,25.83330,0.56000,0.56000,0.00180,0.75860,61.25780,46.11070,0.01240,5.44670,5.44670,0.57160,5.43690,10.33090,0.9772,0.9697
2021-03-31,30.85800,1.13800,29.72000,12.30700,12.30700,17.41300,17.41300,4.43200,12.98100,12.98100,12.98100,25.67460,25.88180,0.51000,0.50000,0.00190,0.31510,61.92170,46.16120,0.01310,5.08310,5.08310,0.60250,5.07360,9.94640,0.97610,0.97230
2020-12-31,25.97700,1.41100,24.56600,12.03300,12.03300,12.53300,12.53300,3.07900,9.45400,9.45400,9.45400,25.61390,25.79860,0.37000,0.37000,0.00200,0.45130,53.08340,40.04240,0.01240,3.86140,3.86140,0.49820,3.85380,9.53580,0.3564,0.3544
2020-09-30,26.09500,2.19200,23.90300,11.60000,11.60000,12.30300,12.30300,2.91800,9.38500,9.38500,9.38500,25.67410,25.85870,0.37000,0.36000,0.00210,0.42380,54.79450,41.79840,0.01290,3.95830,3.95830,0.53940,3.95010,9.23490,0.6886,0.6829
2020-06-30,24.58300,3.24000,21.34300,10.78500,10.78500,10.55800,10.55800,2.81900,7.73900,7.73900,7.73900,25.57600,25.71700,0.30000,0.30000,0.01320,0.36200,52.05600,38.15700,0.01180,3.37330,3.37330,0.44950,3.32890,8.93590,0.2878,0.281
2020-03-31,28.16500,4.64600,23.51900,10.14900,10.14900,13.37000,13.37000,3.55400,9.81600,9.81600,9.81600,25.53000,25.73600,0.38000,0.38000,0.01370,0.37140,56.84770,41.73650,0.01470,4.38730,4.38730,0.61180,4.32740,8.76360,4.19300,4.24330
2019-12-31,29.98800,5.68100,24.30700,9.84300,9.84300,14.46400,14.46400,3.79400,10.67000,10.67000,10.67000,24.53320,24.72950,0.41000,0.42000,0.01420,0.29130,59.50550,43.89680,0.01490,4.92330,4.92330,0.65390,4.85320,8.48900,-3.2413,-3.2507
2019-09-30,32.90900,5.92900,26.98000,10.16200,10.16200,16.81800,16.81800,4.46200,12.35600,12.35600,12.35600,24.30500,24.50300,0.51000,0.50000,0.01600,0.32480,62.33510,45.79690,0.01640,6.35520,6.35520,0.75120,6.25380,7.99910,3.7918,3.7806
2019-06-30,32.91600,5.57000,27.34600,9.93400,9.93400,17.41200,17.41200,4.45200,12.96000,12.96000,12.96000,24.19800,24.38600,0.54000,0.53000,,,63.67290,47.39270,,,,,,,3.5086,3.4983
2019-03-31,27.29600,5.05800,22.23800,10.06400,10.06400,12.17400,12.17400,3.44200,8.73200,8.73200,8.73200,24.23900,24.54100,0.36000,0.36000,,,54.74410,39.26610,,,,,,,-2.75710,-2.77060
2018-12-31,,,,,,,,,,,,,,,0.00000,,,,,,,,,,,0.7549,0.7994
2018-09-30,27.91100,3.85400,24.05700,10.73800,10.73800,13.31900,13.31900,3.46600,9.85300,9.85300,9.85300,24.25810,24.56790,0.41000,0.40000,,,56.10600,41.50550,,,,,,,-0.7549,-0.7994
2017-12-31,,,,,,,,,,,,,,,0.00000,,,,,,,,,,,0,0
