Date,revenue,cost-goods-sold,gross-profit,selling-general-administrative-expenses,other-operating-income-expenses,operating-expenses,operating-income,total-non-operating-income-expense,pre-tax-income,total-provision-income-taxes,income-after-taxes,income-from-continuous-operations,net-income,ebitda,ebit,basic-shares-outstanding,shares-outstanding,eps-basic-net-earnings-per-share,eps-earnings-per-share-diluted,current-ratio,long-term-debt-capital,debt-equity-ratio,gross-margin,operating-margin,ebit-margin,pre-tax-profit-margin,net-profit-margin,asset-turnover,inventory-turnover,receiveable-turnover,days-sales-in-receivables,roe,return-on-tangible-equity,roa,roi,book-value-per-share,operating-cash-flow-per-share,free-cash-flow-per-share
2024-03-31,6169.00000,2730.00000,3439.00000,721.00000,17.00000,704.00000,2735.00000,-327.00000,2409.00000,479.00000,1930.00000,1930.00000,1929.00000,3245.00000,2735.00000,721.80000,725.90000,2.67000,2.66000,0.83030,1.15140,-7.73180,55.74650,44.33460,44.33460,39.05010,31.26930,0.11530,59.34780,2.75650,32.65040,-39.94210,-24.55160,3.60660,6.04430,-6.70600,3.29250,2.54990
2023-12-31,6406.00000,2752.20000,3653.80000,822.00000,-30.50000,852.50000,2801.30000,-286.29990,2515.00000,475.69990,2039.30100,2039.30100,2039.30000,3298.80000,2801.29800,727.90000,732.30000,2.80000,2.79000,1.16430,1.14510,-8.35880,57.03710,43.72930,43.72930,39.26010,31.83420,0.11410,51.92830,2.57480,34.95470,-43.33410,-26.32380,3.63210,6.28520,-6.51310,3.3894,2.4388
2023-09-30,6692.20000,2828.50000,3863.70000,680.20000,24.80000,655.40000,3208.30000,-284.80000,2923.50000,606.40000,2317.10000,2317.10000,2317.10000,3706.30000,3208.30000,727.20000,731.60000,3.19000,3.17000,1.71130,1.14970,-7.67790,57.73440,47.94090,47.94090,43.68520,34.62390,0.12850,59.42230,2.97820,30.22010,-47.72800,-29.63040,4.44830,7.14720,-6.69350,4.1608,3.3948
2023-06-30,6497.50000,2766.50000,3731.00000,662.70000,35.80000,626.90000,3104.10000,-287.40000,2816.70000,506.30000,2310.40000,2310.40000,2310.40000,3596.80000,3104.10000,729.60000,734.30000,3.17000,3.15000,1.34620,1.16280,-7.14330,57.42210,47.77380,47.77380,43.35050,35.55830,0.12880,52.79580,2.96200,30.38460,-46.21630,-28.99710,4.58030,7.52300,-6.86030,2.2851,1.5716
2023-03-31,5898.00000,2584.00000,3314.00000,652.00000,-129.00000,781.00000,2533.00000,-266.00000,2267.00000,465.00000,1802.00000,1802.00000,1802.00000,3023.00000,2533.00000,730.90000,735.50000,2.47000,2.45000,1.47010,1.18740,-6.42780,56.18850,42.94680,42.94680,38.43680,30.55270,0.11340,50.17480,2.84170,31.67090,-31.19760,-20.69670,3.46440,5.84540,-7.91140,3.29030,2.63090
2022-12-31,5926.50000,2517.60000,3408.90000,811.70020,-14.50000,826.20000,2582.70000,-243.79990,2338.90000,435.50010,1903.40000,1903.40000,1903.40000,3045.80000,2582.69900,736.50000,741.30000,2.59000,2.57000,1.42660,1.20080,-5.98050,57.51960,43.57880,43.57880,39.46510,32.11680,0.11750,48.41540,2.80210,32.11850,-31.70530,-21.37740,3.77390,6.36590,-8.20920,2.9526,2.266
2022-09-30,5872.10000,2426.00000,3446.10000,669.70000,-12.50000,682.20000,2763.90000,-227.70000,2536.20000,554.60000,1981.60000,1981.60000,1981.60000,3229.50000,2763.90000,734.90000,739.50000,2.70000,2.68000,1.64680,1.23200,-5.31000,58.68600,47.06830,47.06830,43.19070,33.74600,0.12110,55.89860,3.10710,28.96600,-30.17880,-21.49820,4.08560,7.00210,-8.96530,3.3038,2.5967
2022-06-30,5718.40000,2416.30000,3302.10000,704.20000,-886.10000,1590.30000,1711.80000,-302.70000,1409.10000,221.10000,1188.00000,1188.00000,1188.00000,2174.00000,1711.80000,737.50000,742.00000,1.61000,1.60000,1.41360,1.22580,-5.42820,57.74520,29.93500,29.93500,24.64150,20.77500,0.11610,55.80370,3.11340,28.90720,-18.65050,-13.06610,2.41230,4.21180,-8.65810,0.8546,0.2689
2022-03-31,5665.60000,2615.50000,3050.10000,677.00000,-60.50000,737.50000,2312.60000,-771.40000,1541.20000,436.80000,1104.40000,1104.40000,1104.40000,2792.30000,2312.60000,742.60000,747.60000,1.49000,1.48000,1.09960,1.21400,-5.67350,53.83540,40.81830,40.81830,27.20280,19.49310,0.11140,52.73190,3.38430,26.59370,-18.43490,-12.54330,2.17070,3.94460,-8.10120,2.85350,2.32340
2021-12-31,6009.10100,2748.09900,3261.00200,841.90000,-22.00000,863.90100,2397.10200,-289.30010,2107.80100,468.99990,1638.80000,1638.80000,1638.80000,2878.70200,2397.10200,746.30000,751.80000,2.20000,2.18000,1.77820,1.14830,-7.74240,54.26770,39.89120,39.89120,35.07680,27.27200,0.11160,49.42630,3.20930,28.04350,-35.61830,-22.19540,3.04300,5.28280,-6.17750,3.556,2.6512
2021-09-30,6201.30000,2769.90000,3431.40000,643.70000,198.80000,444.90000,2986.50000,-295.10000,2691.40000,541.50000,2149.90000,2149.90000,2149.90000,3455.70000,2986.50000,747.10000,752.60000,2.88000,2.86000,1.33370,1.19600,-6.19000,55.33360,48.15930,48.15930,43.40060,34.66850,0.11760,55.28740,3.39150,26.53720,-37.88370,-25.53570,4.07740,7.42550,-7.59500,3.4749,2.8642
2021-06-30,5887.90000,2668.40000,3219.50000,655.50000,127.10000,528.40000,2691.10000,-315.10000,2376.00000,156.70000,2219.30000,2219.30000,2219.30000,3154.50000,2691.10000,746.60000,752.10000,2.97000,2.95000,1.44890,1.19950,-6.09890,54.67990,45.70560,45.70560,40.35400,37.69260,0.11350,55.82430,3.25600,27.64090,-38.21110,-25.84760,4.27670,7.62260,-7.77720,2.3004,1.6909
2021-03-31,5124.60000,2456.30000,2668.30000,566.40000,179.40000,387.00000,2281.30000,-328.60000,1952.70000,415.50000,1537.20000,1537.20000,1537.20000,2735.20000,2281.30000,745.80000,751.00000,2.06000,2.05000,1.19390,1.26230,-4.93720,52.06850,44.51660,44.51660,38.10440,29.99650,0.10030,54.22300,2.95590,30.44780,-21.24530,-15.40080,3.00800,5.57200,-9.69780,2.82820,2.38100
2020-12-31,5313.80100,2533.60000,2780.20100,778.30010,141.00000,637.30000,2142.90100,-312.89980,1830.00000,452.79990,1377.20000,1377.20000,1377.20000,2607.20100,2142.90000,744.60000,750.10000,1.84000,1.84000,1.01000,1.28590,-4.78480,52.32040,40.32710,40.32710,34.43860,25.91740,0.10100,49.58120,2.51800,35.74220,-17.60020,-12.99490,2.61690,5.03140,-10.49760,2.656,2.0516
2020-09-30,5418.10000,2513.40000,2904.70000,530.50000,152.20000,378.30000,2526.40000,-309.30000,2217.10000,454.50000,1762.60000,1762.60000,1762.60000,2966.50000,2526.40000,744.50000,750.00000,2.37000,2.35000,1.07260,1.31760,-4.46550,53.61110,46.62890,46.62890,40.92030,32.53170,0.10690,56.86430,2.26530,39.73020,-20.80480,-15.75450,3.47660,6.60860,-11.37040,3.916,3.3979
2020-06-30,3761.50000,2036.20000,1725.30000,647.00000,-117.20000,764.20000,961.09990,-312.40000,648.70000,164.90000,483.80000,483.80000,483.80000,1386.80000,961.09990,743.80000,748.60000,0.65000,0.65000,0.91210,1.37530,-4.09610,45.86730,25.55100,25.55100,17.24580,12.86190,0.07530,47.79810,1.31860,68.25310,-5.11250,-3.98680,0.96880,1.91890,-12.71750,-0.2789,-0.6856
2020-03-31,4714.40000,2372.50000,2341.90000,589.80000,-58.50000,648.30000,1693.60000,-248.70000,1444.90000,338.00000,1106.90000,1106.90000,1106.90000,2114.90000,1693.60000,744.80000,750.70000,1.49000,1.47000,1.89500,1.32320,-4.21290,49.67550,35.92400,35.92400,30.64870,23.47910,0.09320,60.67780,2.78090,32.36400,-11.91060,-9.28550,2.18890,3.84970,-12.49950,2.05940,1.43770
2019-12-31,5428.20100,2560.50000,2867.70100,653.60000,78.50000,575.10100,2292.60000,-265.80010,2026.80000,454.59990,1572.20100,1572.20100,1572.20000,2706.20000,2292.60000,758.10000,764.90000,2.09000,2.08000,0.98260,1.31690,-4.16270,52.82970,42.23500,42.23500,37.33830,28.96360,0.11430,51.00600,2.44050,36.87740,-19.14910,-14.44020,3.30910,6.06840,-11.00130,2.4593,1.556
2019-09-30,5502.30000,2584.70000,2917.60000,543.60000,35.30000,508.30000,2409.30000,-257.10000,2152.20000,544.30000,1607.90000,1607.90000,1607.90000,2822.70000,2409.30000,756.60000,763.90000,2.13000,2.11000,0.84310,1.35460,-3.82010,53.02510,43.78720,43.78720,39.11460,29.22230,0.12010,60.67370,2.74390,32.80030,-18.69830,-14.43230,3.51030,6.63030,-11.41840,3.0257,2.3267
2019-06-30,5409.80000,2567.20000,2842.60000,533.10000,-35.60000,568.70000,2273.90000,-266.10000,2007.80000,490.90000,1516.90000,1516.90000,1516.90000,2672.20000,2273.90000,761.80000,768.70000,1.99000,1.97000,1.20850,1.26340,-4.79590,52.54540,42.03300,42.03300,37.11410,28.03990,0.11710,58.08150,2.63250,34.18800,-22.27850,-16.15560,3.28330,5.86910,-8.96600,2.5148,1.8243
2019-03-31,5024.10000,2472.60000,2551.50000,499.10000,41.60000,457.50000,2094.00000,-262.70000,1831.30000,502.90000,1328.40000,1328.40000,1328.40000,2486.60000,2094.00000,764.90000,771.60000,1.74000,1.72000,1.46890,1.24870,-5.02100,50.78520,41.67910,41.67910,36.45030,26.44060,0.10810,60.60290,2.52130,35.69650,-20.27810,-14.97850,2.85880,5.04310,-8.58010,2.61870,1.97980
2018-12-31,5395.70000,2652.40100,2743.29900,609.80000,-134.00000,743.80000,1999.49900,-248.10000,1751.40000,336.10000,1415.30000,1415.30000,1415.30000,2378.49900,1999.50000,778.20000,785.60000,1.83000,1.82000,1.36310,1.25220,-4.96540,50.84230,37.05730,37.05730,32.45920,26.23020,0.16440,51.90610,2.21000,40.72410,-22.61440,-16.47630,4.31350,5.70300,-8.15850,1.8707,0.8067
2018-09-30,5369.40000,2547.30000,2822.10000,515.20000,110.80000,404.40000,2417.70000,-259.00000,2158.70000,521.40000,1637.30000,1637.30000,1637.30000,2792.80000,2417.70000,772.80000,779.60000,2.12000,2.10000,1.53120,1.27060,-4.69560,52.55890,45.02740,45.02740,40.20380,30.49320,0.15770,60.79480,2.36870,37.99530,-24.10420,-17.91830,4.80800,6.52240,-8.81130,3.2062,2.3052
2018-06-30,5353.90000,2614.40000,2739.50000,542.10000,64.90000,477.20000,2262.30000,-244.20000,2018.10000,521.80000,1496.30000,1496.30000,1496.30000,2627.30000,2262.30000,780.00000,787.10000,1.92000,1.90000,1.46640,1.23560,-5.29480,51.16830,42.25520,42.25520,37.69400,27.94790,0.16370,52.70970,2.41470,37.27150,-25.57340,-18.25160,4.57470,6.02460,-7.54190,1.7313,1.0128
2018-03-31,5138.90000,2611.20000,2527.70000,533.10000,148.50000,384.60000,2143.10000,-255.20000,1887.90000,512.50000,1375.40000,1375.40000,1375.40000,2506.00000,2143.10000,790.90000,798.70000,1.74000,1.72000,1.74000,1.18040,-6.54180,49.18760,41.70350,41.70350,36.73740,26.76450,0.15240,48.53530,2.63320,34.17930,-29.14720,-19.30770,4.07850,5.25950,-6.00970,2.05980,1.45750
2017-12-31,5340.20100,2674.70000,2665.50000,617.60000,96.29990,521.29900,2144.20200,-259.10000,1885.10000,1186.40000,698.70000,698.70000,698.69980,2487.00200,2144.20100,807.40000,815.50000,0.89000,0.88000,1.84290,1.12440,-9.03810,49.91390,40.15210,40.15210,35.30020,13.08380,0.15800,45.48810,2.70230,33.30550,-21.38010,-12.37140,2.06690,2.65990,-4.45170,1.3469,0.5814
2017-09-30,5754.60000,2937.10000,2817.50000,567.00000,828.90000,-261.90000,3079.40000,-259.90000,2819.50000,935.80000,1883.70000,1883.70000,1883.70000,3435.20000,3079.40000,805.30000,813.50000,2.34000,2.32000,1.28080,1.13950,-8.22940,48.96080,53.51200,53.51200,48.99560,32.73380,0.17670,54.19000,3.66770,24.53860,-54.16660,-32.19510,5.78540,7.55750,-4.36230,2.0942,1.6485
2017-06-30,6049.70000,3341.30000,2708.40000,525.40000,112.10000,413.30000,2295.10000,-233.70000,2061.40000,666.30000,1395.10000,1395.10000,1395.10000,2634.60000,2295.10000,811.60000,819.20000,1.72000,1.70000,2.14800,1.07650,-14.17620,44.76920,37.93740,37.93740,34.07440,23.06070,0.18450,58.92950,4.15130,21.67990,-69.73410,-32.10220,4.25530,5.33490,-2.46990,1.4949,1.0768
2017-03-31,5675.90000,3246.50000,2429.40000,521.30000,125.90000,395.40000,2034.00000,-226.50000,1807.50000,592.70000,1214.80000,1214.80000,1214.80000,2359.30000,2034.00000,818.80000,825.20000,1.48000,1.47000,1.83410,1.08140,-13.39720,42.80200,35.83570,35.83570,31.84520,21.40280,0.17670,57.15670,4.24620,21.19540,-59.81880,-28.05540,3.78200,4.86830,-2.49180,1.87110,1.43190
2016-12-31,6028.90100,3470.70000,2558.20100,627.50000,38.30000,589.19800,1969.00200,-234.10000,1734.90000,541.50000,1193.40000,1193.40000,1193.40000,2347.90200,1969.00200,854.40000,861.20000,1.43000,1.44000,1.39800,1.09310,-11.77500,42.43230,32.65940,32.65940,28.77640,19.79470,0.19430,58.92530,4.08990,22.00550,-54.13960,-26.28170,3.84670,5.04090,-2.69050,0.8492,0.1219
2016-09-30,6424.10000,3677.10000,2747.00000,582.90000,-26.80000,609.70000,2137.30000,-232.80000,1904.50000,629.10000,1275.40000,1275.40000,1275.40000,2507.90000,2137.30000,841.40000,847.70000,1.52000,1.50000,0.96100,1.06660,-16.01320,42.76090,33.27000,33.27000,29.64620,19.85340,0.19770,40.63090,4.75930,18.91040,-78.52970,-30.89030,3.92590,5.23070,-1.95580,2.7508,2.2701
2016-06-30,6265.00000,3679.00000,2586.00000,596.10000,-132.00000,728.10000,1857.90000,-207.70000,1650.20000,557.30000,1092.90000,1092.90000,1092.90000,2241.20000,1857.90000,864.00000,871.20000,1.27000,1.25000,1.89210,0.97600,40.64060,41.27690,29.65520,29.65520,26.34000,17.44450,0.18900,42.09380,4.94440,18.20260,170.76540,-58.80230,3.29720,4.10090,0.75000,1.4891,1.1013
2016-03-31,5903.90000,3590.40000,2313.50000,578.00000,44.80000,533.20000,1780.30000,-203.90000,1576.40000,451.60000,1124.80000,1124.80000,1124.80000,2164.00000,1780.30000,888.90000,896.30000,1.27000,1.25000,1.76710,0.85810,6.04520,39.18600,30.15460,30.15460,26.70100,19.05180,0.17470,38.31800,5.08040,17.71520,29.11730,86.97820,3.32830,4.13290,4.40080,1.94710,1.52460
2015-12-31,6341.30000,3834.80000,2506.50000,675.10000,49.00000,626.10000,1880.40000,-169.60000,1710.80000,504.59990,1206.20000,1206.20000,1206.20000,2270.10000,1880.40000,939.40000,944.60000,1.31000,1.30000,3.26840,0.77290,3.40330,39.52660,29.65320,29.65320,26.97870,19.02130,0.16710,38.30970,4.88280,18.43200,17.01770,26.38470,3.17930,3.86480,7.81640,1.4023,1.0139
2015-09-30,6615.10000,4023.80000,2591.30000,584.00000,23.00000,561.00000,2030.30000,-151.90000,1878.40000,569.20000,1309.20000,1309.20000,1309.20000,2418.00000,2030.30000,930.30000,934.80000,1.41000,1.40000,1.51960,0.68400,2.16500,39.17250,30.69190,30.69190,28.39560,19.79110,0.20070,40.52170,5.82210,15.45830,15.75490,22.85530,3.97210,4.97790,9.05010,2.165,1.703
2015-06-30,6497.70000,4007.30000,2490.40000,592.40000,-48.70000,641.10000,1849.30000,-136.90000,1712.40000,510.00000,1202.40000,1202.40000,1202.40000,2241.50000,1849.30000,953.20000,957.60000,1.26000,1.26000,2.16320,0.62900,1.69510,38.32740,28.46080,28.46080,26.35390,18.50500,0.18590,39.17200,5.51310,16.32490,11.38540,15.15620,3.44060,4.22450,11.21350,1.5951,1.1574
2015-03-31,5958.90000,3757.90000,2201.00000,582.80000,-232.70000,815.50000,1385.50000,-131.40000,1254.10000,442.60000,811.50000,811.50000,811.50000,1771.60000,1385.50000,960.60000,965.50000,0.84000,0.84000,1.30560,0.55620,1.25330,36.93640,23.25090,23.25090,21.04580,13.61830,0.18530,38.03540,5.45790,16.49000,7.11640,9.21130,2.52370,3.15820,11.89700,1.76020,1.35360
2014-12-31,6572.20100,4098.09900,2474.10300,662.49990,-59.90000,722.40100,1751.70200,-155.60000,1596.10000,498.60000,1097.50000,1097.50000,1097.50000,2159.20200,1751.70100,980.50000,986.30000,1.14000,1.12000,1.52320,0.53750,1.16200,37.64490,26.65320,26.65320,24.28560,16.69910,0.19200,37.25540,5.41190,16.63000,8.53860,10.84690,3.20650,3.94940,13.34860,1.5105,0.8264
2014-09-30,6987.10000,4305.90000,2681.20000,575.80000,-32.90000,608.70000,2072.50000,-151.40000,1921.10000,852.70000,1068.40000,1068.40000,1068.40000,2485.90000,2072.50000,978.70000,983.80000,1.09000,1.09000,1.24660,0.51580,1.11040,38.37360,29.66180,29.66180,27.49500,15.29100,0.19400,41.00860,5.69590,15.80100,7.84090,9.87910,2.96610,3.79640,14.00110,1.8958,1.2149
2014-06-30,7181.70000,4397.40000,2784.30000,629.20000,33.90000,595.30000,2189.00000,-117.50000,2071.50000,684.40000,1387.10000,1387.10000,1387.10000,2602.20000,2189.00000,987.40000,993.20000,1.40000,1.40000,1.74360,0.47970,0.95520,38.76940,30.48030,30.48030,28.84410,19.31440,0.19010,39.72360,5.54790,16.22250,8.58620,10.46660,3.67150,4.46780,16.45270,1.5023,0.9072
2014-03-31,6700.30000,4184.20000,2516.10000,620.40000,40.30000,580.10000,1936.00000,-152.70000,1783.30000,578.50000,1204.80000,1204.80000,1204.80000,2346.39900,1936.00000,989.60000,995.90000,1.22000,1.21000,1.55950,0.46130,0.86250,37.55200,28.89420,28.89420,26.61520,17.98130,0.18420,39.39930,5.44870,16.51760,7.46110,9.08860,3.31270,4.01960,16.33720,1.91520,1.34400
2013-12-31,7093.19900,4350.39900,2742.80000,627.80000,85.40000,542.40200,2200.39800,-145.20000,2055.20000,658.20010,1397.00000,1397.00000,1397.00000,2608.99800,2200.39900,998.40000,1006.00000,1.40000,1.39000,1.59310,0.46880,0.88260,38.66800,31.02120,31.02130,28.97420,19.69490,0.19370,35.16900,5.37450,16.74590,8.72600,10.63410,3.81420,4.63510,16.16490,1.8529,0.9578
2013-09-30,7323.40000,4412.80000,2910.60000,554.30000,60.40000,493.90000,2416.70000,-144.10000,2272.60000,750.40000,1522.20000,1522.20000,1522.20000,2811.20000,2416.70000,997.30000,1004.20000,1.53000,1.52000,1.23850,0.47070,0.88940,39.74380,32.99970,32.99970,31.03200,20.78540,0.20600,39.01680,5.69780,15.79550,10.03770,12.36450,4.28170,5.31260,15.24110,2.0562,1.3664
2013-06-30,7083.80000,4318.60000,2765.20000,607.00000,39.50000,567.50000,2197.70000,-137.80000,2059.90000,663.40000,1396.50000,1396.50000,1396.50000,2588.60000,2197.70000,1001.40000,1008.70000,1.39000,1.38000,1.65140,0.46850,0.88130,39.03560,31.02430,31.02430,29.07900,19.71400,0.20560,40.06120,5.44110,16.54070,9.20520,11.26930,4.05330,4.89300,15.17680,1.5002,0.9047
2013-03-31,6605.30000,4121.20000,2484.10000,596.50000,61.90000,534.60000,1949.50000,-132.70000,1816.80000,546.60000,1270.20000,1270.20000,1270.20000,2340.60000,1949.50000,1002.70000,1010.80000,1.27000,1.26000,1.38910,0.45660,0.84040,37.60770,29.51420,29.51420,27.50520,19.23000,0.19360,39.17490,5.37020,16.75930,8.34110,10.21170,3.72230,4.53220,15.19020,1.66890,1.04150
2012-12-31,6952.09900,4223.79900,2728.30000,624.50000,94.00000,530.50000,2197.80000,-129.80000,2068.00000,671.90000,1396.10000,1396.10000,1396.10000,2583.80000,2197.80100,1010.10000,1020.20000,1.39000,1.38000,1.44640,0.47130,0.89140,39.24430,31.61350,31.61350,29.74640,20.08170,0.19650,34.70670,5.05500,17.80430,9.12870,11.17810,3.94530,4.82640,15.25240,1.7898,0.8233
2012-09-30,7152.40000,4297.80000,2854.60000,620.90000,53.50000,567.40000,2287.20000,-133.60000,2153.60000,698.60000,1455.00000,1455.00000,1455.00000,2659.10000,2287.20000,1006.10000,1015.40000,1.45000,1.43000,1.01360,0.47870,0.95530,39.91110,31.97810,31.97810,30.11020,20.34280,0.21150,39.39320,5.59960,16.07250,10.47960,13.06120,4.30160,5.46250,13.82880,1.9945,1.2422
2012-06-30,6915.90000,4200.00000,2715.90000,617.30000,56.40000,560.90000,2155.00000,-145.10000,2009.90000,662.90000,1347.00000,1347.00000,1347.00000,2520.90000,2155.00000,1013.80000,1023.90000,1.33000,1.32000,1.24230,0.47540,0.96710,39.27040,31.16010,31.16010,29.06200,19.47690,0.20750,37.60070,5.35870,16.79520,9.59740,11.86330,4.04110,5.03450,13.91820,1.458,0.7591
2012-03-31,6546.60000,4029.10000,2517.50000,592.50000,39.60000,552.90000,1964.60000,-117.10000,1847.50000,580.80000,1266.70000,1266.70000,1266.70000,2329.30000,1964.60000,1018.20000,1030.00000,1.24000,1.23000,1.16680,0.45130,0.87170,38.45510,30.00950,30.00950,28.22080,19.34900,0.19640,36.07070,5.30350,16.97000,8.64020,10.60760,3.80000,4.74130,14.42680,1.58590,1.01470
2011-12-31,6822.69900,4109.10100,2713.59800,661.20000,67.60000,593.59800,2120.00000,-136.30000,1983.70000,607.10000,1376.60000,1376.60000,1376.60000,2487.50000,2120.00100,1032.10000,1044.90000,1.34000,1.32000,1.25470,0.45750,0.86870,39.77310,31.07270,31.07280,29.07500,20.17680,0.20680,35.18070,5.11180,17.60640,9.56620,11.72870,4.17280,5.19000,14.08870,1.6902,0.7981
2011-09-30,7166.30000,4259.50000,2906.80000,580.90000,68.80000,512.10000,2394.70000,-131.50000,2263.20000,755.90000,1507.30000,1507.30000,1507.30000,2753.00000,2394.70000,1028.80000,1041.30000,1.47000,1.45000,0.87080,0.45170,0.93940,40.56210,33.41610,33.41610,31.58120,21.03320,0.22200,37.03910,5.95260,15.11950,11.30060,14.08720,4.66980,6.19620,13.03580,2.1023,1.431
2011-06-30,6905.40000,4179.80000,2725.60000,588.00000,51.50000,536.50000,2189.10000,-122.70000,2066.40000,656.20000,1410.20000,1410.20000,1410.20000,2539.20000,2189.10000,1035.60000,1047.70000,1.36000,1.35000,1.01940,0.42520,0.82140,39.47060,31.70130,31.70130,29.92440,20.42170,0.21030,36.34610,5.52830,16.27990,9.43100,11.53310,4.29510,5.42060,14.49340,1.5777,1.011
2011-03-31,6111.60000,3771.00000,2340.60000,563.60000,48.90000,514.70000,1825.90000,-127.00000,1698.90000,489.90000,1209.00000,1209.00000,1209.00000,2165.00000,1825.90000,1042.40000,1054.60000,1.16000,1.15000,0.89890,0.42130,0.83310,38.29770,29.87600,29.87600,27.79800,19.78210,0.19050,33.82060,5.26730,17.08670,8.36470,10.25970,3.76870,4.84030,13.92980,1.47270,0.99030
2010-12-31,6214.09900,3739.60000,2474.49900,665.80000,48.50000,617.29900,1857.20000,-123.60000,1733.60000,491.30000,1242.30000,1242.30000,1242.30000,2191.30000,1857.20000,1066.00000,1080.30000,1.18000,1.16000,1.49370,0.44000,0.78620,39.82070,29.88690,29.88690,27.89780,19.99160,0.19430,34.02730,5.27020,17.07710,8.48900,10.31120,3.88520,4.75410,13.88970,1.576,0.8268
2010-09-30,6304.90000,3698.40000,2606.50000,556.30000,46.30000,510.00000,2096.50000,-122.00000,1974.50000,586.10000,1388.40000,1388.40000,1388.40000,2409.20000,2096.50000,1061.00000,1074.90000,1.31000,1.29000,1.27870,0.45440,0.83860,41.34090,33.25190,33.25190,31.31690,22.02100,0.20230,35.69880,6.22030,14.46880,10.18050,12.48980,4.45450,5.55470,12.90850,1.8341,1.3399
2010-06-30,5945.50000,3549.10000,2396.40000,564.90000,13.80000,551.10000,1845.30000,-110.00000,1735.30000,509.50000,1225.80000,1225.80000,1225.80000,2156.80000,1845.30000,1072.10000,1085.90000,1.14000,1.13000,1.22600,0.43940,0.80920,40.30610,31.03690,31.03690,29.18680,20.61730,0.20730,37.59640,6.16690,14.59410,9.33460,11.43690,4.27470,5.23330,12.33840,1.155,0.7903
2010-03-31,5610.10000,3450.20000,2159.90000,546.30000,60.50000,485.80000,1674.10000,-117.20000,1556.90000,467.10000,1089.80000,1089.80000,1089.80000,1992.00000,1674.10000,1076.00000,1090.10000,1.01000,1.00000,1.35150,0.42610,0.74380,38.50020,29.84080,29.84080,27.75170,19.42570,0.18810,34.74520,6.03240,14.91950,7.71990,9.35800,3.65390,4.43020,13.12210,1.30510,0.93650
2009-12-31,5973.40000,3619.99900,2353.40100,655.80000,128.70000,527.10000,1826.30100,-125.30000,1701.00000,484.20000,1216.80000,1216.80000,1216.80000,2144.00100,1826.30000,1092.20000,1107.40000,1.13000,1.11000,1.14310,0.42940,0.75380,39.39800,30.57390,30.57390,28.47620,20.37030,0.19760,34.08660,5.63320,15.97680,8.67040,10.48180,4.02580,4.94750,13.03420,1.2112,0.6495
2009-09-30,6046.70000,3638.40000,2408.30000,549.60000,74.10000,475.50000,1932.80000,-111.20000,1821.60000,560.60000,1261.00000,1261.00000,1261.00000,2244.70000,1932.80000,1084.50000,1098.20000,1.16000,1.15000,1.01760,0.44690,0.84020,39.82830,31.96460,31.96460,30.12550,20.85440,0.20110,34.06740,6.87590,13.08910,9.56060,11.69610,4.19320,5.28780,12.22170,1.6869,1.249
2009-06-30,5647.20000,3477.30000,2169.90000,531.50000,43.10000,488.40000,1681.50000,-89.50000,1592.00000,498.30000,1093.70000,1093.70000,1093.70000,1985.90000,1681.50000,1097.30000,1111.40000,1.00000,0.98000,1.26500,0.44200,0.83060,38.42440,29.77580,29.77580,28.19100,19.36710,0.19340,33.89180,6.06900,14.82950,8.25770,10.02920,3.74460,4.60750,12.13990,1.2895,0.8943
2009-03-31,5077.40000,3217.20000,1860.20000,497.30000,37.50000,459.80000,1400.40000,-28.00000,1372.40000,392.90000,979.50000,979.50000,979.50000,1682.60000,1400.40000,1109.60000,1124.40000,0.88000,0.87000,1.55920,0.45100,0.82310,36.63690,27.58110,27.58110,27.02960,19.29140,0.18260,32.43150,5.62030,16.01330,7.72290,9.34180,3.52200,4.23970,11.49670,1.00560,0.63770
