Date,revenue,cost-goods-sold,gross-profit,research-development-expenses,selling-general-administrative-expenses,other-operating-income-expenses,operating-expenses,operating-income,total-non-operating-income-expense,pre-tax-income,total-provision-income-taxes,income-after-taxes,income-from-continuous-operations,income-from-discontinued-operations,net-income,ebitda,ebit,basic-shares-outstanding,shares-outstanding,eps-basic-net-earnings-per-share,eps-earnings-per-share-diluted,current-ratio,long-term-debt-capital,debt-equity-ratio,gross-margin,operating-margin,ebit-margin,pre-tax-profit-margin,net-profit-margin,asset-turnover,receiveable-turnover,days-sales-in-receivables,roe,return-on-tangible-equity,roa,roi,book-value-per-share,operating-cash-flow-per-share,free-cash-flow-per-share
2023-09-30,12.77800,5.05700,7.72100,3.94200,4.56800,,9.04100,-1.32000,-0.21800,-1.53800,0.00900,-1.54700,-1.54700,,-1.54700,-0.03600,-1.32000,42.76400,47.42500,-0.04000,-0.04000,2.44100,0.01120,0.01730,60.42420,-10.33030,-10.33030,-12.03630,-12.10680,0.26030,1.57130,57.27660,-4.15030,-8.26430,-3.15190,-4.10370,0.85800,-0.0073,-0.0059
2023-06-30,12.52200,5.41800,7.10400,4.09600,5.17700,,9.80300,-2.69900,-0.03100,-2.73000,0.01400,-2.74400,-2.74400,,-2.74400,-1.74600,-2.69900,42.50100,47.16200,-0.06000,-0.06000,2.36670,0.01140,0.01840,56.73220,-21.55410,-21.55410,-21.80160,-21.91340,0.24690,1.62120,55.51510,-7.14400,-14.20000,-5.40980,-7.06250,0.88590,-0.0295,-0.0322
2023-03-31,12.21600,5.42400,6.79200,4.16400,6.58700,,11.29500,-4.50300,0.05700,-4.44600,0.03000,-4.47600,-4.47600,,-4.47600,-3.61400,-4.50300,42.49600,47.15700,-0.11000,-0.09000,2.46500,0.00710,0.01120,55.59920,-36.86150,-36.86150,-36.39490,-36.64050,0.23530,1.51810,59.28540,-11.06660,-21.48930,-8.62200,-10.98780,0.93330,-0.09290,-0.10120
2022-12-31,12.29200,5.67100,6.62100,3.84000,5.73500,,10.14300,-3.52200,0.05500,-3.46700,0.10700,-3.57400,-3.57400,,-3.57400,-2.38300,-3.52200,43.22100,47.88200,-0.08000,-0.07000,2.56010,,,53.86430,-28.65280,-28.65280,-28.20530,-29.07580,0.21640,1.46400,61.47410,-8.10210,-14.91400,-6.29290,-8.10210,1.02210,-0.0107,-0.0291
2022-09-30,13.19700,4.99200,8.20500,3.52400,5.73900,,9.80400,-1.59900,0.03700,-1.56200,-0.00400,-1.55800,-1.55800,,-1.55800,-0.62500,-1.59900,43.52200,48.18300,-0.04000,-0.04000,3.00500,,,62.17320,-12.11640,-12.11640,-11.83600,-11.80570,0.21650,1.56420,57.53810,-3.18640,-5.52170,-2.55550,-3.18640,1.15320,-0.0208,-0.0309
2022-06-30,13.51000,4.86400,8.64600,3.53100,6.05900,,10.14300,-1.49700,0.01700,-1.48000,0.05100,-1.53100,-1.53100,,-1.53100,-0.56000,-1.49700,43.35700,48.01800,-0.03000,-0.03000,2.84550,,,63.99700,-11.08070,-11.08070,-10.95490,-11.33240,0.21440,1.62070,55.53220,-3.07300,-5.35110,-2.42980,-3.07300,1.17730,0.0129,0.0054
2022-03-31,13.17100,4.93500,8.23600,3.46000,5.77100,,9.76700,-1.53100,-0.02100,-1.55200,0.03000,-1.58200,-1.58200,,-1.58200,-0.54800,-1.53100,43.32700,47.98800,-0.04000,-0.03000,2.65650,,,62.53130,-11.62400,-11.62400,-11.78350,-12.01120,0.20180,1.47230,61.12980,-3.12460,-5.47590,-2.42390,-3.12460,1.19660,-0.02930,-0.05310
2021-12-31,12.79000,5.30500,7.48500,2.82300,5.63800,,9.27300,-1.78800,0.00000,-1.78800,0.24700,-2.03500,-2.03500,,-2.03500,-0.63400,-1.78800,43.91700,48.57800,-0.05200,-0.04300,2.96020,,,58.52230,-13.97960,-13.97960,-13.97970,-15.91090,0.19430,1.59460,56.44180,-3.95130,-6.96200,-3.09140,-3.95130,1.22470,-0.0099,-0.0272
2021-09-30,13.70000,5.50700,8.19300,3.17800,5.78100,,10.09000,-1.89700,5.16400,3.26700,-0.04300,3.31000,3.31000,,3.31000,-0.44300,-1.89700,43.52200,48.18300,0.08000,0.07000,2.82210,,,59.80290,-13.84670,-13.84670,23.84670,24.16060,0.19970,1.60180,56.18760,6.29370,11.20290,4.82520,6.29370,1.26830,-0.0032,-0.0046
2021-06-30,14.00600,5.46000,8.54600,4.78900,5.16700,,11.41000,-2.86400,2.48600,-0.37800,-0.04500,-0.33300,-0.33300,,-0.33300,-1.11000,-2.86400,43.83200,48.49300,-0.00800,-0.00700,2.04760,,0.10610,61.01670,-20.44840,-20.44840,-2.69880,-2.37760,0.19960,1.60290,56.14880,-0.68630,-1.36890,-0.47440,-0.68630,1.17190,-0.0015,-0.0085
2021-03-31,12.98000,5.42200,7.55800,5.32200,6.25700,,12.80500,-5.24700,-0.01200,-5.25900,0.07300,-5.33200,-5.33200,,-5.33200,-3.63900,-5.24700,43.74800,48.40900,-0.12000,-0.12000,1.95780,,0.10670,58.22800,-40.42370,-40.42370,-40.51620,-41.07860,0.18470,1.88960,47.62790,-11.07790,-23.63580,-7.58700,-11.07790,1.16410,-0.11600,-0.11810
2020-12-31,12.69100,5.45900,7.23200,5.16900,6.70800,,12.96200,-5.73000,-0.01600,-5.74600,-0.09900,-5.64700,-5.64700,0.24800,-5.39900,-4.07500,-5.73000,44.07200,48.73300,-0.12000,-0.11000,2.02090,,0.09720,56.98530,-45.15010,-45.15010,-45.27620,-42.54200,0.16500,2.00460,44.89720,-10.71780,-21.77450,-7.34020,-10.71780,1.28120,-0.0299,-0.033
2020-09-30,13.80300,5.63400,8.16900,5.16700,7.44800,,13.84500,-5.67600,-0.00300,-5.67900,-0.53500,-5.14400,-5.14400,1.47900,-3.66500,-4.03500,-5.67600,47.13100,51.79200,-0.08000,-0.07000,2.35930,,0.07610,59.18280,-41.12150,-41.12150,-41.14320,-26.55220,0.13760,0.83000,108.43950,-7.38180,-12.50210,-5.12950,-7.38180,1.56350,-0.037,-0.0421
2020-06-30,12.71600,4.96700,7.74900,5.30700,7.67300,,13.82500,-6.07600,0.03200,-6.04400,-0.38100,-5.66300,-5.66300,1.15500,-4.50800,-4.39300,-6.07600,47.04600,51.70700,-0.10000,-0.10000,2.40550,,0.07300,60.93900,-47.78230,-47.78230,-47.53070,-35.45140,0.12040,0.78750,114.29070,-7.81670,-13.26200,-5.36180,-7.81670,1.66340,0.031,0.0228
2020-03-31,12.00800,4.82800,7.18000,5.35800,7.62300,,33.75600,-26.57600,0.11000,-26.46600,-0.94300,-25.52300,-25.52300,0.64800,-24.87500,-4.66000,-26.57600,46.84000,51.50100,-0.53000,-0.53000,3.24830,,,59.79350,-221.31910,-221.31910,-220.40300,-207.15360,0.12000,0.71640,125.63120,-33.57050,-56.62220,-25.50740,-33.57050,1.71120,-0.03330,-0.04470
2019-12-31,13.44800,4.31000,9.13800,4.74500,7.21900,,13.78600,-4.64800,0.16000,-4.48800,-1.71800,-2.77000,-2.77000,2.35600,-0.41400,-2.64900,-4.64800,45.94700,50.60800,-0.01000,-0.01000,3.55740,,,67.95060,-34.56280,-34.56280,-33.37300,-3.07850,0.10800,1.78710,50.36070,-2.77450,-5.76820,-2.22490,-2.77450,2.25510,-0.0353,-0.038
2019-09-30,24.79400,12.77000,12.02400,5.13500,7.10100,,13.37200,-1.34800,0.18900,-1.15900,0.05600,-1.21500,-1.21500,,-1.21500,0.69900,-1.34800,45.64500,50.30600,-0.03000,-0.03000,4.27800,,,48.49560,-5.43680,-5.43680,-4.67450,-4.90040,0.20810,1.75840,51.18170,-1.27370,-2.21340,-1.02000,-1.27370,2.21380,0.0371,0.0269
2019-06-30,26.34100,13.92300,12.41800,5.00500,7.57700,,13.69000,-1.27200,0.21800,-1.05400,0.06000,-1.11400,-1.11400,,-1.11400,0.77300,-1.27200,45.35400,50.15400,-0.02000,-0.02000,3.68540,,,47.14320,-4.82900,-4.82900,-4.00140,-4.22910,0.21450,1.59380,56.46820,-1.16420,-2.07520,-0.90740,-1.16420,2.22590,-0.0137,-0.0282
2019-03-31,26.40600,14.25800,12.14800,4.56800,7.43300,,13.75100,-1.60300,0.18500,-1.41800,-0.11900,-1.29900,-1.29900,,-1.29900,0.43100,-1.60300,44.88300,49.93900,-0.03000,-0.03000,3.50360,,,46.00470,-6.07060,-6.07060,-5.37000,-4.91930,0.21500,1.79440,50.15680,-1.37510,-2.55230,-1.05780,-1.37510,2.24600,0.11260,0.10790
2018-12-31,23.13100,12.72000,10.41100,4.04100,6.31100,,11.48500,-1.07400,0.24900,-0.82500,-0.18800,-0.63700,-0.63700,,-0.63700,0.16400,-1.07400,42.87900,47.93600,-0.01000,-0.01000,4.33830,,,45.00890,-4.64310,-4.64310,-3.56660,-2.75390,0.20460,1.42800,63.02450,-0.67030,-1.27690,-0.56340,-0.67030,2.26140,0.0176,0.0172
2018-09-30,20.00600,10.87700,9.12900,3.86100,5.90000,,9.87100,-0.74200,0.29600,-0.44600,0.01100,-0.45700,-0.45700,,-0.45700,-0.31600,-0.74200,41.18300,46.23900,-0.01000,0.01000,7.73480,,,45.63130,-3.70890,-3.70890,-2.22930,-2.28430,0.20350,1.46610,61.38860,-0.53820,-0.53820,-0.46500,-0.53820,2.02860,0.0514,0.0389
2018-06-30,20.21800,11.38400,8.83400,3.87300,5.87800,,9.75100,-0.91700,0.26900,-0.64800,0.01000,-0.65800,-0.65800,,-0.65800,-0.50700,-0.91700,42.64000,47.69600,-0.02000,-0.02000,7.80540,,,43.69370,-4.53560,-4.53560,-3.20510,-3.25450,0.20670,1.31950,68.20560,-0.77750,-0.77750,-0.67260,-0.77750,2.02560,-0.0263,-0.032
2018-03-31,21.89600,12.82300,9.07300,3.64800,6.58000,,10.22800,-1.15500,0.24000,-0.91500,0.01100,-0.92600,-0.92600,,-0.92600,-0.63100,-1.15500,43.09500,48.15100,-0.02000,-0.02000,7.76630,,,41.43680,-5.27490,-5.27490,-4.17880,-4.22910,0.20970,1.47080,61.19060,-1.02620,-1.02620,-0.88690,-1.02620,2.04640,0.06270,0.04680
2017-12-31,21.84700,11.64900,10.19800,4.28500,6.57600,,10.86100,-0.66300,0.18200,-0.48100,0.00500,-0.48600,-0.48600,,-0.84100,-0.13800,-0.66300,42.71300,47.76900,-0.02000,0.00000,3.69940,,,46.67920,-3.03480,-3.03470,-2.20170,-3.84950,0.17640,1.47020,61.21660,-0.54000,-0.54000,-0.39250,-0.54000,2.05510,0.0001,-0.006
2017-09-30,22.05300,11.91700,10.13600,4.25600,6.75600,,11.01200,-0.87600,0.07700,-0.79900,0.01200,-0.81100,-0.81100,,-0.81100,-0.08700,-0.87600,42.87600,47.93200,-0.02000,-0.02000,10.15160,,,45.96200,-3.97230,-3.97230,-3.62310,-3.67750,0.17770,1.47230,61.13050,-0.72940,-0.72940,-0.65340,-0.72940,2.54630,0.0484,0.0407
2017-06-30,22.01600,12.17500,9.84100,4.28300,6.86500,,11.14800,-1.30700,0.04000,-1.26700,0.01300,-1.28000,-1.28000,,-1.28000,-0.58100,-1.30700,42.75400,47.81000,-0.03000,-0.03000,10.07960,,,44.69930,-5.93660,-5.93660,-5.75490,-5.81400,0.17860,1.41540,63.58780,-1.15490,-1.15490,-1.03830,-1.15490,2.55720,0.0055,-0.0134
2017-03-31,24.37500,13.59800,10.77700,5.27000,9.02200,,14.29200,-3.51500,0.01700,-3.49800,0.01200,-3.51000,-3.51000,,-3.51000,-2.76400,-3.51500,42.22500,47.28100,-0.08000,-0.08000,8.93200,,,44.21330,-14.42050,-14.42050,-14.35080,-14.40000,0.19540,1.44860,62.13050,-3.15860,-3.15860,-2.81350,-3.15860,2.54440,-0.01860,-0.01860
2016-12-31,28.40100,16.00600,12.39500,6.58700,11.51300,,18.10000,-5.70500,-0.03300,-5.73000,0.01400,-5.74400,-5.74400,,-5.74400,-4.96800,-5.70500,41.74000,46.93000,-0.13000,0.09000,8.37430,,,43.64280,-20.08730,-20.08730,-20.17540,-20.22470,0.22140,1.50100,59.96200,-5.07100,-5.07100,-4.47800,-5.07100,2.46050,-0.0172,-0.0256
2016-09-30,30.74900,18.50500,12.24400,6.83200,10.88200,,18.06800,-5.82400,-0.01500,-5.83900,0.01500,-5.85400,-5.85400,,-5.85400,-5.05700,-5.82400,41.87200,47.10500,-0.14000,-0.14000,7.75880,,,39.81920,-18.94040,-18.94040,-18.98920,-19.03800,0.23100,1.41730,63.50260,-5.03740,-5.04690,-4.39820,-5.03740,2.69270,-0.0045,-0.0094
2016-06-30,34.41200,20.47700,13.93500,7.55500,11.48200,,82.64600,-68.71100,-0.06800,-68.77900,0.01200,-68.79100,-68.79100,,-68.79100,-4.59200,-68.71100,41.73200,46.96500,-1.65000,-1.65000,7.62090,,,40.49460,-199.67160,-199.67160,-199.86920,-199.90410,0.24890,1.35350,66.49570,-57.16670,-57.27240,-49.75090,-57.16670,2.77800,-0.0077,-0.01
2016-03-31,35.98500,21.98200,14.00300,7.47200,10.18400,-0.00400,17.66000,-3.65700,0.00100,-3.66400,0.01300,-3.67700,-3.67700,,-3.67700,-2.78100,-3.65700,41.21000,46.44300,-0.09000,-0.09000,7.58870,,,38.91340,-10.16260,-10.16260,-10.18200,-10.21820,0.17610,1.35210,66.56270,-1.97730,-3.00320,-1.79900,-1.97730,4.31850,-0.04880,-0.05900
2015-12-31,34.89900,19.60100,15.29800,7.44900,8.07800,,14.05100,1.24700,-0.01000,1.23700,0.01600,1.22100,1.22100,0.04000,1.26200,2.17300,1.24700,41.16800,46.40100,0.04000,-0.03000,8.04600,,,43.83510,3.57320,3.57320,3.54450,3.61610,0.17020,1.41020,63.82190,0.65130,0.98340,0.59560,0.65130,4.17840,0.0172,0.0223
2015-09-30,36.85200,20.00300,16.84900,7.76900,8.98700,,16.83700,0.01200,-0.01200,0.00000,0.19100,-0.19100,-0.19100,0.20000,0.00900,0.91600,0.01200,41.35300,46.58600,0.00000,0.00000,6.46620,,,45.72070,0.03260,0.03260,,0.02440,0.17830,1.41750,63.48990,-0.10340,-0.15760,-0.09240,-0.10340,4.39200,0.1623,0.1465
2015-06-30,35.34600,19.79700,15.54900,8.14700,8.75000,,17.01500,-1.46600,-0.01600,-1.48200,-0.18500,-1.29700,-1.29700,22.16500,20.84900,-0.51200,-1.46600,41.30500,46.53800,0.50000,0.50000,6.08770,,,43.99080,-4.14760,-4.14760,-4.19280,58.98550,0.17020,1.15390,77.99950,-0.70420,-1.07510,-0.62450,-0.70420,4.35260,-0.0388,-0.0824
2015-03-31,35.91600,19.36600,16.55000,7.69300,9.15700,,16.85000,-0.30000,-0.02500,-0.32500,0.00500,-0.33000,-0.33000,4.91300,4.56400,0.57700,-0.30000,40.99900,46.23200,0.11000,0.11000,4.87020,,,46.07970,-0.83530,-0.83530,-0.90490,12.70740,0.19260,1.27920,70.35420,-0.20390,-0.34450,-0.17700,-0.20390,3.82520,0.13410,0.11570
2014-12-31,28.82500,16.18000,12.64500,6.96200,7.60300,,14.56500,-1.92000,-0.01900,-1.93900,-0.87000,-1.06900,-1.06900,1.64000,0.54200,-1.01000,-1.92000,40.01000,45.86300,0.00000,0.06000,4.66910,,,43.86820,-6.66090,-6.66090,-6.72680,1.88030,0.15950,1.10560,81.40430,-0.68460,-1.18570,-0.59170,-0.68460,3.48180,0.0992,0.0774
2014-09-30,47.23800,31.27000,15.96800,7.58100,8.19400,,15.77500,0.19300,-0.01900,0.17400,22.64200,-22.46800,-22.46800,0.97200,-21.52500,1.10000,0.19300,41.27400,46.50700,-0.52000,-0.52000,3.80770,,,33.80330,0.40860,0.40860,0.36830,-45.56710,0.25030,1.40490,64.06010,-14.34330,-24.78870,-11.90670,-14.34330,3.65620,0.1421,0.1186
2014-06-30,47.04200,31.45500,15.58700,7.45800,8.09700,,15.51800,0.06900,-0.02200,0.04700,0.14900,-0.10200,-0.10200,1.08200,0.94700,1.00100,0.06900,40.68400,45.92700,0.02000,0.02000,3.71970,,,33.13420,0.14670,0.14670,0.09990,2.01310,0.22550,1.35190,66.57120,-0.05780,-0.09240,-0.04890,-0.05780,4.12380,0.0774,0.0657
2014-03-31,50.49600,32.35400,18.14200,7.56000,8.74300,,16.70600,1.43600,-0.00200,1.43400,0.58800,0.84600,0.84600,0.00900,0.81900,2.79200,1.43600,36.77600,47.50200,0.02000,0.02000,2.30750,,,35.92760,2.84380,2.84380,2.83980,1.62190,0.29000,1.43740,62.61470,0.60890,1.17830,0.48590,0.60890,3.28310,0.17010,0.15590
2013-12-31,34.96700,20.65800,14.30900,6.74600,6.76800,,17.61600,-3.30700,0.01100,-3.29600,-0.77400,-2.52200,-2.52200,3.12700,0.60500,-1.91500,-3.30700,35.61400,44.43000,0.02000,0.01000,2.56830,,,40.92150,-9.45750,-9.45750,-9.42600,1.73020,0.21560,1.16160,77.47820,-1.87150,-3.70020,-1.55540,-1.87150,3.50100,0.142,0.128
2013-09-30,40.56000,25.29300,15.26700,6.83300,7.48000,1.04700,14.26100,1.00600,-0.01900,0.98700,0.38900,0.59800,0.59800,0.88300,1.48100,2.66400,1.00600,35.68500,45.65400,0.04000,0.04000,2.34530,,,37.64050,2.48030,2.48030,2.43340,3.65140,0.25370,1.31310,68.54070,0.45340,0.92300,0.37410,0.45340,3.45120,0.0939,0.078
2013-06-30,37.57800,22.58400,14.99400,6.94400,8.43200,1.32900,15.09200,-0.09800,-0.01200,-0.11000,0.24400,-0.35400,-0.35400,,-0.35400,1.56700,-0.09800,35.42300,44.99300,-0.01000,-0.01000,1.93610,,,39.90100,-0.26080,-0.26080,-0.29270,-0.94200,0.23590,1.09650,82.07970,-0.27820,-0.59850,-0.22220,-0.27820,3.36680,0.0226,0.0023
2013-03-31,34.73200,20.14800,14.58400,6.80800,7.44100,1.36200,14.28700,0.29700,-0.01700,0.28000,0.16400,0.11600,0.11600,-0.03100,0.08500,2.26500,0.29700,35.15500,45.12000,0.00000,0.00000,1.96680,,,41.99010,0.85510,0.85510,0.80620,0.24470,0.22790,1.20340,74.78930,0.09300,0.20680,0.07610,0.09300,3.30880,0.04750,0.02950
2012-12-31,29.60900,16.74900,12.86000,5.86200,7.69200,0.86200,30.17200,-17.31200,-0.01900,-17.33100,16.11800,-33.44900,-33.44900,-0.88500,-34.72900,1.38900,-17.31200,33.98600,43.56000,-1.02000,-0.79000,1.90360,,,43.43280,-58.46870,-58.46870,-58.53290,-117.29200,0.19850,1.12790,79.79600,-27.20870,-62.93440,-22.42690,-27.20870,3.27410,0.1,0.0858
2012-09-30,33.69100,19.74400,13.94700,5.51000,8.22000,0.71300,14.36800,-0.42100,-0.11800,-0.53900,-0.04900,-0.49000,-0.49000,-0.05300,-0.66600,1.53800,-0.42100,34.10600,43.67600,-0.02000,-0.02000,1.74710,,,41.39680,-1.24960,-1.24960,-1.59980,-1.97680,0.16290,1.30610,68.90980,-0.29580,-0.62920,-0.23700,-0.29580,4.39750,0.0904,0.071
2012-06-30,34.01300,19.34900,14.66400,5.80100,9.95100,3.25800,13.57600,1.08800,-0.11500,0.97300,0.57700,0.39600,0.39600,,0.33000,3.04700,1.08800,33.91100,44.77800,0.01000,0.01000,1.63580,,,43.11290,3.19880,3.19880,2.86070,0.97020,0.16390,1.28780,69.88740,0.24120,0.52850,0.19090,0.24120,4.35810,0.1749,0.1598
2012-03-31,35.48100,20.07800,15.40300,6.02700,10.03200,1.46300,16.00100,-0.59800,-0.19700,-0.79500,-0.08000,-0.71500,-0.71500,,-0.78800,1.97900,-0.59800,33.62000,43.18900,-0.02000,-0.02000,1.34240,,,43.41200,-1.68540,-1.68540,-2.24060,-2.22090,0.15950,1.14440,78.64120,-0.44470,-1.02190,-0.32150,-0.44470,4.32180,0.09160,0.07420
2011-12-31,31.02300,15.21300,15.81000,5.64500,8.71200,2.31000,14.12300,1.68700,-0.19000,1.49700,0.71200,0.78500,0.78500,,0.92000,4.35600,1.68700,33.28600,45.24600,0.02400,0.01800,1.27650,,,50.96220,5.43790,5.43790,4.82550,2.96550,0.14100,1.00630,89.43430,0.49370,1.18790,0.35670,0.49370,4.23470,0.0847,0.0539
2011-09-30,39.86200,21.84800,18.01400,6.13200,10.40700,2.48600,15.78700,2.22700,-0.19600,2.03100,0.77800,1.25300,1.25300,,1.18700,4.89000,2.22700,33.52700,45.79500,0.04000,0.03000,1.69040,,,45.19090,5.58680,5.58680,5.09510,2.97780,0.18180,1.25320,71.81460,0.79720,2.06240,0.57140,0.79720,4.21730,0.1036,0.091
2011-06-30,38.76100,21.70000,17.06100,5.93700,10.07300,2.71200,15.96700,1.09400,-0.17400,0.92000,0.77900,0.14100,0.14100,,0.08000,3.72400,1.09400,33.52300,45.04500,0.00000,0.00000,1.47490,,,44.01590,2.82240,2.82240,2.37350,0.20640,0.18050,1.22110,73.70130,0.09310,0.26620,0.06560,0.09310,4.10340,0.126,0.1031
2011-03-31,29.08000,16.67200,12.40800,4.88900,7.85000,1.91300,11.69200,0.71600,0.10200,0.81800,0.24200,0.57600,0.57600,,0.51300,2.22700,0.71600,32.40600,44.49100,0.01600,0.01200,3.42820,,,42.66850,2.46220,2.46220,2.81290,1.76410,0.17480,1.01170,88.96030,0.40260,0.54930,0.34620,0.40260,3.85060,0.05660,0.03530
2010-12-31,27.97580,16.64780,11.32810,4.32200,7.62210,2.12180,10.43170,0.89630,-0.00490,0.89140,0.24620,0.64530,0.64530,,0.59250,2.59900,0.89630,32.65400,43.31500,0.02000,0.02000,3.63950,,,40.49240,3.20400,3.20390,3.18650,2.11790,0.17520,1.19230,75.48200,0.46190,0.64070,0.40410,0.46190,3.93550,0.1362,0.1201
2010-09-30,24.19480,14.60420,9.59060,4.19340,7.86700,2.63260,10.13190,-0.54130,0.10260,-0.43870,0.05420,-0.49290,-0.49290,,-0.54740,1.38090,-0.54130,32.50550,43.06250,-0.02000,-0.02000,3.30350,,,39.63920,-2.23710,-2.23710,-1.81310,-2.26250,0.15220,0.90280,99.68440,-0.35710,-0.50250,-0.31000,-0.35710,3.93720,-0.0175,-0.0359
2010-06-30,21.39340,13.65550,7.73780,4.32630,7.80090,0.69020,12.14800,-4.41010,0.03690,-4.37320,-1.24560,-3.12760,-3.12760,,-3.17570,-2.43780,-4.41010,32.78100,43.56800,-0.10000,-0.07000,3.58520,,,36.16920,-20.61440,-20.61440,-20.44170,-14.84450,0.13760,1.07500,83.72460,-2.27450,-3.24500,-2.01190,-2.27450,3.89940,0.0291,0.0132
2010-03-31,24.00200,12.64950,11.35250,3.96230,7.74700,1.32730,11.08640,0.26610,-0.00570,0.26040,0.32820,-0.06780,-0.06780,,-0.11130,2.36290,0.26610,33.00700,43.84200,0.00000,0.00000,3.76100,,,47.29810,1.10850,1.10850,1.08490,-0.46390,0.15280,1.15550,77.88580,-0.04830,-0.06920,-0.04310,-0.04830,3.98600,0.06890,0.03990
2009-12-31,23.43720,12.69850,10.73860,3.50820,7.39870,1.87900,9.84000,0.89870,0.00040,0.89910,0.86280,0.03630,0.03630,,-0.01370,3.19830,0.89870,33.71400,44.59800,0.00000,0.00000,3.43600,,,45.81880,3.83430,3.83430,3.83620,-0.05840,0.14710,1.16240,77.42870,0.02560,0.03700,0.02280,0.02560,3.99870,0.0815,0.0593
2009-09-30,22.17180,12.04830,10.12360,3.36930,7.21130,1.04810,10.74380,-0.62030,-0.01360,-0.63390,-1.37680,0.74290,0.74290,,0.69630,2.09380,-0.62030,33.59300,44.79900,0.02000,0.02000,3.78950,,,45.65960,-2.79750,-2.79750,-2.85910,3.14070,0.14090,1.20330,74.79380,0.51950,0.76140,0.47220,0.51950,3.96580,0.1145,0.1028
2009-06-30,21.08110,11.02450,10.05660,3.44630,7.66950,0.85460,11.59590,-1.53930,-0.01890,-1.55820,-0.39010,-1.16820,-1.16820,,-1.21800,1.42920,-1.53930,33.32400,44.19300,-0.04000,-0.03000,3.64010,,,47.70420,-7.30170,-7.30170,-7.39150,-5.77770,0.13530,1.26760,71.00170,-0.82000,-1.22960,-0.74970,-0.82000,3.93780,0.097,0.088
2009-03-31,26.57100,11.86170,14.70930,4.15420,11.65950,0.93020,17.01840,-2.30910,0.01520,-2.29400,-0.62090,-1.67300,-1.67300,,-1.71370,1.41280,-2.30910,34.66700,45.59800,-0.05000,-0.04000,2.84680,,,55.35840,-8.69040,-8.69040,-8.63340,-6.44930,0.16520,1.26900,70.91980,-1.17130,-1.78680,-1.04000,-1.17130,3.98820,0.09150,0.08110
