Date,revenue,gross-profit,selling-general-administrative-expenses,other-operating-income-expenses,operating-income,total-non-operating-income-expense,pre-tax-income,total-provision-income-taxes,income-after-taxes,income-from-continuous-operations,net-income,ebitda,ebit,basic-shares-outstanding,shares-outstanding,eps-basic-net-earnings-per-share,eps-earnings-per-share-diluted,current-ratio,debt-equity-ratio,gross-margin,operating-margin,ebit-margin,pre-tax-profit-margin,net-profit-margin,asset-turnover,receiveable-turnover,days-sales-in-receivables,roe,return-on-tangible-equity,roa,roi,book-value-per-share,operating-cash-flow-per-share,free-cash-flow-per-share
2023-09-30,0.72520,0.72520,0.38000,-0.04130,0.30380,0.00220,0.30600,-0.06360,0.36960,0.36960,0.36960,0.30380,0.30380,6.24200,6.35800,0.06000,0.06000,11.99010,,100.00000,41.89230,41.89230,42.19220,50.96270,0.03700,3.30810,27.20570,1.89730,1.89730,1.88390,1.89730,3.05060,-0.0885,-0.0885
2023-06-30,0.90750,0.90750,0.47910,-0.04760,0.33750,0.02030,0.35770,0.28700,0.07070,0.07070,0.07070,0.38080,0.38080,6.18500,6.18500,0.01000,0.01000,18.79140,,100.00000,37.18530,41.96020,39.41820,7.79290,0.04830,2.93410,30.67420,0.37850,0.37850,0.37650,0.37850,3.02090,0.5516,0.5516
2023-03-31,0.86400,0.86400,1.80910,-0.04600,-1.02580,0.04840,-0.97730,-0.25930,-0.71800,-0.71800,-0.71800,-0.99110,-0.99110,6.18500,6.18500,-0.12000,-0.12000,0.46110,0.14770,100.00000,-118.71920,-114.70700,-113.11490,-83.10430,0.04020,2.35820,38.16450,-3.85760,-3.85760,-3.33850,-3.85760,3.00950,-0.54970,-0.54970
2022-12-31,0.84750,0.84750,1.09100,-0.04560,-0.32350,-0.80070,-1.12420,-0.33720,-0.78700,-0.78700,-0.78700,-0.28910,-0.28910,5.33300,5.33300,-0.17000,-0.17000,2.11460,,100.00000,-38.16960,-34.11300,-132.64460,-92.86350,0.04520,3.37820,26.64150,-4.40380,-4.40380,-4.20090,-4.40380,2.88950,0.2496,0.2496
2022-09-30,1.11520,1.11520,1.08740,-0.04560,-0.06460,,-0.06460,-0.02840,-0.03610,-0.03610,-0.03610,-0.01780,-0.01780,5.51300,5.51300,-0.01000,-0.01000,1.22770,0.12400,100.00000,-5.78970,-1.59510,-5.78970,-3.23930,0.05250,1.18730,75.80260,-0.19360,-0.19360,-0.17000,-0.19360,3.01670,-0.4648,-0.4648
2022-06-30,1.23650,1.23650,0.40830,-0.04610,0.73430,,0.73430,0.21620,0.51800,0.51800,0.51800,0.78200,0.78200,4.82100,4.82100,0.11000,0.11000,0.61800,0.14380,100.00000,59.38110,63.24630,59.38110,41.89290,0.07350,2.81390,31.98370,3.59060,3.59060,3.07960,3.59060,1.32900,0.7978,0.7978
2022-03-31,1.00020,1.00020,0.43200,-0.04690,0.45440,0.11670,0.57110,0.15900,0.41210,0.41210,0.41210,0.52130,0.52130,4.79600,4.79600,0.09000,0.09000,0.12730,0.38510,100.00000,45.42940,52.12200,57.09930,41.20260,0.04760,1.77660,50.65890,2.98070,2.98070,1.96230,2.98070,1.28140,-1.49920,-1.49920
2021-12-31,0.67820,0.67820,0.27680,-0.04490,0.34710,-0.03010,0.31690,0.04370,0.27320,0.27320,0.27320,0.34710,0.35660,4.79500,4.79500,0.35000,0.35000,0.80250,,100.00000,51.17220,52.57450,46.73100,40.28460,0.04060,2.09100,43.04210,2.03840,2.03680,1.63620,2.03680,2.79690,-0.1208,-0.1208
2021-09-30,0.75560,0.75560,0.19500,-0.04460,0.51600,-0.48500,0.03100,-0.00030,0.03130,0.03130,0.03130,0.51600,0.51600,4.79600,4.79600,0.01000,0.01000,1.85700,,100.00000,68.29250,68.29250,4.10110,4.14080,0.04850,1.42190,63.29770,0.23810,0.23810,0.20090,0.23810,1.21790,0.0413,0.0413
2021-06-30,0.67550,0.67550,0.20600,-0.04420,0.42540,0.70470,1.13010,0.34860,0.78150,0.78150,0.78150,0.42540,0.42540,10.79000,10.79000,0.07000,0.07000,1.78730,,100.00000,62.97000,62.97000,167.28510,115.68460,0.04350,1.58510,56.77960,5.50800,5.50800,5.03280,5.50800,1.31500,0.0943,0.0943
2021-03-31,0.54680,0.54680,0.49290,-0.04100,0.01300,2.39470,2.40770,0.66270,1.74500,1.74500,1.74500,0.01300,0.01300,10.78600,10.78600,0.16000,0.16000,1.33040,,100.00000,2.37440,2.37440,440.29780,319.11270,0.03760,2.60340,34.56980,13.03080,13.03080,11.99270,13.03080,1.24150,-0.40810,-0.40810
2020-12-31,0.54220,0.54220,0.19530,-0.04010,0.30660,1.30050,1.60720,,1.31880,1.31880,1.31880,0.30680,0.30660,10.86900,10.86900,0.13000,0.13000,6.71610,,100.00000,56.55550,56.55550,296.43490,243.24090,0.04330,6.36170,14.14720,11.32880,11.32880,10.54100,11.32880,1.07930,0.3145,0.3145
2020-09-30,0.28700,0.28700,0.14310,-0.03720,0.10610,0.47730,0.58330,,0.58330,0.58330,0.58330,0.10670,0.10610,10.69700,10.69700,0.05000,0.05000,47.14490,,100.00000,36.96010,36.96010,203.23170,203.23170,0.02640,1.22450,73.49720,5.39880,5.39880,5.37050,5.39880,1.01010,-0.2234,-0.2234
2020-06-30,0.28350,0.28350,0.17600,-0.03720,0.06950,0.52380,0.59340,,0.59340,0.59340,0.59340,0.07020,0.06950,10.88200,10.88200,0.05000,0.05000,2.89280,,100.00000,24.53500,24.53500,209.33410,209.33410,0.02370,1.24440,72.32650,5.80500,5.80500,4.96060,5.80500,0.95560,-0.0431,-0.0431
2020-03-31,0.18500,0.18500,0.06770,-0.03700,0.07960,-0.36150,-0.28190,,-0.28190,-0.28190,-0.28190,0.08020,0.07960,11.06700,11.06700,-0.03000,-0.03000,70.74750,,100.00000,43.02490,43.02490,-152.40540,-152.40540,0.01880,3.73910,24.07020,-2.88060,-2.88060,-2.85850,-2.88060,0.88430,-0.27460,-0.27460
2019-12-31,0.03630,0.03630,0.12770,-0.03710,-0.12920,-0.04570,-0.17490,,-0.17490,-0.17490,-0.17490,-0.12850,-0.12920,11.06700,11.06700,-0.02000,-0.02000,119.98590,,100.00000,-355.91290,-355.91280,-481.90820,-481.90820,0.00360,5.58260,16.12150,-1.73680,-1.73680,-1.72480,-1.73680,0.90980,0.2008,0.2008
2019-09-30,0.04300,0.04300,0.15220,-0.03690,-0.14670,-0.19860,-0.34530,,-0.34530,-0.34530,-0.34530,-0.14610,-0.14670,11.06700,11.06700,-0.03000,-0.03000,56.08290,,100.00000,-341.10490,-341.10490,-802.86000,-802.86000,0.00420,0.38080,236.36220,-3.37080,-3.37080,-3.33420,-3.37080,0.92560,0.3117,0.3117
2019-06-30,0.04290,0.04290,0.24380,-0.03750,-0.23900,-1.06250,-1.30150,,-1.30150,-1.30150,-1.30150,-0.23840,-0.23900,11.06700,11.06700,-0.12000,-0.12000,27.33070,,100.00000,-556.47860,-556.47860,-3030.33600,-3030.33600,0.00400,0.20670,435.37340,-12.29140,-12.29140,-12.16620,-12.29140,0.95680,-0.0487,-0.0487
2019-03-31,0.03940,0.03940,0.15170,-0.04500,-0.15790,1.32260,1.16470,,1.16470,1.16470,1.16470,-0.15730,-0.15790,11.06700,11.06700,0.11000,0.11000,21.69190,,100.00000,-400.61140,-400.61140,2954.58800,2954.58800,0.00330,0.49080,183.36080,9.79520,9.79520,9.66600,9.79520,1.07440,0.22780,0.22780
2018-12-31,0.04510,0.04510,0.14800,-0.03080,-0.13580,0.51850,0.38270,,0.38270,0.38270,0.38270,-0.13370,-0.13580,11.06700,11.06700,0.03000,0.03000,32.95260,,100.00000,-300.85490,-300.85500,847.65110,847.65110,0.00400,0.49130,183.20160,3.39300,3.39300,3.38060,3.39300,1.01910,-0.0007,-0.0007
2018-09-30,0.03200,0.03200,0.10280,-0.04390,-0.11730,0.64210,0.52480,,0.52480,0.52480,0.52480,-0.11470,-0.11730,11.06700,11.06700,0.05000,0.05000,29.56500,,100.00000,-366.68750,-366.68750,1639.97500,1639.97500,0.00290,0.50750,177.35620,4.81630,4.81630,4.79980,4.81630,0.98460,-0.0138,-0.0138
2018-06-30,0.03910,0.03910,0.11940,-0.04210,-0.12510,0.32770,0.20260,,0.20260,0.20260,0.20260,-0.12240,-0.12510,11.06700,11.06700,0.02000,0.02000,30.22050,,100.00000,-320.36110,-320.36110,518.82970,518.82970,0.00370,0.70180,128.23330,1.95350,1.95350,1.94560,1.95350,0.93710,-0.0577,-0.0577
2018-03-31,0.03450,0.03450,0.14230,-0.04160,-0.15210,0.69160,0.53960,,0.53960,0.53960,0.53960,-0.14940,-0.15210,11.06700,11.06700,0.05000,0.05000,10.78020,,100.00000,-440.42290,-440.42290,1562.89600,1562.89600,0.00330,0.76620,117.46270,5.30630,5.30630,5.21850,5.30630,0.91880,-0.03550,-0.03550
2017-12-31,0.04860,0.04860,0.13110,-0.04100,-0.12610,0.54670,0.42060,,0.42060,0.42060,0.42060,-0.12340,-0.12610,11.86300,11.86300,0.03000,0.03000,16.41530,,100.00000,-259.21340,-259.21340,864.84710,864.84710,0.00500,0.15860,567.52960,4.36820,4.36820,4.29950,4.36820,0.87010,-0.0144,-0.0144
2017-09-30,0.05240,0.05240,0.11070,-0.04630,-0.10730,0.19400,0.08670,,0.08670,0.08670,0.08670,-0.10460,-0.10730,12.09300,12.09300,0.01000,0.01000,80.08170,,100.00000,-204.90890,-204.90890,165.55180,165.55180,0.00570,1.86070,48.36940,0.94120,0.94120,0.93810,0.94120,0.83210,-0.0588,-0.0588
2017-06-30,0.03650,0.03650,0.14460,-0.04120,-0.15200,0.34070,0.18870,,0.18870,0.18870,0.18870,-0.14930,-0.15200,12.15100,12.15100,0.02000,0.02000,15.81390,,100.00000,-416.40140,-416.40140,516.75200,516.75200,0.00370,1.89810,47.41460,1.97440,1.97440,1.92850,1.97440,0.78640,-0.0481,-0.0481
2017-03-31,0.03660,0.03660,0.12620,-0.03730,-0.12970,0.10910,-0.02050,,-0.02050,-0.02050,-0.02050,-0.12690,-0.12970,12.15100,12.15100,0.00000,0.00000,16.62430,,100.00000,-354.58370,-354.58370,-56.11530,-56.11530,0.00380,2.85540,31.51870,-0.21900,-0.21900,-0.21340,-0.21900,0.77090,0.14210,0.14210
2016-12-31,0.10940,0.10940,0.09450,-0.07950,-0.06740,0.94730,0.88000,,0.88000,0.88000,0.88000,-0.06460,-0.06740,12.15100,12.15100,0.07000,0.07000,66.11640,,100.00000,-61.57500,-61.57500,804.50990,804.50990,0.01160,22.53910,3.99310,9.37410,9.37410,9.33790,9.37410,0.77260,0.0223,0.0223
2016-09-30,0.11320,0.11320,0.10880,-0.04040,-0.03920,0.18140,0.14230,,0.14230,0.14230,0.14230,-0.03600,-0.03920,12.15100,12.15100,0.01000,0.01000,82.06570,,100.00000,-34.58740,-34.58740,125.63060,125.63060,0.01330,4.45780,20.18940,1.67210,1.67210,1.66700,1.67210,0.70010,-0.0416,-0.0416
2016-06-30,0.07970,0.07970,0.10670,-0.03320,-0.06340,-0.29190,-0.35530,,-0.35530,-0.35530,-0.35530,-0.06020,-0.06340,12.15100,12.15100,-0.03000,-0.03000,120.13340,,100.00000,-79.48020,-79.48020,-445.61890,-445.61890,0.00950,5.95470,15.11400,-4.24720,-4.24720,-4.23590,-4.24720,0.68840,-0.0454,-0.0454
2016-03-31,0.08630,0.08630,0.09800,-0.04550,-0.06040,0.03960,-0.02080,,-0.02080,-0.02080,-0.02080,-0.05720,-0.06040,12.15100,12.15100,0.00000,0.00000,100.66870,,100.00000,-69.96280,-69.96280,-24.14190,-24.14190,0.00990,14.07060,6.39630,-0.23900,-0.23900,-0.23810,-0.23900,0.71770,0.01240,0.01240
2015-12-31,0.13780,0.13780,0.11420,-0.04440,-0.02400,0.31460,0.29060,,0.29060,0.29060,0.29060,-0.02080,-0.02400,12.15100,12.15100,0.03000,0.03000,32.84040,,100.00000,-17.42390,-17.42400,210.89150,210.89150,0.01560,5.78040,15.56980,3.32470,3.32470,3.28970,3.32470,0.71940,0.0442,0.0442
2015-09-30,0.11940,0.11940,0.12330,-0.04450,-0.05160,-2.58400,-2.63560,,-2.63560,-2.63560,-2.63560,-0.04840,-0.05160,12.15100,12.15100,-0.22000,-0.22000,47.54070,,100.00000,-43.24690,-43.24690,-2208.29300,-2208.29300,0.01400,1.10970,81.10200,-31.18860,-31.18860,-30.98720,-31.18860,0.69550,-0.1041,-0.1041
2015-06-30,0.14710,0.14710,0.09590,-0.04440,0.00350,-0.54410,-0.54060,,-0.54060,-0.54060,-0.54060,0.00670,0.00350,12.15100,12.15100,-0.04000,-0.04000,89.10560,,100.00000,2.39320,2.39320,-367.52400,-367.52400,0.01320,1.30960,68.72400,-4.87590,-4.87590,-4.85670,-4.87590,0.91240,0.0762,0.0762
2015-03-31,0.16380,0.16380,0.11270,-0.04740,0.00060,0.15260,0.15320,,0.15320,0.15320,0.15320,0.00380,0.00060,12.15100,12.15100,0.01000,0.01000,45.49760,,100.00000,0.36800,0.36800,93.49080,93.49080,0.01400,1.16420,77.30450,1.31750,1.31750,1.31020,1.31750,0.95690,-0.10890,-0.10890
2014-12-31,0.12120,0.12120,0.31540,-0.04710,-0.24450,-0.87000,-1.11450,,-1.11450,-1.11450,-1.11450,-0.24130,-0.24450,12.16700,12.16700,-0.09000,-0.09000,93.23190,,100.00000,-201.71850,-201.71860,-919.53770,-919.53770,0.01050,0.85420,105.36300,-9.71390,-9.71390,-9.67500,-9.71390,0.94290,-0.0968,-0.0968
2014-09-30,0.09240,0.09240,0.08990,-0.04640,-0.04710,1.57410,1.52700,,1.52700,1.52700,1.52700,-0.04380,-0.04710,12.16700,12.16700,0.13000,0.13000,223.41060,,100.00000,-50.95010,-50.95010,1653.23700,1653.23700,0.00730,1.17150,76.82520,12.12230,12.12230,12.09890,12.12230,1.03520,0.0206,0.0204
2014-06-30,0.08500,0.08500,0.09430,-0.04560,-0.05800,-0.16260,-0.22060,,-0.22060,-0.22060,-0.22060,-0.05480,-0.05800,12.16900,12.16900,-0.02000,-0.02000,226.20490,,100.00000,-68.20440,-68.20440,-259.45070,-259.45070,0.00770,3.19160,28.19890,-1.99150,-1.99150,-1.98740,-1.99150,0.91020,-0.1082,-0.1081
2014-03-31,0.04180,0.04180,0.09750,-0.05070,-0.10950,0.88410,0.77460,,0.77460,0.77460,0.77460,-0.10640,-0.10950,12.16900,12.16900,0.06000,0.06000,47.67820,,100.00000,-262.26900,-262.26900,1854.62600,1854.62600,0.00370,,,6.85680,6.85680,6.77510,6.85680,0.92830,-0.05910,-0.05940
2013-12-31,0.02170,0.02170,0.03990,-0.06310,-0.08420,0.08840,0.00420,,0.00420,0.00420,0.00420,-0.08420,-0.08420,10.22000,10.22000,0.03000,0.03000,268.23710,,100.00000,-387.55620,-387.55630,19.44770,19.44770,0.00210,4.78210,18.82010,0.04020,0.04020,0.04010,0.04020,0.86460,-0.2115,-0.2124
2013-09-30,0.00300,0.00300,0.10700,-0.04290,-0.14680,-0.03950,-0.18630,,-0.18630,-0.18630,-0.18630,-0.14680,-0.14680,12.16900,12.16900,-0.02000,-0.02000,101.45260,,100.00000,-4830.56900,-4830.56900,-6130.83300,-6130.83300,0.00030,,,-1.77150,-1.77150,-1.75650,-1.77150,0.86430,-0.0394,-0.0404
2013-06-30,0.00690,0.00690,0.12210,-0.03880,-0.15400,0.31750,0.16350,,0.16350,0.16350,0.16350,-0.15400,-0.15400,12.16900,12.16900,0.01000,0.01000,81.75000,,100.00000,-2248.68600,-2248.68600,2386.39400,2386.39400,0.00060,,,1.52720,1.52720,1.51060,1.52720,0.87960,0.0335,0.0335
2013-03-31,0.00360,0.00360,0.16520,-0.02590,-0.18760,,-0.18760,,-0.18760,-0.18760,-0.18760,-0.18760,-0.18760,4.26200,4.26200,-0.04000,-0.04000,34.65930,,100.00000,-5267.35000,-5267.35000,-5267.35000,-5267.35000,0.00030,,,-1.78000,-1.78000,-1.73120,-1.78000,0.86620,-0.13790,-0.13790
2012-12-31,,,0.00290,,-0.00290,,-0.00290,0.00000,-0.00290,-0.00290,-0.00290,-0.00290,-0.00290,,,,0.00000,14.88730,0.00150,,,,,,,,,-4.59770,-4.59770,-0.48040,-4.59770,0.04190,0,0
2012-09-30,,,,,,,0.00000,0.00000,,0.00000,,,,,,,0.00000,,,,,,,,,,,,,,,,0,0
2012-06-30,,,,,,,0.00000,0.00000,,0.00000,,,,,,,0.00000,,,,,,,,,,,,,,,,0,0
2012-03-31,,,,,,,0.00000,0.00000,,0.00000,,,,,,,0.00000,,,,,,,,,,,,,,,,0.00000,
