Date,revenue,cost-goods-sold,gross-profit,research-development-expenses,selling-general-administrative-expenses,operating-expenses,operating-income,total-non-operating-income-expense,pre-tax-income,total-provision-income-taxes,income-after-taxes,income-from-continuous-operations,net-income,ebitda,ebit,basic-shares-outstanding,shares-outstanding,eps-basic-net-earnings-per-share,eps-earnings-per-share-diluted,current-ratio,long-term-debt-capital,debt-equity-ratio,gross-margin,operating-margin,ebit-margin,pre-tax-profit-margin,net-profit-margin,asset-turnover,receiveable-turnover,days-sales-in-receivables,roe,return-on-tangible-equity,roa,roi,book-value-per-share,operating-cash-flow-per-share,free-cash-flow-per-share
2024-04-30,450.56100,122.69700,327.86400,146.06000,279.99000,426.04990,-98.18590,20.17400,-78.01200,2.58100,-80.59300,-80.59300,-80.59300,-89.03590,-98.18590,72.99000,72.99000,-1.10000,-1.10000,4.93460,0.47410,0.90140,72.76800,-21.79190,-21.79190,-17.31440,-17.88730,0.14850,1.69370,53.13880,-6.34960,-6.72580,-2.65600,-3.33940,17.30390,0.87150,0.86410
2024-01-31,458.00200,114.64100,343.36100,145.55300,268.77400,414.32690,-70.96590,18.88000,-52.08600,3.37400,-55.46000,-55.46000,-55.46000,-61.00990,-70.96590,71.24900,71.24900,-0.77000,-0.77000,4.40190,0.51680,1.06950,74.96930,-15.49470,-15.49470,-11.37240,-12.10910,0.15960,1.40660,63.98420,-5.18810,-5.57190,-1.93260,-2.50690,14.69580,0.7708,0.7321
2023-10-31,432.93800,107.05800,325.88000,128.15000,242.94600,371.09600,-45.21600,19.55400,-25.66200,3.63500,-29.29700,-29.29700,-29.29700,-36.36000,-45.21600,71.56000,71.56000,-0.41000,-0.41000,4.74010,0.54140,1.18080,75.27180,-10.44400,-10.44400,-5.92740,-6.76700,0.16070,1.59360,56.47720,-3.02800,-3.28910,-1.08750,-1.38850,13.44570,0.5331,0.5042
2023-07-31,423.79100,105.33700,318.45400,125.42000,242.03700,367.45700,-49.00300,14.99400,-34.00900,3.58800,-37.59700,-37.59700,-37.59700,-40.73600,-49.00300,70.87400,70.87400,-0.53000,-0.53000,4.47980,0.56330,1.28980,75.14410,-11.56300,-11.56300,-8.02490,-8.87160,0.16000,1.55580,57.84760,-4.24780,-4.58240,-1.41970,-1.85510,12.40610,-0.3645,-0.3734
2023-04-30,368.28000,97.44900,270.83100,116.81700,222.56100,339.37800,-68.54700,16.78800,-51.75900,2.48700,-54.24600,-54.24600,-54.24600,-60.10800,-68.54700,70.17700,70.17700,-0.77000,-0.77000,4.19160,0.59010,1.43950,73.53940,-18.61270,-18.61270,-14.05430,-14.72960,0.14270,1.74070,51.70450,-6.84550,-7.47690,-2.10210,-2.80610,11.23520,0.76560,0.75680
2023-01-31,361.31200,89.16000,272.15210,110.89100,234.20990,345.10090,-72.94880,11.46500,-61.48400,2.91400,-64.39800,-64.39800,-64.39800,-64.60380,-72.94890,68.62800,68.62800,-0.92000,-0.92000,3.80040,0.60650,1.54140,75.32330,-20.19000,-20.19000,-17.01690,-17.82340,0.13960,1.26690,71.03910,-8.70820,-9.60730,-2.48750,-3.42650,10.57850,0.3746,0.3639
2022-10-31,333.62100,93.65200,239.96900,106.39200,216.50000,322.89200,-82.92300,3.11700,-79.80600,5.03500,-84.84100,-84.84100,-84.84100,-74.58600,-82.92300,68.91700,68.91700,-1.23000,-1.23000,4.09850,0.62470,1.66460,71.92860,-24.85550,-24.85550,-23.92120,-25.43040,0.13520,1.44260,62.38640,-12.39850,-13.84530,-3.43880,-4.65310,9.88050,-0.0793,-0.0987
2022-07-31,303.66000,88.27700,215.38300,108.03700,222.18900,330.22600,-114.84300,-0.97300,-115.81600,3.04900,-118.86500,-118.86500,-118.86500,-106.60700,-114.84300,68.33400,68.33400,-1.74000,-1.74000,4.01700,0.63010,1.70350,70.92900,-37.81960,-37.81960,-38.14000,-39.14410,0.12390,1.42380,63.20900,-17.78970,-19.99850,-4.84850,-6.58030,9.72770,-0.6552,-0.6932
2022-04-30,285.44700,78.21500,207.23200,96.37200,186.80000,283.17200,-75.94000,-0.20800,-76.14800,1.14600,-77.29400,-77.29400,-77.29400,-68.30100,-75.94000,67.70700,67.70700,-1.14000,-1.14000,4.16160,0.62830,1.69030,72.59910,-26.60390,-26.60390,-26.67680,-27.07820,0.11720,1.73120,51.98740,-11.48710,-12.95160,-3.17490,-4.26980,9.88640,0.17090,0.13350
2022-01-31,266.49400,75.79800,190.69590,89.41700,179.89800,269.31500,-78.61900,-4.26300,-82.88200,1.56600,-84.44800,-84.44800,-84.44800,-71.30000,-78.61900,64.56300,64.56300,-1.27000,-1.27000,4.01990,0.63030,1.70470,71.55730,-29.50120,-29.50120,-31.10090,-31.68850,0.10880,1.36400,65.98450,-12.66660,-14.35420,-3.44740,-4.68320,9.88520,0.339,0.2821
2021-10-31,226.89300,68.46400,158.42900,82.25600,152.94100,235.19700,-76.76800,-2.27600,-79.04400,2.24900,-81.29300,-81.29300,-81.29300,-69.78800,-76.76800,66.38600,66.38600,-1.22000,-1.22000,4.75380,0.63140,1.71320,69.82540,-33.83450,-33.83450,-34.83760,-35.82880,0.09650,1.24190,72.47070,-12.26310,-13.96240,-3.45690,-4.51980,9.93610,-0.0805,-0.1118
2021-07-31,198.74700,60.70200,138.04500,72.39600,138.18000,210.57600,-72.53100,-3.06400,-75.59500,1.53800,-77.13300,-77.13300,-77.13300,-65.56400,-72.53100,63.42700,63.42700,-1.22000,-1.22000,5.73760,0.62790,1.68720,69.45770,-36.49420,-36.49420,-38.03580,-38.80970,0.08710,1.65410,54.40930,-11.44880,-13.05680,-3.38090,-4.26050,10.18770,-0.3169,-0.3435
2021-04-30,181.64800,54.52800,127.12000,64.75100,123.81500,188.56600,-61.44600,-3.92200,-65.36800,-1.37600,-63.99200,-63.99200,-63.99200,-54.25200,-61.44600,61.36200,61.36200,-1.04000,-1.04000,3.33460,1.29040,-4.44350,69.98150,-33.82700,-33.82700,-35.98610,-35.22860,0.13190,1.80480,49.86650,23.84520,18.09570,-4.64510,-6.92460,-4.32180,0.16650,0.15630
2021-01-31,170.99900,50.98500,120.01400,55.91100,123.49600,179.40700,-59.39300,-14.29900,-73.69200,2.10900,-75.80100,-75.80100,-75.80100,-39.56100,-59.39300,58.98500,58.98500,-1.27000,-1.27000,3.22070,1.00540,-187.25270,70.18400,-34.73300,-34.73300,-43.09500,-44.32830,0.12150,1.26500,71.14570,1506.05900,86.98960,-5.38550,-8.08620,-0.08260,-0.3188,-0.334
2020-10-31,150.77100,46.11000,104.66100,54.36300,108.38900,162.75200,-58.09100,-13.63400,-71.72500,0.92600,-72.65100,-72.65100,-72.65100,-39.05200,-58.09100,59.36800,59.36800,-1.22000,-1.22000,4.06490,0.97750,43.46230,69.41720,-38.52930,-38.52930,-47.57210,-48.18630,0.11120,1.64270,54.78880,-333.20000,116.37930,-5.35830,-7.49400,0.36250,-0.1323,-0.2259
2020-07-31,138.28100,42.30400,95.97700,49.25500,96.50200,145.75700,-49.78000,-13.76300,-63.54300,0.98200,-64.52500,-64.52500,-64.52500,-32.25200,-49.78000,58.39400,58.39400,-1.10000,-1.10000,4.37270,0.95100,19.42410,69.40720,-35.99920,-35.99920,-45.95210,-46.66220,0.10200,1.58590,56.74940,-134.00540,168.89590,-4.76140,-6.56110,0.81810,-0.1704,-0.235
2020-04-30,130.32900,37.67700,92.65200,45.63200,89.06000,134.69200,-42.04000,-11.69300,-53.73300,0.23400,-53.96700,-53.96700,-53.96700,-24.78700,-42.04000,57.65000,57.65000,-0.94000,-0.94000,4.56570,0.93610,14.64280,71.09090,-32.25680,-32.25680,-41.22870,-41.40830,0.09750,1.61380,55.76960,-85.60630,212.14290,-4.03690,-5.47260,1.08700,-0.10200,-0.12810
2020-01-31,123.52300,34.79100,88.73200,41.63800,87.99700,129.63510,-40.90310,-19.39600,-60.29900,2.26400,-62.56300,-62.56300,-62.56300,-30.97610,-40.90310,55.93900,55.93900,-1.11000,-1.11000,4.59270,0.91660,10.99560,71.83440,-33.11370,-33.11370,-48.81600,-50.64890,0.09300,1.44380,62.33540,-75.50620,807.16330,-4.70910,-6.29450,1.44400,-0.1572,-0.1793
2019-10-31,109.44100,32.19100,77.25000,39.38700,76.57700,115.96400,-38.71400,-3.11000,-41.82400,0.55900,-42.38300,-42.38300,-42.38300,-29.65400,-38.71400,56.41200,56.41200,-0.75000,-0.75000,2.57000,0.50880,1.03590,70.58600,-35.37430,-35.37430,-38.21600,-38.72680,0.14890,1.62120,55.51430,-19.36760,-33.53910,-5.76650,-9.51300,3.86100,-0.2024,-0.2153
2019-07-31,99.36800,30.20200,69.16600,37.14000,69.69800,106.83800,-37.67200,-3.00500,-40.67700,-3.34100,-37.33600,-37.33600,-37.33600,-28.77100,-37.67200,55.64800,55.64800,-0.67000,-0.67000,2.82200,0.48270,0.93320,69.60590,-37.91160,-37.91160,-40.93570,-37.57350,0.13400,1.48790,60.48700,-15.59940,-25.97160,-5.03450,-8.06920,4.25590,-0.2272,-0.2488
2019-04-30,89.38800,28.17200,61.21600,30.86800,60.92500,91.79300,-30.57700,-2.80100,-33.37800,-0.13800,-33.24000,-33.24000,-33.24000,-23.84400,-30.57700,54.71100,54.71100,-0.61000,-0.61000,3.18350,0.47030,0.88790,68.48350,-34.20710,-34.20710,-37.34060,-37.18620,0.12170,1.45110,62.02180,-13.41040,-17.33350,-4.52710,-7.10340,4.13260,0.05870,0.05160
2019-01-31,85.48400,25.56700,59.91700,26.60000,57.07800,83.67800,-23.76100,-2.42400,-26.18500,-3.99800,-22.18700,-22.18700,-22.18700,-18.13700,-23.76100,52.03500,52.03500,-0.40000,-0.40000,3.43930,0.45050,0.81970,70.09150,-27.79590,-27.79590,-30.63150,-25.95460,0.11650,1.17410,76.65440,-8.38620,-10.72900,-3.02490,-4.60860,4.87030,-0.1901,-0.2515
2018-10-31,71.78200,17.75800,54.02400,23.17900,51.06600,74.24500,-20.22100,-2.29900,-22.52000,-0.03300,-22.48700,-22.48700,-22.48700,-15.37100,-20.22100,52.70300,52.70300,-0.43000,-0.43000,3.40880,0.52000,1.08340,75.26120,-28.17000,-28.17000,-31.37280,-31.32680,0.10700,1.91430,47.01360,-11.40060,-11.55670,-3.35290,-5.47210,3.68710,-0.1303,-0.17
2018-07-31,59.61100,16.49400,43.11700,21.43000,48.79100,70.22100,-27.10400,-0.43200,-27.53600,0.24600,-27.78200,-27.78200,-27.78200,-25.20400,-27.10400,51.18500,51.18500,-0.54000,-0.54000,3.73610,0.50230,1.00920,72.33060,-45.46810,-45.46810,-46.19280,-46.60550,0.08980,1.55480,57.88530,-13.31680,-13.50350,-4.18450,-6.62770,4.00540,-0.3266,-0.3499
2018-04-30,50.13900,13.74900,36.39000,18.64500,44.42400,63.06900,-26.67900,0.59100,-26.08800,0.46700,-26.55500,-26.55500,-26.55500,-25.86200,-26.67900,50.35000,50.35000,-0.53000,-0.53000,2.25170,,,72.57820,-53.21010,-53.21010,-52.03140,-52.96280,0.12530,1.54390,58.29300,-15.39360,-15.67580,-6.63500,-15.39360,3.40940,-0.15990,-0.16710
2018-01-31,56.55000,12.40100,44.14900,16.78800,42.22800,59.01600,-14.86700,1.34900,-13.51800,0.47000,-13.98800,-13.98800,-13.98800,-13.95300,-14.86700,23.71800,23.71800,1.27000,1.27000,3.08610,,,78.07070,-26.29000,-26.29000,-23.90450,-24.73560,0.13060,1.11700,80.57190,-5.64810,-5.72500,-3.23160,-5.64810,4.89670,0.2412,0.2495
2017-10-31,41.48800,11.07100,30.41700,16.58800,37.87900,54.46700,-24.05000,0.17000,-23.88000,0.33600,-24.21600,-24.21600,-24.21600,-23.12100,-24.05000,17.42200,17.42200,-1.39000,-1.39000,2.89000,,,73.31520,-57.96860,-57.96860,-57.55880,-58.36870,0.11720,1.17750,76.43100,-11.35920,-11.55140,-6.84080,-11.35920,4.21590,-0.1578,-0.1366
2017-07-31,35.60000,10.18800,25.41200,15.74900,35.82500,51.57400,-26.16200,0.33500,-25.82700,0.25200,-26.07900,-26.07900,-26.07900,-25.19900,-26.16200,13.60000,13.60000,-1.92000,-1.92000,1.26620,,,71.38200,-73.48880,-73.48880,-72.54780,-73.25560,0.22540,1.09000,82.57000,8.19590,-106.61030,-16.51450,-92.37720,2.02420,-1.0854,-1.1508
2017-04-30,32.39000,9.19900,23.19100,13.07700,29.91600,42.99300,-19.80200,0.34100,-19.46100,0.22900,-19.69000,-19.69000,-19.69000,-18.90500,-19.80200,13.16500,13.16500,-1.50000,-1.50000,,,,71.59930,-61.13620,-61.13620,-60.08340,-60.79040,,,,,,,,,-0.89030,-0.94440
2017-01-31,,,,,,,,,,,,,,,,,,,0.00000,,,,,,,,,,,,,,,,,2.254,2.3685
2016-10-31,26.30500,7.21900,19.08600,13.30000,25.04100,38.34100,-19.25500,-0.17700,-19.43200,0.10300,-19.53500,-19.53500,-19.53500,-18.35400,-19.25500,12.41900,12.41900,-1.57000,-1.57000,,,,72.55660,-73.19900,-73.19900,-73.87190,-74.26350,,,,,,,,,-2.254,-2.3685
2016-07-31,,,,0.00000,,,,,0.00000,0.00000,,0.00000,,,,,,,0.00000,,,,,,,,,,,,,,,,,0,0
2016-01-31,,,,,,,,,,,,,,,,,,,0.00000,,,,,,,,,,,,,,,,,0,0
