Date,revenue,cost-goods-sold,gross-profit,research-development-expenses,selling-general-administrative-expenses,other-operating-income-expenses,operating-expenses,operating-income,total-non-operating-income-expense,pre-tax-income,total-provision-income-taxes,income-after-taxes,income-from-continuous-operations,net-income,ebitda,ebit,basic-shares-outstanding,shares-outstanding,eps-basic-net-earnings-per-share,eps-earnings-per-share-diluted,current-ratio,long-term-debt-capital,debt-equity-ratio,gross-margin,operating-margin,ebit-margin,pre-tax-profit-margin,net-profit-margin,asset-turnover,inventory-turnover,receiveable-turnover,days-sales-in-receivables,roe,return-on-tangible-equity,roa,roi,book-value-per-share,operating-cash-flow-per-share,free-cash-flow-per-share
2023-09-30,81.71200,14.79000,66.92200,3.17500,52.57100,0.03800,56.10600,10.81600,-1.69100,9.12500,0.59100,8.53400,8.53400,6.76100,11.78700,10.81600,116.29810,119.32770,0.06000,0.06000,3.54140,0.97360,36.81650,81.89980,13.23670,13.23670,11.16730,8.27420,0.43230,0.77560,1.66740,53.97560,641.65330,-36.30560,4.51480,16.96760,0.01140,0.1062,0.1013
2023-06-30,81.25700,13.58300,67.67400,8.49700,51.92500,-1.01700,64.88600,2.78800,-1.66200,1.12600,-0.07400,1.20000,1.20000,-0.52800,4.32400,2.78800,115.86640,115.86640,0.00000,0.00000,3.17640,1.35020,-3.85580,83.28390,3.43110,3.43110,1.38570,-0.64980,0.46070,0.80780,1.65960,54.23130,-9.47420,-3.18540,0.68040,3.31750,-0.10910,0.0676,0.065
2023-03-31,71.67600,12.41900,59.25700,6.49600,52.27900,-3.67300,62.63800,-3.38100,-1.55100,-4.93200,0.05100,-4.98300,-4.98300,-6.66700,-2.35600,-3.38100,114.39880,114.39880,-0.06000,-0.06000,3.22250,1.58330,-2.71450,82.67340,-4.71710,-4.71710,-6.88100,-9.30160,0.42620,0.84730,1.60370,56.12000,27.76660,11.42160,-2.96330,-16.19540,-0.15550,-0.03540,-0.04090
2022-12-31,74.37500,14.36900,60.00600,5.40000,49.95100,-3.40600,58.93800,1.06800,-1.45400,-0.38600,0.02800,-0.41400,-0.41400,-2.11000,2.16500,1.06800,112.90900,112.90900,-0.02000,-0.02000,3.08100,1.58770,-2.70150,80.68030,1.43600,1.43590,-0.51900,-2.83700,0.43390,1.09000,1.72630,52.13530,2.30150,0.94490,-0.24150,-1.35270,-0.15820,-0.0504,-0.0563
2022-09-30,67.68900,12.18800,55.50100,5.95300,53.47500,-3.00100,62.60400,-7.10300,-1.27000,-8.37300,0.05300,-8.42600,-8.42600,-10.09600,-5.97900,-7.10300,113.44820,113.44820,-0.09000,-0.09000,2.96650,1.67420,-2.48340,81.99410,-10.49360,-10.49360,-12.36980,-14.91530,0.39170,0.87210,1.62770,55.29320,43.16600,18.93990,-4.87620,-29.10030,-0.17170,0.0091,0.006
2022-06-30,66.88300,11.82300,55.06000,5.51200,55.79300,-3.21800,64.69600,-9.63600,-1.17000,-10.80600,0.06200,-10.86800,-10.86800,-12.49600,-8.48800,-9.63600,112.86790,112.86790,-0.11000,-0.11000,3.52760,1.39140,-3.55480,82.32290,-14.40720,-14.40720,-16.15660,-18.68340,0.39650,0.88350,1.73860,51.76650,79.89420,28.06820,-6.44350,-31.27210,-0.11970,-0.0256,-0.029
2022-03-31,58.89400,9.93600,48.95800,5.96400,49.57000,-2.55200,58.25800,-9.30000,-1.12600,-10.42600,0.06300,-10.48900,-10.48900,-12.07500,-8.15600,-9.30000,111.61580,111.61580,-0.11000,-0.11000,3.71420,1.18220,-6.48900,83.12900,-15.79110,-15.79110,-17.70300,-20.50290,0.33760,0.75440,1.53550,58.61140,141.09510,32.10100,-6.01290,-25.70520,-0.06560,-0.09160,-0.09240
2021-12-31,67.40900,10.75300,56.65600,4.57400,53.06700,4.46000,53.35400,3.30200,-1.19400,2.10800,-0.10700,2.21500,2.21500,0.61800,4.56000,3.30200,110.35300,110.35300,0.01000,0.01000,3.50650,0.99830,586.91460,84.04810,4.89840,4.89850,3.12720,0.91680,0.35870,0.94420,1.64030,54.86870,2700.75600,-8.76290,1.17860,4.59460,0.00070,-0.0293,-0.0323
2021-09-30,63.07400,10.12900,52.94500,4.36800,46.28900,-3.17000,54.02000,-1.07500,-0.96300,-2.03800,0.30100,-2.33900,-2.33900,-3.91300,0.15100,-1.07500,110.71710,110.71710,-0.04000,-0.04000,3.39920,1.13760,-8.26700,83.94110,-1.70430,-1.70430,-3.23110,-6.20380,0.34940,0.90470,1.69730,53.02490,40.27220,7.44810,-1.29570,-5.54170,-0.05190,0.0574,0.0525
2021-06-30,68.16500,12.76000,55.40500,4.06300,53.59900,2.06200,55.81500,-0.41000,-1.37400,-1.78400,-0.00500,-1.77900,-1.77900,-3.27600,1.52900,-0.41000,110.27660,110.27660,-0.03000,-0.03000,2.92050,1.17510,-6.71220,81.28070,-0.60150,-0.60150,-2.61720,-4.80600,0.36420,1.25880,1.43870,62.55840,24.92640,5.41340,-0.95060,-4.36370,-0.06380,0.015,0.0115
2021-03-31,59.96700,9.64100,50.32600,4.33900,45.40400,-7.19600,57.17800,-6.85200,-1.47200,-8.32400,0.05800,-8.38200,-8.38200,-9.85000,-5.03700,-6.85200,109.40140,109.40140,-0.09000,-0.09000,2.70640,1.20260,-5.93700,83.92280,-11.42630,-11.42630,-13.88100,-16.42570,0.31430,0.83240,1.32050,68.15400,104.11140,24.69290,-4.39280,-21.08790,-0.07210,-0.06110,-0.07880
2020-12-31,68.54800,10.81800,57.73000,3.43400,48.70500,-21.42700,73.82100,-16.09100,-1.50900,-17.60000,-1.02000,-16.58000,-16.58000,-18.05900,-14.08300,-16.09100,108.25700,108.25700,-0.17000,-0.17000,2.71490,1.00320,-317.98000,84.21840,-23.47410,-23.47410,-25.67540,-26.34510,0.33930,1.04410,1.50760,59.69720,11054.17000,63.45200,-8.20660,-34.87080,-0.00140,-0.0952,-0.1152
2020-09-30,64.30300,10.28900,54.01400,3.37200,48.04600,-12.02700,63.72100,-9.70700,-9.67200,-19.37900,0.03800,-19.41700,-19.41700,-51.98200,-7.49500,-9.70700,108.49320,108.49320,-0.48000,-0.48000,2.99270,0.78730,3.70060,83.99920,-15.09570,-15.09570,-30.13700,-80.83910,0.30140,0.93340,1.46490,61.43650,-150.87020,136.03060,-9.10210,-32.09580,0.11640,-0.0421,-0.048
2020-06-30,53.64700,8.19800,45.44900,2.25900,37.32900,-11.44600,51.30500,-5.85600,-2.58300,-8.43900,0.02700,-8.46600,-8.46600,-8.46600,-3.39000,-5.85600,108.11950,108.11950,-0.08000,-0.08000,1.69000,0.72890,2.85310,84.71860,-10.91580,-10.91580,-15.73060,-15.78090,0.35550,0.77600,1.31500,68.44240,-37.03410,188.04980,-5.60990,-10.03890,0.20730,-0.028,-0.0318
2020-03-31,61.73600,10.02500,51.71100,2.65000,46.94200,-15.59200,65.45500,-13.74400,-2.38100,-16.12500,-11.30400,-4.82100,-4.82100,-4.82100,-11.29900,-13.74400,107.53850,107.53850,-0.04000,-0.04000,1.81930,0.67010,2.15520,83.76150,-22.26250,-22.26250,-26.11930,-7.80910,0.38850,1.08410,1.44710,62.19210,-15.89040,-173.29320,-3.03380,-5.24160,0.27450,-0.11420,-0.12360
2019-12-31,76.40000,12.70900,63.69100,2.71900,45.44400,-20.13000,68.56300,-4.87200,-2.38400,-7.25600,0.22000,-7.47600,-7.47600,-7.47600,-2.35800,-4.87200,106.94640,106.94640,-0.08000,-0.07000,1.83070,0.64280,1.90870,83.36520,-6.37690,-6.37690,-9.49740,-9.78530,0.45700,1.39600,2.36200,38.10280,-21.73380,-112.50570,-4.47220,-7.76290,0.31040,-0.2199,-0.2266
2019-09-30,88.86300,13.20500,75.65800,2.69100,51.25800,-7.24200,61.46000,14.19800,-2.12800,12.07000,-0.30900,12.37900,12.37900,12.37900,16.74400,14.19800,107.15760,109.59000,0.12000,0.11000,1.82670,0.61110,1.66580,85.14010,15.97740,15.97740,13.58270,13.93040,0.49570,1.09730,3.99710,22.51650,31.27980,106.28490,6.90530,12.16620,0.35660,-0.0258,-0.0271
2019-06-30,67.43700,9.74900,57.68800,2.82800,50.64100,-21.02500,74.76100,-17.07300,-0.09500,-17.16800,0.04200,-17.21000,-17.21000,-17.21000,-15.04500,-17.07300,106.94200,106.94200,-0.16000,-0.16000,1.56840,0.71870,2.70710,85.54360,-25.31700,-25.31700,-25.45780,-25.52010,0.39600,0.65200,126.28650,0.71270,-69.72120,506.77120,-10.10510,-19.61140,0.22130,0.0206,0.0183
2019-03-31,66.55500,7.41800,59.13700,2.90200,50.86200,-18.55300,72.55000,-13.41300,0.18200,-13.23100,0.04200,-13.27300,-13.27300,-13.27300,-11.48500,-13.41300,106.42000,106.42000,-0.12000,-0.12000,0.88870,,,88.85430,-20.15330,-20.15330,-19.87980,-19.94290,0.61950,0.45150,142.82190,0.63020,-34.60840,-131.62430,-12.35360,-34.60840,0.35230,-0.14340,-0.14950
2018-12-31,92.58600,10.40300,82.18300,4.53900,66.29600,-20.01500,91.12600,-8.94300,0.21600,-8.72700,27.49700,-36.22400,-36.22400,-36.22400,-6.75900,-8.94300,105.59600,105.59600,-0.34000,-0.34000,1.03500,,,88.76400,-9.65910,-9.65910,-9.42580,-39.12470,0.75370,0.65080,203.93390,0.44130,-72.95140,-180.47930,-29.48780,-72.95140,0.45510,0.0156,-0.002
2018-09-30,86.95900,7.35500,79.60400,3.96200,58.74000,-16.26900,79.23100,0.37300,0.09900,0.47200,0.65000,-0.17800,-0.17800,-0.17800,2.05000,0.37300,105.93570,105.93570,0.00000,0.00000,,,,91.54200,0.42890,0.42890,0.54280,-0.20470,,,,,,,,,,0.0456,0.0242
2018-06-30,95.41700,9.27000,86.14700,3.71900,67.58200,-12.92500,84.47200,1.67500,0.11600,1.79100,-0.01300,1.80400,1.80400,1.80400,3.21200,1.67500,105.69480,111.10710,0.02000,0.02000,,,,90.28480,1.75540,1.75540,1.87700,1.89060,,,,,,,,,,0.1883,0.1654
2018-03-31,84.14900,9.35800,74.79100,3.54500,65.91000,-2.11300,71.82000,2.97100,0.09600,3.06700,-1.55200,4.61900,4.61900,4.61900,4.43600,2.97100,104.74740,113.70940,0.04000,0.04000,,,,88.87920,3.53060,3.53060,3.64470,5.48910,,,,,,,,,,0.08950,0.06250
2017-12-31,87.54700,8.24600,79.30100,3.47000,51.62100,,55.31800,23.98300,-5.07200,18.91100,-15.96300,34.87400,34.87400,34.87400,25.25200,23.98300,106.12200,116.11400,0.33000,0.30000,1.06410,,,90.58110,27.39440,27.39440,21.60100,39.83460,0.72200,0.87100,133.45580,0.67440,47.25670,79.64280,28.76090,47.25670,0.67490,0.1839,0.1739
2017-09-30,84.57300,9.59900,74.97400,5.48100,60.23300,,66.13200,8.84200,4.23100,13.07300,-4.38400,17.45700,17.45700,17.45700,10.36800,8.84200,106.87100,117.50200,0.16000,0.15000,3.24550,,,88.65000,10.45490,10.45490,15.45770,20.64130,0.47320,0.92130,1.41950,63.40430,12.25290,15.55870,9.76850,12.25290,1.28310,0.1524,0.1413
2017-06-30,76.41200,8.63100,67.78100,4.74700,55.31400,,60.56800,7.21300,-0.14900,7.06400,-1.00500,8.06900,8.06900,8.06900,8.95800,7.21300,106.80500,117.28600,0.08000,0.07000,2.57320,,,88.70460,9.43960,9.43960,9.24460,10.55990,0.38230,0.57410,1.25810,71.53880,5.47910,7.70100,4.03720,5.47910,1.30950,0.1121,0.0973
2017-03-31,72.60700,8.74300,63.86400,4.20200,52.95100,,57.67900,6.18500,-0.14500,6.04000,1.71300,4.32700,4.32700,4.32700,7.77700,6.18500,105.70850,113.73060,0.04000,0.04000,2.45760,,,87.95850,8.51850,8.51850,8.31880,5.95950,0.38520,0.54470,1.08620,82.85900,3.35330,5.02880,2.29560,3.35330,1.16420,0.09360,0.08540
2016-12-31,46.57400,7.60100,38.97300,5.75800,41.81300,,47.82000,-8.84700,-0.08500,-8.93200,-2.82900,-6.10300,-6.10300,-6.10300,-7.63100,-8.84700,105.92830,112.64560,-0.06000,-0.06000,2.49420,,,83.67970,-18.99560,-18.99560,-19.17810,-13.10390,0.24100,0.42670,0.69360,129.76320,-4.58870,-6.81680,-3.15790,-4.58870,1.21060,0.1303,0.1224
2016-09-30,64.42900,7.99700,56.43200,2.91900,48.17900,,51.72900,4.70300,-0.08700,4.61600,1.29500,3.32100,3.32100,3.32100,6.46600,4.70300,105.99200,112.36100,0.03000,0.03000,2.55640,,,87.58790,7.29950,7.29950,7.16450,5.15450,0.35470,0.43670,1.01580,88.60030,2.69390,4.80770,1.82810,2.69390,1.12570,0.0252,0.0115
2016-06-30,57.34200,7.39400,49.94800,3.16800,42.77200,,46.38700,3.56100,-0.11100,3.45000,1.47500,1.97500,1.97500,1.97500,5.36100,3.56100,106.19200,112.14800,0.02000,0.02000,2.64260,,,87.10540,6.21010,6.21010,6.01650,3.44420,0.32390,0.42970,1.04520,86.10600,1.62410,2.94950,1.11550,1.62410,1.10530,0.0649,0.0493
2016-03-31,53.36700,7.94600,45.42100,2.49600,40.64800,,43.95400,1.46700,-0.05600,1.41100,0.21400,1.19700,1.19700,1.19700,3.79400,1.46700,105.53830,112.03990,0.01000,0.01000,3.30210,,,85.11070,2.74890,2.74890,2.64400,2.24300,0.30110,0.44230,0.99040,90.86850,1.04780,2.40350,0.67540,1.04780,1.04360,-0.00870,-0.02660
2015-12-31,51.83500,4.98600,46.84900,2.34100,36.52400,,39.09800,7.75100,-0.06800,7.68300,-5.69500,13.37800,13.37800,13.37800,8.57900,7.75100,105.92920,113.62850,0.13000,0.11000,3.59670,,,90.38100,14.95320,14.95320,14.82200,25.80880,0.38140,0.66840,0.96430,93.33360,12.38840,14.35640,9.84310,12.38840,1.00580,0.0394,0.0245
2015-09-30,49.01500,4.97900,44.03600,2.18700,34.90100,,37.32200,6.71400,-0.00500,6.70900,0.15800,6.55100,6.55100,6.55100,7.41900,6.71400,106.51130,114.55600,0.06000,0.06000,4.21920,,,89.84190,13.69780,13.69780,13.68770,13.36530,0.38920,0.88080,1.04780,85.89250,6.51700,7.64040,5.20220,6.51700,0.92190,0.0635,0.0492
2015-06-30,45.67900,5.08900,40.59000,2.05400,32.65100,,34.93800,5.65200,0.00100,5.65300,0.22300,5.43000,5.43000,5.43000,6.30600,5.65200,106.21100,114.18600,0.05000,0.05000,4.71740,,,88.85920,12.37330,12.37330,12.37550,11.88730,0.40130,1.31840,1.15800,77.72330,5.82370,6.92430,4.77000,5.82370,0.85620,0.0256,0.0153
2015-03-31,40.76700,5.14800,35.61900,1.83100,29.30800,,31.37200,4.24700,-0.01400,4.23300,0.14600,4.08700,4.08700,4.08700,4.83400,4.24700,105.82000,113.63900,0.04000,0.04000,4.45750,,0.06230,87.37210,10.41770,10.41770,10.38340,10.02530,0.38420,1.21190,1.31500,68.43990,4.73030,5.71220,3.85180,4.73030,0.79640,0.03700,0.02520
2014-12-31,39.57300,3.60000,35.97300,1.84600,29.24200,,31.32100,4.65200,-0.01000,4.64200,0.81000,3.83200,3.83200,3.83200,5.21800,4.65200,105.79300,113.29550,0.04000,0.03000,4.65530,,,90.90290,11.75550,11.75550,11.73020,9.68340,0.36220,0.70130,1.48370,60.65950,4.28980,5.14750,3.50730,4.28980,0.82870,0.0728,0.0664
2014-09-30,33.51800,3.34800,30.17000,2.01400,24.19300,,26.43900,3.73100,-0.00900,3.72200,0.02200,3.70000,3.70000,3.70000,4.27600,3.73100,105.75700,112.81500,0.03000,0.03000,5.34730,,,90.01130,11.13130,11.13130,11.10450,11.03880,0.34440,0.70650,1.43830,62.57540,4.55350,5.58440,3.80200,4.55350,0.76020,0.0796,0.0742
2014-06-30,25.57300,2.74000,22.83300,1.80000,21.19300,,23.22500,-0.39200,-0.00800,-0.40000,-0.01000,-0.39000,-0.39000,-0.39000,0.12800,-0.39200,105.75700,105.75700,0.00000,0.00000,6.68830,,,89.28560,-1.53290,-1.53290,-1.56420,-1.52500,0.29730,0.64790,1.24750,72.14490,-0.52360,-0.65610,-0.45340,-0.52360,0.70720,0.0112,0.0048
2014-03-31,19.55900,2.97700,16.58200,1.39000,15.85200,,17.47300,-0.89100,-0.02100,-0.91200,0.01000,-0.92200,-0.92200,-0.92200,-0.39700,-0.89100,105.35900,105.35900,-0.01000,-0.01000,7.07780,,,84.77940,-4.55550,-4.55550,-4.66280,-4.71390,0.22390,0.81810,1.03120,87.27380,-1.20940,-1.50940,-1.05550,-1.20940,0.72060,-0.01530,-0.01970
2013-12-31,17.99410,3.11110,14.88300,1.38440,14.27840,,16.29500,-1.41200,-0.01210,-1.42410,0.00300,-1.42710,-1.42710,-1.42710,-0.93380,-1.41200,96.28600,96.28600,-0.00680,-0.00680,6.80570,,,82.71060,-7.84710,-7.84710,-7.91410,-7.93090,0.21250,0.80160,1.11810,80.49160,-1.93980,-2.44580,-1.68500,-1.93980,0.70480,0.0087,0.0051
2013-09-30,16.11570,2.11340,14.00230,1.28740,12.71120,,14.25820,-0.25590,-0.00450,-0.26040,0.04670,-0.30710,-0.30710,-0.30710,0.18830,-0.25590,96.91500,96.91500,-0.00320,-0.00320,3.10220,,,86.88590,-1.58780,-1.58780,-1.61590,-1.90570,0.35580,0.46620,1.17580,76.54560,-0.86420,-1.54720,-0.67800,-0.86420,0.36400,0.0181,0.0084
2013-06-30,13.51470,2.19850,11.31630,0.92450,10.86840,,12.06050,-0.74420,-0.01320,-0.75740,,-0.75740,-0.75740,-0.75740,-0.33740,-0.74420,95.98800,95.98800,-0.01000,-0.01000,3.50580,,,83.73270,-5.50670,-5.50670,-5.60420,-5.60420,0.33550,0.52090,1.14900,78.32700,-2.30270,-4.42220,-1.88020,-2.30270,0.34150,-0.0072,-0.0174
2013-03-31,11.55650,1.90500,9.65150,1.24680,8.36900,,9.87840,-0.22690,-1.34320,-1.57010,0.05030,-1.62040,-1.62040,-1.62040,1.46290,-0.22690,93.12800,93.12800,-0.02000,-0.02000,3.46520,,,83.51560,-1.96330,-1.96330,-13.58660,-14.02160,0.30530,0.48150,1.17670,76.48820,-5.12900,-10.18900,-4.28090,-5.12900,0.32990,-0.02250,-0.02330
2012-12-31,10.50890,1.68890,8.82000,1.13620,8.14740,-0.24650,9.79240,-0.97240,-0.63350,-1.60590,,-1.60590,-1.60590,-1.60590,-0.10780,-0.97240,81.64600,81.64600,-0.02000,-0.02000,3.60540,0.16700,0.20050,83.92900,-9.25310,-9.25310,-15.28140,-15.28140,0.29870,0.55870,1.37310,65.54650,-8.02660,-39.60210,-4.56450,-6.68580,0.22640,-0.0117,-0.0147
2012-09-30,7.95400,1.42530,6.52870,0.83870,5.75660,-3.11850,10.16350,-3.63470,-0.58460,-4.21940,,-4.21940,-4.21940,-4.21940,-2.62300,-3.63470,84.49300,84.49300,-0.05000,-0.05000,1.53020,0.15410,0.24330,82.08040,-45.69660,-45.69660,-53.04690,-53.04690,0.23720,0.79080,1.28910,69.81490,-21.99570,-142.16400,-12.58180,-18.60700,0.22110,-0.0091,-0.0109
2012-06-30,4.88430,1.11490,3.76930,0.50310,3.04980,,3.88690,-0.11750,-0.62660,-0.74410,,-0.74410,-0.74410,-0.74410,0.81030,-0.11750,79.95300,79.95300,-0.01000,-0.01000,0.95330,0.17150,0.33740,77.17310,-2.40600,-2.40600,-15.23400,-15.23400,0.17780,1.15900,1.23770,72.71730,-4.74890,26.62460,-2.70850,-3.93440,0.19340,-0.0028,-0.0052
2012-03-31,3.70580,0.95890,2.74700,0.40710,2.63730,,3.37830,-0.63140,-0.46230,-1.09370,,-1.09370,-1.09370,-1.09370,0.12350,-0.63140,74.87200,74.87200,-0.01000,-0.01000,1.03700,0.19460,0.38400,74.12560,-17.03720,-17.03720,-29.51180,-29.51180,0.13800,1.20530,1.29870,69.30190,-8.75150,17.35880,-4.07160,-7.04850,0.16000,-0.01720,-0.01780
2011-12-31,2.63550,0.91630,1.71910,0.66060,2.15270,,4.15500,-2.43590,-0.14130,-2.57720,,-2.57720,-2.57720,-2.57720,-1.91790,-2.43590,72.45000,72.45000,-0.04000,-0.04000,1.45420,0.18750,0.43450,65.23040,-92.42680,-92.42680,-97.78900,-97.78900,0.09730,1.28590,1.39300,64.60820,-21.66340,35.62440,-9.51130,-17.60240,0.16020,-0.0241,-0.0251
2011-09-30,2.15210,0.88650,1.26560,0.56150,2.35640,,2.91800,-1.65240,-0.11340,-1.76570,,-1.76570,-1.76570,-1.76570,-1.10610,-1.65240,73.76800,73.76800,-0.02000,-0.02000,0.43980,0.09670,0.19800,58.80710,-76.77910,-76.77910,-82.04680,-82.04680,0.09140,1.45530,1.43320,62.79510,-14.89790,23.19430,-7.49720,-13.45770,0.15960,-0.0133,-0.017
2011-06-30,1.92940,0.84490,1.08450,0.79200,2.70890,,3.50090,-2.41640,-0.08710,-2.50350,,-2.50350,-2.50350,-2.50350,-1.90620,-2.41640,71.81900,71.81900,-0.03000,-0.03000,0.65110,0.14590,0.17430,56.20700,-125.24290,-125.24290,-129.75570,-129.75570,0.07950,1.50370,1.59110,56.56350,-19.36870,36.42330,-10.31000,-16.54300,0.17550,-0.0292,-0.0296
2011-03-31,1.04350,0.71010,0.33340,0.96220,2.62750,,3.58970,-3.25630,-0.09120,-3.34760,,-3.34760,-3.34760,-3.34760,-2.73330,-3.25630,70.33300,70.33300,-0.05000,-0.05000,0.86840,0.06850,0.15470,31.94770,-312.06390,-312.06390,-320.80540,-320.80540,0.04460,1.24440,2.07380,43.39940,-27.02970,43.20480,-14.29330,-25.17800,0.17390,-0.02540,-0.02700
2010-12-31,0.24390,0.36490,-0.12090,0.58530,1.72620,,2.31140,-2.43240,-0.29420,-2.72670,,-2.72670,-2.72670,-2.72670,-2.05940,-2.43240,59.13800,59.13800,-0.04000,-0.04000,1.36280,,0.06610,-49.58080,-997.23460,-997.23500,-1117.86300,-1117.86300,0.03320,3.27060,1.50220,59.91320,-44.69540,-207.58140,-37.08610,-44.69540,0.09480,-0.0368,-0.037
2010-09-30,0.10800,0.53970,-0.43170,0.84290,1.57930,,2.42220,-2.85390,-0.00060,-2.85440,,-2.85440,-2.85440,-2.85440,-2.57250,-2.85390,61.05000,61.05000,-0.05000,-0.05000,0.81270,,,-399.59450,-2641.80100,-2641.80100,-2642.34100,-2642.34100,0.01580,4.58070,0.41630,216.17590,-50.04740,-380.84450,-41.68820,-50.04740,0.09240,-0.0368,-0.0372
2010-06-30,0.32210,0.43590,-0.11390,0.75270,1.83120,,2.58400,-2.69780,0.00120,-2.69660,,-2.69660,-2.69660,-2.69660,-2.48760,-2.69780,60.63600,60.63600,-0.04000,-0.04000,2.63700,,,-35.34890,-837.63010,-837.63010,-837.24870,-837.24870,0.03400,4.57290,0.84630,106.34430,-32.78520,-86.87420,-28.42610,-32.78520,0.13330,-0.0273,-0.029
2010-03-31,0.11490,0.37960,-0.26470,0.57240,1.71140,,2.28380,-2.54860,-0.59350,-3.14210,,-3.14210,-3.14210,-3.14210,-1.70200,-2.54860,51.22800,51.22800,-0.06000,-0.06000,2.13710,,,-230.49320,-2218.95000,-2218.95000,-2735.69700,-2735.69700,0.01380,5.55960,0.99310,90.62690,-42.41120,-148.16400,-37.68990,-42.41120,0.12650,-0.03700,-0.03730
2009-12-31,,,,-0.08970,-0.67970,,,1.05000,-0.39040,0.66040,,0.66040,0.66040,0.66040,1.07970,1.05080,41.36600,41.36600,0.02000,0.02000,4.45820,0.33000,0.49260,,,,,,,,,,10.87690,107.04730,6.81420,7.28740,0.12140,-0.0153,-0.0146
2009-09-30,,,,0.94930,1.45800,,,-2.40720,-2.07930,-4.48660,,-4.48660,-4.48660,-4.48660,-2.03140,-2.40720,41.57600,41.57600,-0.11000,-0.11000,0.09730,0.53650,1.15760,,,,,,,,,,-178.16020,143.69710,-61.08350,-82.57210,0.05970,-0.0415,-0.0415
2009-06-30,,,,0.77350,0.76950,,,-1.54300,-0.05450,-1.59750,,-1.59750,-1.59750,-1.59750,-1.22220,-1.54300,39.24500,39.24500,-0.04000,-0.04000,1.50870,0.66800,2.01220,,,,,,,,,,-113.14640,36.34660,-17.51450,-37.56210,0.03780,-0.0439,-0.0442
2009-03-31,,,,0.95710,1.91560,,,-2.87270,0.00070,-2.87200,,-2.87200,-2.87200,-2.87200,-2.59420,-2.87270,38.54900,38.54900,-0.07000,-0.07000,0.06930,,,,,,,,,,,,-133.19510,75.22800,-37.70590,-133.19490,0.05770,-0.03460,-0.03530
