Date,revenue,cost-goods-sold,gross-profit,selling-general-administrative-expenses,other-operating-income-expenses,operating-expenses,operating-income,total-non-operating-income-expense,pre-tax-income,total-provision-income-taxes,income-after-taxes,income-from-continuous-operations,income-from-discontinued-operations,net-income,ebitda,ebit,basic-shares-outstanding,shares-outstanding,eps-basic-net-earnings-per-share,eps-earnings-per-share-diluted,current-ratio,long-term-debt-capital,debt-equity-ratio,gross-margin,operating-margin,ebit-margin,pre-tax-profit-margin,net-profit-margin,asset-turnover,inventory-turnover,receiveable-turnover,days-sales-in-receivables,roe,return-on-tangible-equity,roa,roi,book-value-per-share,operating-cash-flow-per-share,free-cash-flow-per-share
2023-09-30,114.36700,106.76300,7.60400,9.89300,-24.56600,27.29590,-19.69190,-11.60600,-31.29800,-2.95400,-28.34400,-28.34400,,-28.34400,-4.86290,-19.69190,39.46500,39.46500,-0.74000,-0.74000,0.51730,0.64580,2.64090,6.64880,-17.21820,-17.21820,-27.36630,-24.78340,0.12730,3.65060,13.85760,6.49460,-14.16940,-14.16940,-3.15470,-5.01870,4.88600,-0.2703,0.649
2023-06-30,114.69100,103.49300,11.19800,11.34600,-24.76600,51.42800,-40.23000,-10.09400,-50.32400,-2.76400,-47.56000,-47.56000,,-47.56000,-21.63100,-40.23000,40.68800,40.68800,-1.17000,-1.17000,0.81550,0.65980,2.48480,9.76360,-35.07690,-35.07690,-43.87790,-41.46800,0.11920,3.60210,32.01870,2.81090,-20.86900,-20.86900,-4.94390,-7.10020,5.58150,-0.1238,1.0131
2023-03-31,121.83400,101.65000,20.18400,13.53800,-0.23300,47.05500,-26.87100,-10.34800,-37.21900,-2.09700,-35.12200,-35.12200,,-35.12200,-8.45000,-26.87100,39.93200,39.93200,-0.88000,-0.88000,0.48380,0.62750,2.21170,16.56680,-22.05540,-22.05540,-30.54890,-28.82780,0.11540,3.79940,12.27670,7.33100,-12.76160,-12.76160,-3.32800,-4.75350,6.77560,-0.0504,1.9481
2022-12-31,147.17300,110.69000,36.48300,13.98800,-1.12600,34.03600,2.44700,-12.46700,-10.02000,-0.93000,-9.09000,-9.09000,,-9.09000,18.81600,2.44700,36.37800,36.37800,-0.25000,-0.25000,0.54760,0.66600,2.29050,24.78920,1.66270,1.66270,-6.80830,-6.17640,0.12690,4.33930,11.22170,8.02020,-3.03230,-3.03230,-0.78390,-1.01270,8.24020,-0.16590,-0.62240
2022-09-30,125.63400,98.34400,27.29000,12.41600,-171.19300,163.76400,-136.47400,-12.16500,-148.63900,-33.00300,-115.63600,-115.63600,,-115.63600,-115.52700,-136.47400,36.13300,36.13300,-3.19000,-3.19000,0.45850,0.61990,1.94610,21.72180,-108.62820,-108.62830,-118.31110,-92.04200,0.11260,3.68120,31.58220,2.84970,-37.52300,-37.99670,-10.36530,-14.26390,8.47170,-0.0056,1.3592
2022-06-30,134.39700,102.24700,32.15000,11.11200,-0.72200,31.93700,0.21300,-12.69100,-12.47800,-2.49300,-9.98500,-9.98500,,-9.98500,21.64900,0.21300,36.18300,36.18300,-0.28000,-0.28000,0.39710,0.55290,1.50340,23.92170,0.15850,0.15850,-9.28440,-7.42950,0.10180,3.88170,33.18440,2.71210,-2.36030,-2.39440,-0.75630,-1.05520,11.65650,0.0992,-0.3776
2022-03-31,123.21300,99.20100,24.01200,7.86000,-0.68500,68.76700,-44.75500,-10.41000,-55.16500,-12.38200,-42.78300,-42.78300,,-42.78300,-20.81500,-44.75500,36.04800,36.04800,-1.19000,-1.19000,0.48100,0.54660,1.46370,19.48820,-36.32330,-36.32330,-44.77210,-34.72280,0.09100,3.77840,17.98990,5.00280,-9.89110,-10.03680,-3.16130,-4.48460,11.97290,0.1441,0.2535
2021-12-31,147.75700,116.16500,31.59200,12.57800,-1.97200,35.57800,-3.98600,-14.40000,-18.38600,-4.11200,-14.27400,-14.27400,,-14.27400,20.02800,-3.98600,35.96300,35.96300,-0.40000,-0.40000,0.55230,0.53570,1.38780,21.38110,-2.69770,-2.69770,-12.44340,-9.66050,0.10300,4.60860,50.61910,1.77800,-3.00840,-3.05040,-0.99510,-1.39680,13.19300,0.13210,-0.61110
2021-09-30,130.78300,115.84500,14.93800,13.53100,24.42100,9.84890,5.08910,-14.99200,-9.90300,-2.40800,-7.49500,-7.49500,,-7.49500,29.13610,5.08910,35.71300,38.84300,-0.22000,-0.21000,0.61340,0.52510,1.33470,11.42200,3.89120,3.89120,-7.57210,-5.73090,0.08980,4.73470,41.29560,2.17940,-1.53570,-1.55740,-0.51460,-0.72930,13.57230,0.1,0.0897
2021-06-30,125.15700,102.94800,22.20900,12.08700,25.18500,7.83500,14.37400,-8.57300,5.80100,1.52500,4.27600,4.27600,,4.27600,38.28500,14.37400,35.76900,39.51300,0.12000,0.11000,0.80570,0.54220,1.40190,17.74490,11.48480,11.48480,4.63500,3.41650,0.08210,4.16680,25.29960,3.55740,0.86440,0.87700,0.28040,0.39580,13.78250,1.3281,1.0166
2021-03-31,97.28000,99.16800,-1.88800,11.16400,50.51800,-18.64900,16.76100,-9.18200,7.57900,1.89000,5.68900,5.68900,,5.68900,39.13500,16.76100,35.62800,39.43200,0.16000,0.14000,0.75390,0.55010,1.43430,-1.94080,17.22970,17.22970,7.79090,5.84810,0.06400,4.30340,7.01520,12.82930,1.15900,1.17680,0.37440,0.52150,13.74910,-0.1706,-0.2419
2020-12-31,150.37100,101.16700,49.20400,13.07300,11.31100,22.23200,26.97200,-8.03300,18.93900,4.82100,14.11800,14.11800,,14.11800,48.50900,26.97200,35.53100,36.64700,0.40000,0.39000,0.81980,0.56310,1.49470,32.72170,17.93700,17.93700,12.59490,9.38880,0.09670,4.44490,9.75670,9.22440,2.91520,2.96240,0.90800,1.27370,13.62980,2.16320,2.11480
2020-09-30,108.03900,87.31000,20.72900,13.01300,36.78800,-3.13500,23.86400,-9.31700,14.54700,3.17200,11.37500,11.37500,,11.37500,44.71000,23.86400,35.23700,35.30800,0.32000,0.32000,0.44040,0.54230,1.59810,19.18660,22.08830,22.08830,13.46460,10.52860,0.07190,3.80090,7.87920,11.42250,2.48440,2.52880,0.75740,1.13710,12.88760,2.0118,1.9693
2020-06-30,73.09900,68.52100,4.57800,11.73700,43.01800,-10.64600,15.22400,-10.28800,4.93600,1.51700,3.41900,3.41900,,3.41900,36.00500,15.22400,35.29900,35.29900,0.10000,0.10000,0.36540,0.56850,1.71440,6.26270,20.82650,20.82650,6.75250,4.67720,0.04890,3.05650,5.00060,17.99780,0.76750,0.78220,0.22860,0.33120,12.57950,1.0861,0.741
2020-03-31,179.89600,131.03500,48.86100,14.50000,,34.96900,13.89200,-10.70000,3.19200,1.30700,1.88500,1.88500,,1.88500,34.51800,13.89200,35.14100,35.26500,0.05000,0.05000,0.32700,0.58410,1.78530,27.16070,7.72220,7.72220,1.77440,1.04780,0.11900,5.85550,12.68480,7.09510,0.42710,0.43580,0.12470,0.17760,12.54020,0.7623,0.6823
2019-12-31,184.03600,123.30100,60.73500,12.99600,,33.54800,27.18700,-12.86700,14.32000,3.53500,10.78500,10.78500,,10.78500,47.69000,27.18700,35.02300,35.18200,0.31000,0.31000,0.37930,0.59400,1.84190,33.00170,14.77270,14.77270,7.78110,5.86030,0.11930,5.50450,7.62970,11.79600,2.46130,2.51380,0.69940,0.99930,13.26280,1.08660,0.79890
2019-09-30,187.83000,124.50500,63.32500,12.40600,,32.87200,30.45300,-13.39500,17.05800,4.81500,12.24300,12.24300,,12.24300,50.70800,30.45300,34.76400,35.06400,0.35000,0.35000,0.61490,0.61400,1.98020,33.71400,16.21310,16.21310,9.08160,6.51810,0.12940,5.83520,8.13820,11.05890,2.87480,2.94070,0.84320,1.10970,13.55710,1.0768,0.8387
2019-06-30,180.22400,121.41100,58.81300,12.43500,-9.54000,41.73600,17.07700,-13.21400,3.86300,0.85600,3.00700,3.00700,,3.00700,36.70600,17.07700,34.83500,35.11200,0.09000,0.09000,0.64330,0.63480,2.13500,32.63330,9.47540,9.47540,2.14340,1.66850,0.12290,5.99030,22.80740,3.94610,0.72860,0.74660,0.20510,0.26600,13.59410,1.2533,-1.0916
2019-03-31,177.14700,110.02200,67.12500,13.47200,,32.74800,34.37700,-17.04200,17.33500,4.08600,13.24900,13.24900,,13.24900,53.22400,34.37700,34.69900,34.96200,0.38000,0.38000,0.70650,0.63000,2.06210,37.89230,19.40590,19.40590,9.78570,7.47910,0.12430,5.72170,14.67540,6.13270,3.23710,3.32180,0.92960,1.19780,14.63350,0.7384,0.5003
2018-12-31,178.15600,108.22100,69.93500,12.21400,,30.70500,39.23000,-14.20000,25.03000,5.94900,19.08100,19.08100,,19.08100,57.57500,39.23000,34.51800,35.11300,0.55000,0.54000,0.75100,0.64810,2.22110,39.25490,22.02000,22.02000,14.04950,10.71030,0.12340,6.21890,29.61860,3.03860,4.82870,4.96550,1.32140,1.69910,16.53180,1.25720,0.51570
2018-09-30,177.53190,108.01400,69.51790,10.31400,,27.73400,41.78400,-15.14000,26.64400,7.25000,19.39400,19.39400,,19.39400,64.13300,41.78400,24.82600,25.25700,-0.28000,0.74000,0.78730,0.67000,2.44440,39.15800,23.53600,23.53610,15.00800,10.92420,0.12060,6.89830,12.42350,7.24430,5.17910,5.34080,1.31720,1.70930,15.66620,2.0025,1.5523
2018-06-30,171.73900,119.05900,52.68000,22.06600,-15.10900,53.18800,-0.50800,-14.12200,-14.63000,-3.49500,-11.13500,-11.13500,,-11.13500,13.70300,-0.50800,23.33600,23.33600,-0.48000,-0.48000,0.49570,0.78080,4.20600,30.67450,-0.29580,-0.29580,-8.51870,-6.48370,0.12360,7.57570,7.95240,11.31740,-4.78670,-5.03420,-0.80130,-1.04940,9.92250,0.9584,-2.5427
2018-03-31,167.64000,125.28800,42.35200,10.33700,,26.00300,16.34900,-13.36900,2.98000,0.60800,2.37200,2.37200,,2.37200,30.02500,16.34900,23.28200,23.57000,0.10000,0.10000,,,,25.26370,9.75240,9.75240,1.77760,1.41490,,,,,,,,,,0.555,0.2725
2017-12-31,164.68400,122.79900,41.88500,10.93000,,26.86200,15.02300,-14.18800,0.83500,-21.78900,22.62400,22.62400,,22.62400,30.02900,15.02300,11.29400,23.55900,2.00000,0.96000,,,,25.43360,9.12230,9.12230,0.50700,13.73780,,,,,,,,,,1.19330,0.75550
2017-09-30,,,,,,,,,,,,,,,,,,,,0.00000,,,,,,,,,,,,,,,,,,-1.6682,1.1222
2017-06-30,166.95200,104.43600,62.51600,10.53400,,26.15400,36.36200,-11.86400,24.49800,9.06500,15.43300,15.43300,,15.43300,36.36200,36.36200,10.99300,23.22300,1.40000,0.66000,,,,37.44550,21.77990,21.77990,14.67370,9.24400,,,,,,,,,,1.6682,-1.1222
2016-09-30,,,,,,,,,,,,,,,,,,,,0.00000,,,,,,,,,,,,,,,,,,0,0
2009-06-30,232.59000,189.17000,43.42000,-3.57000,,5.91000,37.51000,-1.93000,2.27000,0.62000,1.65000,1.65000,-4.37000,-2.72000,42.88000,37.51000,,,,0.00000,1.83780,0.82370,5.09370,18.66800,16.12710,16.12710,0.97600,-1.16940,0.26010,6.85150,15.64160,5.75390,1.77310,1.77310,0.18450,0.31260,,0,0
2009-03-31,233.01000,191.93000,41.08000,34.15000,,43.46000,-2.38000,29.59000,27.20000,64.47000,-37.27000,-37.27000,0.53000,-36.73000,-2.38000,-2.38000,,,,0.00000,1.83340,0.82290,5.05880,17.62590,-1.02140,-1.02140,11.67330,-15.76330,0.25080,6.74150,12.46040,7.22290,-39.00170,-39.00580,-4.01080,-6.90810,,0,0
