Date,revenue,cost-goods-sold,gross-profit,research-development-expenses,selling-general-administrative-expenses,other-operating-income-expenses,operating-expenses,operating-income,total-non-operating-income-expense,pre-tax-income,total-provision-income-taxes,income-after-taxes,income-from-continuous-operations,net-income,ebitda,ebit,basic-shares-outstanding,shares-outstanding,eps-basic-net-earnings-per-share,eps-earnings-per-share-diluted,current-ratio,long-term-debt-capital,debt-equity-ratio,gross-margin,operating-margin,ebit-margin,pre-tax-profit-margin,net-profit-margin,asset-turnover,receiveable-turnover,days-sales-in-receivables,roe,return-on-tangible-equity,roa,roi,book-value-per-share,operating-cash-flow-per-share,free-cash-flow-per-share
2023-06-30,1.92500,6.36800,-4.44300,6.69600,8.04200,1.67500,13.06300,-17.50600,-4.45300,-21.95900,-0.04000,-21.91900,-21.91900,-21.91900,-16.57900,-17.50600,73.90400,73.90400,-0.28040,-0.28040,1.94510,0.17000,0.21670,-230.80530,-909.40280,-909.40280,-1140.72700,-1138.65000,0.00290,0.27510,327.17930,-4.36770,29.09150,-3.27440,-3.62510,6.16350,-0.2181,-0.2187
2023-03-31,1.93900,6.24600,-4.30700,7.06600,6.40700,4.11800,9.35500,-13.66200,-4.98400,-18.64600,-0.04600,-18.60000,-18.60000,-18.60000,-12.67200,-13.66200,73.65800,73.65800,-0.25260,-0.25260,1.13810,0.17040,0.22060,-222.12480,-704.59000,-704.59000,-961.62970,-959.25730,0.00300,0.23100,389.56680,-3.85760,19.50440,-2.85960,-3.20020,6.54120,-0.2207,-0.2211
2022-12-31,2.13400,7.89400,-5.76000,7.68300,6.38600,1.46000,12.60900,-18.36900,-6.18800,-24.55700,-0.07100,-24.48600,-24.48600,-24.48600,-17.28400,-18.36900,73.65800,73.65800,-0.33200,-0.33200,1.43160,0.16250,0.20580,-269.91560,-860.77780,-860.77780,-1150.75000,-1147.42300,0.00320,0.41720,215.72160,-4.89720,31.43260,-3.66520,-4.10160,6.78820,-0.212,-0.2124
2022-09-30,1.50300,4.86600,-3.36300,5.74400,6.89800,3.56300,9.07900,-12.44200,-4.49700,-16.93900,-0.05500,-16.88400,-16.88400,-16.88400,-11.33700,-12.44200,69.60710,69.60710,-0.24300,-0.24300,1.90480,0.15270,0.19070,-223.75250,-827.81100,-827.81100,-1127.01300,-1123.35300,0.00220,0.38910,231.31740,-3.22950,30.43920,-2.46660,-2.73650,7.09780,-0.20530,-0.20750
2022-06-30,2.22300,7.49300,-5.27000,5.03900,9.49800,2.63700,11.90000,-17.17000,-4.33700,-21.50700,-0.05200,-21.45500,-21.45500,-21.45500,-16.09900,-17.17000,64.89000,64.89000,-0.33100,-0.33100,1.35940,0.15560,0.19440,-237.06680,-772.37920,-772.37920,-967.47590,-965.13680,0.00340,0.50490,178.25900,-4.31650,26.29030,-3.24020,-3.64470,7.64150,-0.2149,-0.2157
2022-03-31,2.01100,5.59000,-3.57900,8.25000,7.56700,1.96000,13.85700,-17.43600,-3.91100,-21.34700,-0.04500,-21.30200,-21.30200,-21.30200,-16.32200,-17.43600,64.95600,64.95600,-0.32800,-0.32800,1.68880,0.14630,0.18210,-177.97120,-867.03130,-867.03130,-1061.51200,-1059.27400,0.00300,0.35690,252.14320,-4.11930,34.45920,-3.12490,-3.51650,7.95690,-0.2369,-0.237
2021-12-31,2.38300,6.59000,-4.20700,10.19800,7.81400,1.57400,16.43800,-20.64500,-5.38000,-26.02500,-0.08000,-25.94500,-25.94500,-25.94500,-19.54300,-20.64500,64.81050,64.81050,-0.40000,-0.40000,1.87730,0.13910,0.17130,-176.54220,-866.34510,-866.34510,-1092.11100,-1088.75400,0.00340,0.39400,228.41800,-4.84490,58.53100,-3.68310,-4.17090,8.26210,-0.2811,-0.2811
2021-09-30,3.59400,7.53700,-3.94300,9.32800,5.87800,0.10200,15.10400,-19.04700,-3.66000,-22.70700,-0.06200,-22.64500,-22.64500,-22.64500,-17.95400,-19.04700,64.80500,64.80500,-0.34900,-0.34900,1.35870,0.07080,0.17240,-109.71060,-529.96660,-529.96660,-631.80300,-630.07790,0.00500,0.63870,140.90980,-4.04560,110.83100,-3.13720,-3.75910,8.63690,-0.28080,-0.28240
2021-06-30,1.99500,7.01300,-5.01800,7.05500,7.23300,0.70300,13.58500,-18.60300,-3.52200,-22.12500,0.08300,-22.20800,-22.20800,-22.06000,-17.47400,-18.60300,60.50650,60.50650,-0.33400,-0.33400,1.57230,0.06590,0.16210,-251.52900,-932.48190,-932.48190,-1109.02200,-1105.76400,0.00270,0.41200,218.43610,-3.81980,-2609.78200,-2.98210,-3.56790,8.96250,-0.3113,-0.315
2021-03-31,1.91500,7.33200,-5.41700,12.44100,8.08700,2.55900,17.96900,-23.38600,-3.22700,-26.61300,-0.09800,-26.51500,-26.51500,-26.51500,-22.30300,-23.38600,60.44490,60.44490,-0.43900,-0.43900,1.72270,0.06220,0.15400,-282.87210,-1221.20100,-1221.20100,-1389.71300,-1384.59500,0.00250,0.64980,138.50130,-4.41230,-132.63490,-3.46090,-4.13790,9.28220,-0.3756,-0.3908
2020-12-31,2.24100,6.45000,-4.20900,14.23800,7.86700,1.75800,20.34700,-24.55600,-1.06200,-25.61800,-0.07400,-25.54400,-25.54400,-25.69200,-23.50900,-24.55600,58.63540,58.63540,-0.43800,-0.43800,0.99360,0.08640,0.17480,-187.81790,-1095.76100,-1095.76100,-1143.15000,-1146.45300,0.00330,0.67060,134.21690,-4.92430,40.80580,-3.71650,-4.49860,8.83690,-0.4946,-0.5015
2020-09-30,1.30500,11.92400,-10.61900,19.27800,7.68000,15.20600,11.75200,-22.37100,-2.90300,-25.27400,-0.73000,-24.54400,-24.54400,-24.54400,-21.36600,-22.37100,58.24900,58.24900,-0.42200,-0.42200,1.31970,0.09430,0.16900,-813.71650,-1714.25300,-1714.25300,-1936.70500,-1880.76600,0.00180,0.53350,168.68970,-4.55780,57.46540,-3.44440,-4.12780,9.19270,-0.48360,-0.48500
2020-06-30,0.70100,9.85400,-9.15300,15.26600,7.65000,0.89700,22.01900,-31.17200,-4.69600,-35.86800,-3.25900,-32.60900,-32.60900,-32.60900,-30.16600,-31.17200,52.88220,52.88220,-0.62000,-0.62000,1.51480,0.09400,0.16290,-1305.71000,-4446.80200,-4446.80200,-5116.70300,-4651.79400,0.00100,0.44540,202.08320,-5.93620,101.03480,-4.44510,-5.37790,9.46380,-0.3818,-0.3971
2020-03-31,12.20100,7.61200,4.58900,14.37900,5.73000,1.71600,18.39300,-13.80400,-3.41400,-17.21800,-1.95500,-15.26300,-15.26300,-15.26300,-12.85800,-13.80400,53.76650,53.76650,-0.28400,-0.28400,0.90490,0.10940,0.17820,37.61170,-113.13830,-113.13830,-141.11960,-125.09630,0.01830,4.06560,22.13670,-3.12890,16.21480,-2.29250,-2.78640,9.07940,-0.3681,-0.3809
2019-12-31,2.20600,5.14500,-2.93900,14.15400,6.76600,-0.45200,21.37200,-24.31100,-2.54200,-26.85300,-2.26900,-24.58400,-24.58400,-24.58400,-23.44500,-24.31100,53.44100,53.44100,-0.46000,-0.46000,1.21250,0.11640,0.16960,-133.22760,-1102.04000,-1102.04000,-1217.27100,-1114.41500,0.00320,0.71370,126.10610,-4.90890,30.15180,-3.56170,-4.33730,9.32980,-0.0044,-0.0128
2019-09-30,17.04800,2.69800,14.35000,12.38900,5.46300,-0.45700,18.30900,-3.95900,-3.45700,-7.41600,-1.93200,-5.48400,-5.48400,-5.48400,-3.11000,-3.95900,49.93000,49.93000,-0.11000,-0.11000,0.86450,0.12010,0.17620,84.17410,-23.22270,-23.22270,-43.50070,-32.16800,0.02610,0.95470,94.27090,-1.15420,5.09740,-0.83880,-1.01550,9.51860,-0.31160,-0.31470
2019-06-30,1.96600,2.44700,-0.48100,11.43100,5.62900,-2.93900,19.99900,-20.48000,-3.42100,-23.90100,-3.17400,-20.72700,-20.72700,-20.72700,-19.97000,-20.48000,49.43810,49.43810,-0.40900,-0.40900,1.41030,0.12270,0.16900,-24.46590,-1041.70900,-1041.70900,-1215.71700,-1054.27200,0.00300,0.48420,185.85960,-4.30870,20.30590,-3.17840,-3.78000,9.71570,-0.3935,-0.3951
2019-03-31,1.24900,3.19300,-1.94400,14.40700,5.25600,-2.80000,22.46300,-24.40700,-2.76800,-27.17500,-2.20500,-24.97000,-24.97000,-24.97000,-23.87600,-24.40700,49.91400,49.91400,-0.50000,-0.50000,1.92190,0.12290,0.15890,-155.64450,-1954.12300,-1954.12300,-2175.74100,-1999.19900,0.00180,0.35600,252.77820,-4.98460,30.27440,-3.69540,-4.37180,10.04650,-0.4192,-0.4211
2018-12-31,1.87000,5.40100,-3.53100,15.48800,5.12600,-0.83800,21.45200,-24.98300,-2.48600,-27.46900,-2.86500,-24.60400,-24.60400,-24.60400,-24.43900,-24.98300,49.17600,49.17600,-0.50000,-0.50000,1.41030,0.12270,0.16900,-188.82350,-1335.98900,-1335.98900,-1468.93000,-1315.72200,0.00290,0.46060,195.40110,-5.11460,24.10410,-3.77300,-4.48710,9.67100,0.0517,0.0503
2018-09-30,11.63700,4.31700,7.32000,18.48900,5.61400,-0.77300,24.87600,-17.55600,-2.65300,-20.20900,-0.71100,-19.49800,-19.49800,-19.49800,-17.00200,-17.55600,47.91850,47.91850,-0.40700,-0.40700,3.57070,0.10390,0.11590,62.90280,-150.86360,-150.86360,-173.66160,-167.55180,0.01690,0.39400,228.45320,-3.69560,34.44210,-2.83080,-3.31170,10.92560,-0.40790,-0.40870
2018-06-30,1.70000,2.12100,-0.42100,17.53900,5.21900,2.73000,20.02800,-20.44900,-1.40600,-21.85500,-1.02100,-20.83400,-20.83400,-20.83400,-19.86300,-20.44900,46.56890,46.56890,-0.44400,-0.44400,4.21080,0.09810,0.10880,-24.76480,-1202.88300,-1202.88300,-1285.58900,-1225.53000,0.00250,0.03380,2666.43600,-3.81570,53.97680,-3.00880,-3.44130,11.39560,-0.4525,-0.4531
2018-03-31,1.07000,1.70900,-0.63900,16.79800,6.03300,-0.67000,23.50100,-24.14000,-0.42300,-24.56300,-3.42600,-21.13700,-21.13700,-21.13700,-23.30800,-24.14000,47.33130,47.33130,-0.44700,-0.44700,3.46200,0.05350,0.05650,-59.71960,-2256.07500,-2256.07500,-2295.60700,-1975.42000,0.00160,0.08860,1015.57000,-3.80070,73.21950,-3.11820,-3.59740,11.75090,-0.4108,-0.4116
2017-12-31,13.39700,0.80100,12.59600,16.22200,5.64300,-0.37000,22.23500,-9.63900,,-9.63900,-23.34200,13.70300,13.70300,13.70300,-9.03800,-9.63900,47.12050,47.12050,0.29100,0.29100,3.34730,,,94.02110,-71.94900,-71.94900,-71.94890,102.28410,0.02020,1.09490,82.20050,2.38060,-136.79700,2.06120,2.38060,12.22480,-0.2891,-0.2902
2017-09-30,1.17400,0.87700,0.29700,15.36800,5.01200,10.16300,10.21700,-9.92000,,-9.92000,-2.89800,-7.02200,-7.02200,-7.02200,-9.28900,-9.92000,44.41120,44.41120,-0.15800,-0.15800,3.52780,,,25.29810,-844.97440,-844.97440,-844.97440,-598.12600,0.00170,0.25580,351.87390,-1.25480,26.60150,-1.04510,-1.25480,11.89490,-0.45840,-0.46020
2017-06-30,0.56600,1.15000,-0.58400,15.93900,7.14800,-7.58700,30.67400,-31.25800,,-31.25800,-4.07600,-27.18200,-27.18200,-27.18200,-30.49900,-31.25800,39.90420,39.90420,-0.66200,-0.66200,1.73460,,,-103.18020,-5522.61800,-5522.61700,-5522.61500,-4802.47600,0.00090,0.15120,595.17680,-5.26000,39.06360,-4.14560,-5.26000,12.06770,-0.6004,-0.6003
2017-03-31,0.90100,3.83000,-2.92900,13.92800,5.52100,9.50100,9.94800,-12.87700,,-12.87700,-3.09300,-9.78400,-9.78400,-9.78400,-12.12000,-12.87700,40.19610,40.19610,-0.24300,-0.24300,2.91530,,,-325.08320,-1429.19000,-1429.19000,-1429.19000,-1085.90500,0.00130,0.13810,651.47610,-1.81050,21.12630,-1.44060,-1.81050,12.62900,-0.5859,-0.5862
2016-12-31,0.55000,3.79000,-3.24000,15.04300,4.87900,-0.01500,19.93700,-23.17700,,-23.17700,-3.12600,-20.05100,-20.05100,-20.05100,-22.41000,-23.17700,38.43660,38.43660,-0.50000,-0.50000,2.30250,,,-589.09090,-4214.00000,-4214.00000,-4214.00000,-3645.63600,0.00080,0.02030,4439.94500,-3.92760,26.19160,-3.03400,-3.92760,12.70900,-0.6592,-0.6592
2016-09-30,0.39500,3.29500,-2.90000,14.00400,5.45900,-0.54000,20.00300,-22.90300,,-22.90300,-3.10500,-19.79800,-19.79800,-19.79800,-22.12900,-22.90300,38.07300,38.07300,-0.52000,-0.52000,2.25720,,,-734.17720,-5798.22800,-5798.22800,-5798.22800,-5012.15200,0.00060,0.08620,1044.22800,-3.88290,25.51580,-2.97520,-3.88290,13.35950,-0.54700,-0.55460
2016-06-30,26.87900,7.72100,19.15800,14.39400,5.83600,21.83900,-1.60900,20.76700,-54.98000,-34.21300,-82.50400,48.29100,48.29100,48.29100,21.47600,20.76700,36.08000,36.08000,1.35400,1.35400,3.01970,,,71.27500,77.26110,77.26110,-127.28520,179.66070,0.03930,6.63020,13.57420,9.14320,-80.94100,7.05990,9.14320,13.84890,-0.5852,-0.5872
2016-03-31,4.14200,7.72100,-3.57900,12.01500,5.41300,2.37300,15.05500,-18.63400,-2.48900,-21.12300,-4.19000,-16.93300,-16.93300,-16.93300,-18.02900,-18.63400,37.71270,37.71270,-0.44900,-0.44900,,,,-86.40750,-449.87930,-449.87930,-509.97100,-408.81210,,,,,,,,,-0.5049,-0.5056
2015-12-31,4.01400,8.11800,-4.10400,12.51500,5.71600,2.03600,16.19500,-20.29900,-2.02600,-22.32500,,-22.32500,-22.32500,-22.32500,-19.86000,-20.29900,35.49300,35.49300,-0.62900,-0.62900,3.17950,,,-102.24220,-505.70500,-505.70500,-556.17840,-556.17840,0.00510,0.51240,175.62780,-4.53070,14.17530,-2.82250,-4.53070,12.96390,-0.517,-0.5194
2015-09-30,7.51300,6.20300,1.31000,11.08900,5.53500,4.57800,12.04600,-10.73600,-2.42400,-13.16000,,-13.16000,-13.16000,-13.16000,-10.29700,-10.73600,33.74350,33.74350,-0.39000,-0.39000,2.32670,,,17.43640,-142.89900,-142.89900,-175.16300,-175.16300,0.01000,0.89760,100.26620,-2.90620,6.66500,-1.74800,-2.90620,,-0.83180,-0.84670
2015-06-30,,,,,,,,,,,,,,,,,,,,0.00000,,,,,,,,,,,,,,,,,0,0
2014-12-31,4.37700,,4.37700,,,,,4.37700,,4.37700,,4.37700,-27.88200,-27.88200,4.37700,4.37700,31.68400,31.68400,-0.88000,-0.88000,,,,100.00000,100.00000,100.00000,100.00000,-637.01170,,,,,,,,,0,0
2014-06-30,,,,,,,,,,,,,,,,,,,,0.00000,,,,,,,,,,,,,,,,,0,0
2013-06-30,,,,,,,,,,,,,,,,,,,,0.00000,,,,,,,,,,,,,,,,,0,0
2012-06-30,,,,,,,,,,,,,,,,,,,,0.00000,,,,,,,,,,,,,,,,,0,0
2011-06-30,,,,,,,,,,,,,,,,,,,,0.00000,,,,,,,,,,,,,,,,,0,0
