Date,revenue,gross-profit,research-development-expenses,selling-general-administrative-expenses,other-operating-income-expenses,operating-income,total-non-operating-income-expense,pre-tax-income,total-provision-income-taxes,income-after-taxes,income-from-continuous-operations,net-income,ebitda,ebit,basic-shares-outstanding,shares-outstanding,eps-basic-net-earnings-per-share,eps-earnings-per-share-diluted,current-ratio,long-term-debt-capital,debt-equity-ratio,gross-margin,operating-margin,ebit-margin,pre-tax-profit-margin,net-profit-margin,asset-turnover,receiveable-turnover,days-sales-in-receivables,roe,return-on-tangible-equity,roa,roi,book-value-per-share,operating-cash-flow-per-share,free-cash-flow-per-share
2023-09-30,,,6.72100,4.22700,-4.41200,-15.36000,0.27900,-15.08100,,-15.08100,-15.08100,-15.08100,-15.33600,-15.36000,42.97300,42.97300,-0.35000,-0.35000,10.45070,0.63180,1.71610,,,,,,,,,-52.90830,-52.90840,-17.31140,-19.47970,0.85130,-0.2824,-0.2829
2023-06-30,,,8.62200,4.44500,-3.36900,-16.43600,0.39300,-16.04300,,-16.04300,-16.04300,-16.04300,-16.41200,-16.43600,42.93700,42.93700,-0.37000,-0.37000,13.88840,0.54330,1.18970,,,,,,,,,-39.70250,-39.70250,-16.53590,-18.13160,1.21110,-0.2454,-0.2461
2023-03-31,1.00000,1.00000,10.25700,3.88900,-2.35600,-15.50200,0.55200,-14.95000,,-14.95000,-14.95000,-14.95000,-15.48400,-15.50200,42.85300,42.85300,-0.35000,-0.35000,13.62650,0.46730,0.87740,100.00000,-1550.20000,-1550.20000,-1495.00000,-1495.00000,0.00900,1.44090,62.46000,-27.71850,-27.71860,-13.45880,-14.76470,1.61790,-0.32450,-0.32520
2022-12-31,3.50000,3.50000,10.57800,4.12300,-2.55800,-13.75900,0.58200,-13.17700,,-13.17700,-13.17700,-13.17700,-13.74400,-13.75900,42.45000,42.45000,-0.32000,-0.32000,11.69620,,,100.00000,-393.11430,-393.11430,-376.48570,-376.48570,0.04700,3.96830,22.68000,-19.86040,-19.86040,-17.69130,-19.86040,1.93510,-0.3039,-0.3065
2022-09-30,1.50000,1.50000,9.82600,4.03400,-2.67000,-15.03000,0.47400,-14.55600,,-14.55600,-14.55600,-14.55600,-15.00300,-15.03000,42.49200,42.49200,-0.34000,-0.34000,12.71400,,,100.00000,-1002.00000,-1002.00000,-970.40000,-970.40000,0.01750,3.44830,26.10000,-18.86590,-18.86590,-16.97120,-18.86590,2.53900,-0.269,-0.2714
2022-06-30,,,10.65700,3.91800,-2.23100,-16.80600,0.15800,-16.64800,,-16.64800,-16.64800,-16.64800,-16.78200,-16.80600,42.27900,42.27900,-0.39000,-0.39000,21.26460,,,,,,,,,,,-19.21090,-19.21090,-18.23460,-19.21090,2.88810,-0.3329,-0.3343
2022-03-31,,,8.76800,3.64300,-1.63600,-14.04700,0.04000,-14.00700,,-14.00700,-14.00700,-14.00700,-14.02400,-14.04700,42.24300,42.24300,-0.33000,-0.33000,22.76920,,,,,,,,,,,-13.90190,-13.90190,-13.23930,-13.90190,3.36790,-0.33020,-0.33020
2021-12-31,,,10.91600,3.78700,-2.21500,-16.91800,0.03400,-16.88400,,-16.88400,-16.88400,-16.88400,-16.89500,-16.91800,41.83400,41.83400,-0.40000,-0.40000,17.55320,,,,,,,,,,,-14.99470,-14.99470,-14.08770,-14.99470,3.76610,-0.3001,-0.3001
2021-09-30,,,9.73300,2.96100,-1.57900,-14.27300,0.04800,-14.22500,,-14.22500,-14.22500,-14.22500,-14.24900,-14.27300,42.18790,42.18790,-0.34000,-0.34000,22.70530,,,,,,,,,,,-11.16410,-11.16410,-10.63350,-11.16410,4.26570,-0.2369,-0.2369
2021-06-30,15.00000,15.00000,9.42700,3.01800,-1.84300,0.71200,0.05800,0.77000,,0.77000,0.77000,0.77000,0.73500,0.71200,44.53010,44.53010,0.02000,0.02000,27.09950,,,100.00000,4.74670,4.74670,5.13330,5.13330,0.10310,61.98350,1.45200,0.55160,0.55160,0.52920,0.55160,4.67710,0.0451,0.0451
2021-03-31,,,8.59500,2.63300,-1.36600,-12.59400,0.08000,-12.51400,,-12.51400,-12.51400,-12.51400,-12.57100,-12.59400,41.25630,41.25630,-0.30000,-0.30000,23.59770,,,,,,,,,,,-9.48090,-9.48090,-9.03910,-9.48090,4.42240,-0.30230,-0.30230
2020-12-31,,,5.76600,1.67400,-1.32200,-8.76200,0.09600,-8.66600,,-8.66600,-8.66600,-8.66600,-8.73700,-8.76200,29.34500,29.34500,-0.10000,-0.10000,24.14130,,,,,,,,,,,-6.05510,-6.05510,-5.77830,-6.05510,4.79830,-0.319,-0.319
2020-09-30,,,8.22800,2.95200,-0.90500,-12.08500,0.08900,-11.99600,-0.01700,-11.97900,-11.97900,-11.97900,-12.06200,-12.08500,29.77410,29.77410,-0.40000,-0.40000,18.26540,,,,,,,,,,,-11.72140,-11.72140,-11.01040,-11.72140,4.13310,-0.0032,-0.0032
2020-06-30,,,8.62200,2.95600,-1.52700,-13.10500,0.12600,-12.97900,,-12.97900,-12.97900,-12.97900,-13.08000,-13.10500,24.62800,24.62800,-0.53000,-0.53000,18.51450,,,,,,,,,,,-14.74620,-14.74620,-13.93510,-14.74620,3.56440,-0.6702,-0.6702
2020-03-31,,,11.87200,2.70300,-2.18300,-16.75800,0.41500,-16.34300,,-16.34300,-16.34300,-16.34300,-16.73400,-16.75800,24.54900,24.54900,-0.67000,-0.67000,19.44170,,,,,,,,,,,-16.40340,-16.40340,-15.54170,-16.40340,4.05680,-0.73640,-0.73640
2019-12-31,,,14.14800,2.28000,-2.46400,-18.89200,0.60300,-18.28900,-0.00100,-18.28800,-18.28800,-18.28800,-18.86800,-18.89200,15.78500,15.78500,15.38000,15.38000,14.71110,,,,,,,,,,,-15.91410,-15.91410,-14.81670,-15.91410,4.68930,-1.8298,-1.8433
2019-09-30,,,9.54500,2.10400,-2.07600,-13.72500,0.82100,-12.90400,-0.07300,-12.83100,-12.83100,-12.83100,-13.71600,-13.72500,24.49100,24.49100,-0.52000,-0.52000,15.95420,,,,,,,,,,,-9.65960,-9.65960,-9.04280,-9.65960,5.42370,0.5794,0.568
2019-06-30,,,10.52700,1.64100,-2.16600,-14.33400,0.67200,-13.66200,-0.00400,-13.65800,-13.65800,-13.65800,-14.33200,-14.33400,13.19100,13.19100,-1.04000,-1.04000,23.44900,,,,,,,,,,,-9.39900,-9.39900,-8.99520,-9.39900,5.93330,22.4411,22.4398
2019-03-31,,,7.76500,0.97900,-2.18600,-10.93000,0.50000,-10.43000,0.02200,-10.45200,-10.45200,-10.45200,-10.92700,-10.93000,0.60300,0.60300,-17.32000,-17.32000,18.61250,,,,,,,,,,,15.97530,15.97530,-13.47120,15.97530,-106.39410,-24.43120,-24.43120
2018-12-31,,,7.29600,2.81000,-1.59300,-10.10600,0.44700,-9.65900,0.05600,-9.71500,-9.71500,-9.71500,-10.10400,-10.10600,0.31920,0.31920,-24.19000,-24.19000,19.42440,,,,,,,,,,,17.59650,17.59650,-11.02960,17.59650,-92.51210,-17.3603,-17.3582
2018-09-30,,,3.91100,0.64600,-1.22800,-5.78500,0.08500,-5.70000,,-5.70000,-5.70000,-5.70000,-5.78200,-5.78500,0.28280,0.28280,-20.16000,-20.16000,,,,,,,,,,,,,,,,,-19.7242,-19.7241
2018-06-30,,,2.55100,0.75000,-0.37500,-3.67600,0.08900,-3.58700,0.00200,-3.58900,-3.58900,-3.58900,-3.67300,-3.67600,0.28230,0.28230,-12.71000,-12.71000,,,,,,,,,,,,,,,,,-11.26,-11.2592
2018-03-31,,,3.09100,0.43900,-0.72500,-4.25500,0.09000,-4.16500,0.01600,-4.18100,-4.18100,-4.18100,-4.25300,-4.25500,0.26850,0.26850,-15.57000,-15.57000,,,,,,,,,,,,,,,,,-17.58870,-17.60730
2017-12-31,,,,,,,,,,,,,,,,,,0.00000,,,,,,,,,,,,,,,,,0,0
