Date,revenue,cost-goods-sold,gross-profit,research-development-expenses,selling-general-administrative-expenses,operating-expenses,operating-income,total-non-operating-income-expense,pre-tax-income,total-provision-income-taxes,income-after-taxes,income-from-continuous-operations,net-income,ebitda,ebit,basic-shares-outstanding,shares-outstanding,eps-basic-net-earnings-per-share,eps-earnings-per-share-diluted,current-ratio,debt-equity-ratio,gross-margin,operating-margin,ebit-margin,pre-tax-profit-margin,net-profit-margin,asset-turnover,receiveable-turnover,days-sales-in-receivables,roe,return-on-tangible-equity,roa,roi,book-value-per-share,operating-cash-flow-per-share,free-cash-flow-per-share
2024-06-30,236.10600,23.76300,212.34300,50.44500,160.10400,210.54900,1.79400,14.85000,16.64400,2.32900,14.31500,14.31500,14.31500,4.71400,1.79400,49.68000,52.20900,0.29000,0.27000,2.62650,,89.93550,0.75980,0.75980,7.04940,6.06300,0.16060,12.04500,7.47200,1.57290,1.57290,0.97370,1.57290,18.25390,1.0623,0.9761
2024-03-31,216.91300,23.45400,193.45900,44.42300,154.05800,198.48100,-5.02200,12.83900,7.81700,0.73900,7.07800,7.07800,7.07800,-2.48900,-5.02200,49.20500,52.02000,0.14000,0.14000,2.61940,,89.18740,-2.31520,-2.31520,3.60370,3.26310,0.15600,11.84670,7.59710,0.82700,0.82700,0.50890,0.82700,,1.76770,1.73960
2023-12-31,202.57000,22.40800,180.16200,41.89800,139.40900,181.30700,-1.14500,12.86100,11.71600,-0.62100,12.33700,12.33700,12.33700,1.41100,-1.14500,48.36600,48.36600,0.27000,0.27000,2.82000,,88.93810,-0.56530,-0.56520,5.78370,6.09020,0.15880,11.30980,7.95770,1.51650,1.51650,0.96710,1.51650,16.62800,1.4048,1.3477
2023-09-30,189.19000,21.70700,167.48300,38.43300,131.57100,170.00400,-2.52100,11.55500,9.03400,1.54600,7.48800,7.48800,7.48800,-0.19000,-2.52100,48.53630,51.46170,0.15000,0.15000,2.81980,,88.52640,-1.33250,-1.33250,4.77510,3.95790,0.15760,13.70350,6.56770,0.98210,0.98210,0.62380,0.98210,,1.1754,1.1663
2023-06-30,175.67900,19.51600,156.16300,39.10600,129.22400,168.33000,-12.16700,7.61200,-4.55500,2.48000,-7.03500,-7.03500,-7.03500,-10.00300,-12.16700,48.20900,48.20900,-0.15000,-0.15000,2.81840,,88.89110,-6.92570,-6.92570,-2.59280,-4.00450,0.15400,11.60670,7.75410,-0.97540,-0.97540,-0.61670,-0.97540,,0.9816,0.9588
2023-03-31,162.25600,17.01400,145.24200,37.06300,130.93100,167.99400,-22.75200,9.88300,-12.86900,1.79800,-14.66700,-14.66700,-14.66700,-20.78000,-22.75200,47.91200,47.91200,-0.31000,-0.31000,2.85130,,89.51410,-14.02230,-14.02230,-7.93130,-9.03940,0.14780,8.54610,10.53110,-2.10980,-2.10980,-1.33630,-2.10980,,0.89180,0.81750
2022-12-31,149.92100,17.35900,132.56200,32.56000,110.10200,142.66200,-10.10000,11.13700,1.03700,2.52500,-1.48800,-1.48800,-1.48800,-6.91700,-10.10000,45.80500,45.80500,0.01000,0.01000,3.09780,,88.42130,-6.73690,-6.73690,0.69170,-0.99250,0.14430,11.33530,7.93980,-0.21890,-0.21890,-0.14320,-0.21890,14.23900,0.7452,0.665
2022-09-30,136.89300,17.83000,119.06300,33.98400,113.31800,147.30200,-28.23900,6.97200,-21.26700,1.76300,-23.03000,-23.03000,-23.03000,-25.37900,-28.23900,45.47780,45.47780,-0.51000,-0.51000,3.07750,,86.97520,-20.62850,-20.62850,-15.53550,-16.82340,0.13550,9.46310,9.51060,-3.53490,-3.53490,-2.28000,-3.53490,,0.4457,0.3297
2022-06-30,123.71800,16.73000,106.98800,33.96200,119.20600,153.16800,-46.18000,2.45200,-43.72800,1.94300,-45.67100,-45.67100,-45.67100,-44.78300,-46.18000,45.07500,45.07500,-1.01000,-1.01000,3.24140,,86.47730,-37.32680,-37.32680,-35.34490,-36.91540,0.12890,13.00930,6.91820,-7.11350,-7.11350,-4.75890,-7.11350,,-0.3113,-0.4122
2022-03-31,108.49700,14.60900,93.88800,26.54100,134.84300,161.38400,-67.49600,1.99300,-65.50300,1.17500,-66.67800,-66.67800,-66.67800,-66.36900,-67.49600,44.97900,44.97900,-1.48000,-1.48000,3.57890,,86.53510,-62.21000,-62.21000,-60.37310,-61.45610,0.11300,10.96590,8.20720,-10.06340,-10.06340,-6.94580,-10.06340,,-0.28710,-0.33940
2021-12-31,95.54500,11.76800,83.77700,21.95900,93.41600,115.37500,-31.59800,0.14700,-31.45100,1.15400,-32.60500,-32.60500,-32.60500,-30.63500,-31.59800,30.33200,30.33200,1.31000,1.31000,4.00330,,87.68330,-33.07140,-33.07140,-32.91750,-34.12530,0.10240,11.22870,8.01520,-4.63540,-4.63540,-3.49390,-4.63540,15.65740,0.4751,0.2914
2021-09-30,83.01800,10.21300,72.80500,19.87500,82.14100,102.01600,-29.21100,-0.22000,-29.43100,-0.58500,-28.84600,-28.84600,-28.84600,-28.50200,-29.21100,44.26700,44.26700,-0.65000,-0.65000,4.40480,,87.69790,-35.18640,-35.18640,-35.45140,-34.74670,0.09050,11.93130,7.54320,-4.05250,-4.05250,-3.14500,-4.05250,,0.1132,0.2058
2021-06-30,70.61500,9.10800,61.50700,16.27100,72.70500,88.97600,-27.46900,-0.35900,-27.82800,1.06300,-28.89100,-28.89100,-32.48000,-26.94200,-27.46900,19.41770,19.41770,-1.67000,-1.67000,4.85000,0.02930,87.10190,-38.89970,-38.89970,-39.40810,-45.99590,0.07820,16.18130,5.56200,-4.02050,-4.02050,-3.20070,-4.02050,,-0.0008,0.0519
2021-03-31,58.97200,7.92400,51.04800,15.58100,73.31400,88.89500,-37.84700,-0.40600,-38.25300,0.69900,-38.95200,-38.95200,-43.56600,-37.30000,-37.84700,12.39200,12.39200,-3.52000,-3.52000,0.87310,-0.08720,86.56310,-64.17790,-64.17790,-64.86640,-73.87570,0.36750,12.04250,7.47350,16.15310,16.15310,-24.27230,16.15310,-19.36570,-0.04830,-0.38740
2020-12-31,50.14200,6.68100,43.46100,11.42800,93.72900,105.15700,-61.69600,-0.20300,-61.89900,0.96200,-62.86100,-62.86100,-62.86100,-61.10500,-61.69600,12.04890,12.04890,-5.58000,-5.58000,1.05120,-0.09660,86.67580,-123.04260,-123.04260,-123.44740,-125.36600,0.31850,12.82080,7.01990,28.89400,28.89400,-39.93200,28.89400,-4.99440,-0.9431,-1.0866
2020-09-30,42.59200,6.33300,36.25900,12.62000,64.28600,76.90600,-40.64700,0.23900,-40.40800,0.67100,-41.07900,-41.07900,-45.79600,-40.13700,-40.64700,12.24100,12.24100,-3.74000,-3.74000,,,85.13100,-95.43340,-95.43340,-94.87230,-107.52250,,,,,,,,,-0.5384,-0.5733
2020-06-30,36.46000,4.88300,31.57700,12.78100,46.98700,59.76800,-28.19100,0.14100,-28.05000,0.35000,-28.40000,-28.40000,-33.06500,-27.75000,-28.19100,11.83600,11.83600,-2.79000,-2.79000,,,86.60720,-77.32040,-77.32040,-76.93360,-90.68840,,,,,,,,,-1.168,-1.2547
2020-03-31,31.92900,4.59100,27.33800,6.65100,40.69000,47.34100,-20.00300,0.34900,-19.65400,0.20900,-19.86300,-19.86300,-19.86300,-19.65700,-20.00300,11.77810,11.77810,-2.08000,-2.08000,1.05120,-0.09660,85.62120,-62.64840,-62.64840,-61.55530,-62.20990,0.20280,8.16390,11.02420,9.13000,9.13000,-12.61780,9.13000,-17.60960,-0.43580,-0.53280
2019-12-31,,,,,,,,,,,,,,,,,,,0.00000,,,,,,,,,,,,,,,,0,0
