Date,revenue,cost-goods-sold,gross-profit,selling-general-administrative-expenses,other-operating-income-expenses,operating-expenses,operating-income,total-non-operating-income-expense,pre-tax-income,total-provision-income-taxes,income-after-taxes,income-from-continuous-operations,net-income,ebitda,ebit,basic-shares-outstanding,shares-outstanding,eps-basic-net-earnings-per-share,eps-earnings-per-share-diluted,current-ratio,debt-equity-ratio,gross-margin,operating-margin,ebit-margin,pre-tax-profit-margin,net-profit-margin,asset-turnover,inventory-turnover,receiveable-turnover,days-sales-in-receivables,roe,return-on-tangible-equity,roa,roi,book-value-per-share,operating-cash-flow-per-share,free-cash-flow-per-share
2024-03-31,1899.09800,871.96900,1027.12900,485.13800,,485.13800,541.99110,35.75400,577.74500,135.69600,442.04900,442.04900,442.04900,562.46610,541.99110,1041.08100,1051.28200,0.42000,0.42000,4.91160,,54.08510,28.53940,28.53940,30.42210,23.27680,0.18810,0.92800,1.38600,64.93690,5.15340,7.71590,4.37760,5.15340,8.23440,0.39200,0.32960
2023-12-31,1730.10800,791.73610,938.37190,504.41300,,504.41290,433.95910,16.11500,450.07390,83.09500,366.97900,366.97900,366.97910,452.49310,433.95890,1044.88700,1057.98100,0.35000,0.34000,4.81110,,54.23780,25.08280,25.08280,26.01420,21.21130,0.17860,0.81500,1.44900,62.10990,4.45970,6.81650,3.78860,4.45970,7.90030,0.4128,0.3082
2023-09-30,1856.02800,872.26500,983.76290,473.23600,,473.23600,510.52700,71.35700,581.88400,129.19000,452.69400,452.69400,452.69400,528.50700,510.52700,1047.01500,1059.96600,0.43000,0.43000,4.50590,,53.00370,27.50640,27.50640,31.35100,24.39050,0.19930,0.98720,1.50750,59.70110,5.74980,9.06160,4.86020,5.74980,7.56730,0.4909,0.4654
2023-06-30,1854.96100,880.73900,974.22200,450.41700,,450.41700,523.80510,15.15900,538.96400,125.09300,413.87100,413.87100,413.87100,539.38100,523.80510,1047.06500,1060.09300,0.40000,0.39000,4.86340,,52.51980,28.23810,28.23810,29.05530,22.31160,0.20020,1.04010,1.39160,64.67540,5.27800,7.95990,4.46780,5.27800,7.48600,0.3191,0.2796
2023-03-31,1698.93000,801.08100,897.84910,412.78500,,412.78500,485.06410,12.49600,497.56000,100.11600,397.44400,397.44400,397.44400,501.87210,485.06410,1044.90900,1059.06900,0.38000,0.38000,4.45860,,52.84790,28.55120,28.55120,29.28670,23.39380,0.19210,0.88350,1.42730,63.05830,5.37420,8.35880,4.49380,5.37420,7.06600,0.40080,0.36350
2022-12-31,1512.93000,728.61600,784.31370,389.96290,,389.96300,394.35060,-0.82500,393.52600,91.85200,301.67400,301.67400,301.67410,409.55160,394.35060,1053.55800,1066.44200,0.28000,0.29000,4.75550,,51.84070,26.06540,26.06540,26.01090,19.93970,0.18240,0.77870,1.48880,60.45110,4.29430,6.87700,3.63760,4.29430,6.72510,0.28,0.2314
2022-09-30,1624.28600,790.56100,833.72500,415.79500,,415.79500,417.93010,2.14900,420.07900,97.69200,322.38700,322.38700,322.38700,433.53810,417.93010,1053.59400,1066.60000,0.31000,0.30000,4.18710,,51.32870,25.73010,25.73010,25.86240,19.84790,0.19800,0.91610,1.54450,58.27040,4.73000,7.71820,3.92920,4.73000,6.50400,0.4302,0.3958
2022-06-30,1655.26000,875.39900,779.86100,406.91000,,406.91000,372.95100,-6.78100,366.17000,92.81000,273.36000,273.36000,273.36000,388.78410,372.95100,1057.23300,1069.62200,0.26000,0.26000,4.29460,,47.11410,22.53130,22.53130,22.12160,16.51460,0.20250,0.98810,1.40800,63.91920,4.01460,6.55050,3.34380,4.01460,6.46310,0.1225,0.0499
2022-03-31,1518.57400,741.90700,776.66700,377.17800,,377.17800,399.48900,-7.30000,392.18900,97.98600,294.20300,294.20300,294.20300,414.08800,399.48900,1058.81000,1071.10800,0.28000,0.27000,4.54220,,51.14450,26.30690,26.30690,25.82610,19.37360,0.18550,0.90350,1.46050,61.62370,4.28450,6.96730,3.59330,4.28450,6.48240,-0.00030,-0.02040
2021-12-31,1425.04500,657.46330,767.58150,354.70000,,354.69970,412.88150,6.12900,419.01090,97.69700,321.31410,321.31410,321.31410,425.18250,412.88180,1057.52600,1071.27800,0.30000,0.30500,4.85150,,53.86370,28.97320,28.97330,29.40340,22.54770,0.18260,1.10800,1.58930,56.62930,4.89290,7.71850,4.11690,4.89290,6.20320,0.213,0.1984
2021-09-30,1410.55700,621.39900,789.15800,344.69400,,344.69400,444.46400,-2.29000,442.17400,104.96900,337.20500,337.20500,337.20500,456.81900,444.46400,1057.99400,1071.83000,0.32000,0.31500,4.70230,,55.94660,31.50980,31.50980,31.34750,23.90580,0.18940,1.31780,1.66110,54.18010,5.39960,8.76480,4.52660,5.39960,5.90120,0.3182,0.3066
2021-06-30,1461.93400,625.09600,836.83800,310.86300,,310.86300,525.97500,0.87200,526.84700,123.08500,403.76200,403.76200,403.76200,538.64900,525.97500,1057.30600,1071.11400,0.38000,0.37500,4.45130,,57.24180,35.97800,35.97800,36.03770,27.61840,0.20670,1.63260,1.60800,55.97050,6.83710,11.48510,5.70970,6.83710,5.58330,0.3836,0.3777
2021-03-31,1243.81600,528.88100,714.93510,300.78900,,300.78900,414.14610,-0.75900,413.38700,98.19300,315.19400,315.19400,315.19400,426.97110,414.14610,1056.39000,1069.96400,0.30000,0.29500,4.35290,,57.47920,33.29640,33.29640,33.23540,25.34090,0.19030,1.43560,1.54990,58.06790,5.77340,10.28470,4.82360,5.77340,5.16560,0.16400,0.15640
2020-12-31,1196.28300,505.59900,690.68410,288.38400,,288.38400,402.30000,-1.50400,400.79600,-70.94000,471.73590,471.73590,471.73590,413.45100,402.30000,1059.27800,1069.61400,0.44500,0.44000,4.18800,,57.73580,33.62920,33.62920,33.50340,39.43350,0.19290,1.51790,1.79620,50.10610,9.14060,17.02910,7.60530,9.14060,4.88630,0.3854,0.3794
2020-09-30,1246.36200,509.83100,736.53110,277.93000,,277.93000,458.60110,-4.56800,454.03300,106.37900,347.65400,347.65400,347.65400,472.42310,458.60110,1055.27400,1066.52600,0.33000,0.32500,3.65210,,59.09450,36.79520,36.79520,36.42870,27.89350,0.21870,1.59840,1.68240,53.49420,7.50980,15.53320,6.10170,7.50980,4.38470,0.4754,0.4637
2020-06-30,1093.89600,434.42700,659.46900,252.20500,,252.20500,407.26400,-1.79600,405.46800,94.09900,311.36900,311.36900,311.36900,422.77500,407.26400,1053.82200,1062.38200,0.29500,0.29500,3.51400,,60.28630,37.23060,37.23060,37.06640,28.46420,0.21060,1.27570,1.43850,62.56440,7.37570,16.97430,5.99500,7.37570,4.00250,0.2378,0.221
2020-03-31,1062.09700,424.90100,637.19600,272.20800,,272.20800,364.98800,0.87200,365.86000,87.02500,278.83500,278.83500,278.83500,381.53400,364.98800,1072.12200,1081.03600,0.26000,0.26000,2.92030,,59.99410,34.36490,34.36490,34.44700,26.25330,0.21760,1.20610,1.58390,56.82280,7.20330,18.76170,5.71210,7.20330,3.67370,0.17680,0.16670
2019-12-31,1017.20600,406.43800,610.76770,293.72310,,293.72290,317.04470,4.18700,321.23210,66.27800,254.95390,254.95390,254.95400,329.92870,317.04490,1084.38200,1093.21600,0.23500,0.23500,3.50370,,60.04370,31.16820,31.16820,31.57990,25.06420,0.19750,1.12670,1.88260,47.80720,6.11210,14.26290,4.95020,6.11210,3.88610,0.2702,0.2181
2019-09-30,1133.57700,460.57500,673.00200,277.55900,,277.55900,395.44300,3.12100,398.56400,99.64100,298.92300,298.92300,298.92300,410.84200,395.44300,1088.93800,1096.84400,0.27500,0.27500,3.30540,,59.36980,34.88450,34.88450,35.15990,26.36990,0.22070,1.44950,1.74940,51.44640,7.27660,17.29020,5.81860,7.27660,3.79950,0.3338,0.3128
2019-06-30,1104.04500,442.76200,661.28310,282.29300,,282.29300,378.99010,2.97300,381.96300,89.49000,292.47300,292.47300,292.47300,396.56410,378.99010,1088.31200,1096.43600,0.27000,0.26500,3.29800,,59.89640,34.32740,34.32740,34.59670,26.49100,0.21710,1.47820,1.60430,56.10070,7.20810,17.40770,5.75240,7.20810,3.72380,0.3023,0.291
2019-03-31,945.99100,372.45900,573.53200,262.07100,,262.07100,311.46100,2.74200,314.20300,52.71800,261.48500,261.48500,261.48500,326.33100,311.46100,1085.53600,1096.54600,0.24000,0.24000,3.02280,,60.62760,32.92430,32.92430,33.21420,27.64140,0.20320,1.23830,1.58550,56.76530,7.06940,19.74460,5.61630,7.06940,3.40250,0.11250,0.10500
2018-12-31,924.22910,372.02800,552.20110,245.69100,,245.69100,306.51010,4.38400,310.89400,71.78900,239.10500,239.10500,239.10500,321.02010,306.51010,1114.33200,1128.50800,0.22000,0.21000,3.00120,,59.74720,33.16390,33.16390,33.63820,25.87080,0.20420,1.33970,1.90740,47.18590,6.62180,19.38620,5.28190,6.62180,3.32080,0.2962,0.286
2018-09-30,1016.16000,408.50100,607.65890,268.08600,,268.08600,339.57290,2.98800,342.56100,74.82800,267.73300,267.73300,267.73300,353.85690,339.57290,1105.38800,1119.91000,0.24000,0.24000,3.27970,,59.79950,33.41730,33.41730,33.71130,26.34750,0.20860,1.55870,1.63850,54.92700,6.87680,17.62130,5.49610,6.87680,3.52040,0.2908,0.2773
2018-06-30,1015.87300,395.61500,620.25800,262.63700,,262.63700,357.62100,0.47600,358.09700,87.98100,270.11600,270.11600,270.11600,371.81500,357.62100,1119.73400,1132.70400,0.24000,0.24000,2.97730,,61.05670,35.20330,35.20330,35.25020,26.58960,0.22370,1.43560,1.71440,52.49780,7.49250,21.88740,5.94700,7.49250,3.26280,0.3129,0.2939
2018-03-31,850.92100,335.66400,515.25700,235.34200,,235.34200,279.91500,1.80500,281.72000,65.67000,216.05000,216.05000,216.05000,293.90600,279.91500,1132.00000,1148.25800,0.19000,0.19000,3.81730,,60.55290,32.89550,32.89550,33.10770,25.39010,0.17950,1.24960,1.61940,55.57700,5.57460,14.33360,4.55790,5.57460,3.44430,0.12970,0.12130
2017-12-31,810.35490,306.74500,503.60990,236.49800,,236.49800,267.11180,0.73300,267.84500,66.52400,201.32100,201.32100,201.32100,280.89480,267.11180,1133.56400,1154.28200,0.18000,0.17000,3.72330,,62.14680,32.96230,32.96230,33.05280,24.84360,0.16910,1.19940,1.80290,49.91990,5.16840,13.16270,4.20210,5.16840,3.43920,0.1727,0.1595
2017-09-30,909.47600,339.76700,569.70900,252.33700,,252.33700,317.37200,3.99600,321.36800,102.62400,218.74400,218.74400,218.74400,329.70100,317.37200,1135.75600,1156.73600,0.19500,0.19000,3.23630,,62.64150,34.89610,34.89610,35.33550,24.05170,0.19310,1.59260,1.69890,52.97580,5.80510,15.59080,4.64530,5.80510,3.34080,0.2218,0.1983
2017-06-30,907.06800,323.57100,583.49690,233.45600,,233.45600,350.04100,-2.55100,347.49000,124.85700,222.63300,222.63300,222.63300,361.63300,350.04100,1135.82000,1156.04000,0.19500,0.19500,3.35030,,64.32780,38.59040,38.59040,38.30910,24.54420,0.19360,1.69760,1.68890,53.28970,5.89600,15.77280,4.75290,5.89600,3.32330,0.2954,0.2771
2017-03-31,742.14600,261.27200,480.87400,216.61200,,216.61200,264.26200,0.65800,264.92000,86.94000,177.98000,177.98000,177.98000,275.44500,264.26200,1143.15600,1164.06400,0.15500,0.15500,3.44130,,64.79510,35.60780,35.60780,35.69650,23.98180,0.17060,1.52530,1.29750,69.36360,5.04160,15.26810,4.09170,5.04160,3.10890,0.16580,0.14980
2016-12-31,753.76500,255.65190,498.11300,246.38600,,246.38600,251.72710,-5.00200,246.72510,73.77900,172.94610,172.94610,172.94600,262.69810,251.72720,1175.74800,1199.63800,0.14500,0.15000,3.04360,,66.08330,33.39600,33.39600,32.73240,22.94430,0.18150,1.57840,1.31540,68.42270,5.19400,17.91390,4.16390,5.19400,2.93850,0.224,0.215
2016-09-30,787.95400,284.97900,502.97500,212.60000,,212.60000,290.37500,-1.03700,289.33800,97.69500,191.64300,191.64300,191.64300,300.92000,290.37500,1142.27400,1166.58600,0.17000,0.16500,3.27950,,63.83310,36.85180,36.85180,36.72020,24.32160,0.18600,1.69790,1.33020,67.65790,5.63920,18.53510,4.52370,5.63920,2.97440,0.1593,0.0858
2016-06-30,827.48800,309.67400,517.81400,229.29100,,229.29100,288.52290,-0.22200,288.30100,104.08200,184.21900,184.21900,184.21900,298.82790,288.52290,1205.87400,1229.80800,0.15500,0.15000,2.59940,,62.57660,34.86730,34.86730,34.84050,22.26240,0.20490,1.77560,1.40080,64.24710,5.77050,22.28590,4.56210,5.77050,2.79530,0.113,-0.4545
2016-03-31,680.18600,257.08800,423.09800,168.38500,,168.38500,254.71300,0.60800,255.32100,91.44400,163.87700,163.87700,163.87700,263.73690,254.71300,1217.67600,1241.44800,0.13500,0.13000,7.01530,,62.20330,37.44750,37.44750,37.53690,24.09300,0.11560,1.54940,1.25560,71.67650,3.28290,4.99080,2.78540,3.28290,4.09760,0.08830,0.08190
2015-12-31,645.43190,242.07190,403.36000,174.91300,,174.91300,228.44700,1.03900,229.48600,90.74500,138.74100,138.74100,138.74100,237.55000,228.44710,1132.89600,1155.51600,0.12330,0.12000,8.77340,,62.49460,35.39440,35.39450,35.55540,21.49580,0.11580,1.55050,1.35040,66.64680,2.88480,4.47310,2.49030,2.88480,3.95060,0.1707,0.1608
2015-09-30,756.61900,291.14300,465.47600,174.03800,,174.03800,291.43800,-3.36200,288.07600,113.50200,174.57400,174.57400,174.57400,299.94600,291.43800,1230.30600,1248.56400,0.14170,0.14000,7.43280,,61.52050,38.51850,38.51850,38.07410,23.07290,0.13500,1.82320,1.41830,63.45820,3.75060,5.94080,3.11530,3.75060,3.82650,0.134,0.1283
2015-06-30,693.72200,299.21400,394.50800,189.83900,161.47000,28.36900,366.13900,-1.01500,365.12400,136.12000,229.00400,229.00400,229.00400,372.91800,366.13900,1061.91000,1088.50200,0.21500,0.21000,7.97350,,56.86830,52.77890,52.77890,52.63260,33.01090,0.11980,1.65410,1.39210,64.65150,4.71700,7.29570,3.95410,4.71700,3.93760,0.049,0.039
2015-03-31,626.79100,257.83400,368.95700,361.32800,,361.32800,7.62900,1.23300,8.86200,4.44800,4.41400,4.41400,4.41400,14.09900,7.62900,1019.22600,1042.66800,0.00500,0.00500,3.35320,,58.86440,1.21720,1.21720,1.41390,0.70420,0.30060,1.30280,1.82180,49.40240,0.30060,0.31170,0.21170,0.30060,1.43820,0.09870,0.09430
2014-12-31,605.56700,273.78300,331.78400,138.86200,,138.86210,192.92190,-1.01100,191.91100,66.57900,125.33200,125.33200,125.33200,199.44890,192.92190,1003.54200,1045.71000,0.12330,0.11670,4.64740,,54.78900,31.85810,31.85810,31.69110,20.69660,0.31230,1.56830,2.15690,41.72610,8.27190,8.55860,6.46420,8.27190,1.50560,0.1821,0.1741
2014-09-30,635.97200,294.05200,341.92000,152.01300,,152.01300,189.90700,-1.03800,188.86900,67.26900,121.60000,121.60000,121.60000,196.03600,189.90700,1004.07600,1045.62000,0.12170,0.11670,4.36440,,53.76340,29.86090,29.86090,29.69770,19.12030,0.34140,1.43130,1.90890,47.14810,8.77070,9.09270,6.52750,8.77070,1.37840,0.1412,0.1375
2014-06-30,687.19900,307.91100,379.28800,163.47500,,163.47500,215.81300,0.17800,215.99100,74.98800,141.00300,141.00300,141.00300,222.35490,215.81300,1002.58800,1043.78400,0.14000,0.13500,3.67390,,55.19330,31.40470,31.40470,31.43060,20.51850,0.38850,1.48100,1.72320,52.22840,11.22970,11.85620,7.97070,11.22970,1.25180,0.1173,0.1124
2014-03-31,536.12900,249.31100,286.81800,137.95500,,137.95500,148.86300,0.15400,149.01700,53.76700,95.25000,95.25000,95.25000,155.31600,148.86300,1001.47800,1042.44600,0.09500,0.09170,3.56290,,53.49790,27.76630,27.76630,27.79500,17.76630,0.33640,1.22170,1.55050,58.04710,8.63770,9.18340,5.97710,8.63770,1.10000,0.13080,0.12160
2013-12-31,540.84900,263.68890,277.16010,142.40600,,142.40610,134.75400,-3.01200,131.74200,55.63700,76.10500,76.10500,76.10500,141.07200,134.75400,1000.07400,1040.32200,0.07670,0.07170,3.74360,,51.24540,24.91530,24.91530,24.35840,14.07140,0.38070,1.19070,1.82610,49.28590,7.66970,8.21420,5.35760,7.66970,0.99140,0.0645,0.0569
2013-09-30,590.42200,282.95200,307.47000,156.04100,,156.04100,151.42900,-0.70600,150.72300,58.53600,92.18700,92.18700,92.18700,157.53600,151.42900,1004.74200,1043.68800,0.09170,0.08830,2.91700,,52.07630,25.64760,25.64760,25.52800,15.61380,0.39050,1.14390,1.72030,52.31590,9.59890,10.27980,6.09760,9.59890,0.95470,0.1684,0.1588
2013-06-30,630.93400,294.67200,336.26200,156.83500,,156.83500,179.42700,-3.40200,176.02500,69.15200,106.87300,106.87300,106.87300,184.70400,179.42700,998.68200,1040.10000,0.10670,0.10330,3.15970,,53.29590,28.43830,28.43830,27.89910,16.93890,0.47880,1.26170,1.81200,49.66880,12.48490,13.42130,8.10970,12.48490,0.85240,0.0516,0.0467
2013-03-31,484.22300,232.18400,252.03900,144.73300,,144.73300,107.30600,-1.90200,105.40400,41.90800,63.49600,63.49600,63.49600,112.36600,107.30600,993.15000,1035.35400,0.06330,0.06170,2.84050,,52.05020,22.16050,22.16050,21.76770,13.11300,0.42200,1.07820,1.52440,59.04090,9.05310,9.86930,5.53400,9.05310,0.70570,0.04430,0.03590
2012-12-31,471.51690,227.63000,243.88690,130.00700,,130.00710,113.87990,-2.30800,111.57200,43.58800,67.98400,67.98400,67.98400,119.17790,113.87980,1042.27200,1098.49800,0.06830,0.06500,2.89410,,51.72390,24.15180,24.15180,23.66240,14.41810,0.45190,1.12070,1.99200,45.18160,10.55000,11.52760,6.51610,10.55000,0.64790,0.0643,0.0487
2012-09-30,541.94000,268.34800,273.59200,132.90700,,132.90700,140.68500,0.55300,141.23800,55.09600,86.14200,86.14200,86.14200,145.85600,140.68500,1050.15600,1103.39400,0.08170,0.07830,3.56090,,50.48380,25.95950,25.95950,26.06160,15.89510,0.41090,1.38370,1.87360,48.03630,9.68240,10.29390,6.53120,9.68240,0.86530,0.0991,0.0935
2012-06-30,592.64000,285.63200,307.00800,137.23500,,137.23500,169.77300,-0.06000,169.71300,59.91800,109.79500,109.79500,109.79500,174.89800,169.77300,1057.11600,1117.70400,0.10330,0.09830,4.71680,,51.80350,28.64690,28.64690,28.63680,18.52640,0.37000,1.43500,1.93420,46.52970,9.24260,9.65610,6.85570,9.24260,1.12220,0.0654,0.0608
2012-03-31,454.60500,213.43600,241.16900,114.88400,,114.88400,126.28500,0.34600,126.63100,50.53200,76.09900,76.09900,76.09900,131.25300,126.28500,1048.99200,1111.57200,0.07330,0.06830,4.45810,,53.05020,27.77910,27.77910,27.85520,16.73960,0.30910,1.19150,1.77290,50.76530,7.12990,7.47390,5.17420,7.12990,1.00960,0.03310,0.02010
2011-12-31,409.95700,195.71300,214.24390,110.84800,,110.84800,103.39590,1.13400,104.53000,39.99400,64.53600,64.53600,64.53600,108.28890,103.39590,1057.27200,1120.04400,0.06000,0.05830,4.44470,,52.26010,25.22120,25.22120,25.49780,15.74210,0.30090,1.25770,1.87420,48.02140,6.59100,6.93370,4.73690,6.59100,0.93640,0.0899,0.0851
2011-09-30,474.70900,224.40200,250.30700,118.21700,,118.21700,132.09000,-0.86200,131.22800,48.83600,82.39200,82.39200,82.39200,136.58600,132.09000,1055.71200,1119.84000,0.07830,0.07330,6.26010,0.00110,52.72850,27.82550,27.82550,27.64390,17.35630,0.38960,1.36430,3.40180,26.45630,8.83520,9.30900,6.76220,8.83520,0.88900,0.0977,0.0909
2011-06-30,462.14500,217.92400,244.22100,111.73900,,111.73900,132.48200,0.27400,132.75600,48.50800,84.24800,84.24800,84.24800,136.58400,132.48200,1061.70000,1123.24800,0.08000,0.07500,6.51300,0.00130,52.84510,28.66680,28.66680,28.72610,18.22980,0.37460,1.39000,2.84750,31.60680,8.86500,9.32290,6.82960,8.86500,0.89370,0.0894,0.0843
2011-03-31,356.41900,170.88200,185.53700,97.08200,,97.08200,88.45500,0.30100,88.75600,33.71300,55.04300,55.04300,55.04300,92.04800,88.45500,1067.14800,1123.48800,0.05170,0.04830,6.15680,0.00190,52.05590,24.81770,24.81770,24.90220,15.44330,0.31490,0.98360,2.39200,37.62530,6.44870,6.81010,4.86250,6.44870,0.80470,0.02100,0.01540
2010-12-31,318.66500,154.25500,164.41000,84.61200,,84.61210,79.79800,0.36700,80.16500,31.03300,49.13200,49.13200,49.13200,83.08800,79.79800,1062.16800,1116.25200,0.04670,0.04330,4.97270,,51.59340,25.04130,25.04130,25.15650,15.41810,0.27780,1.00660,1.91440,47.01130,5.93100,6.25820,4.28370,5.93100,0.77580,0.0519,0.0479
2010-09-30,381.46600,183.54000,197.92600,90.37100,,90.37100,107.55500,-0.18600,107.36900,40.87300,66.49600,66.49600,66.49600,110.56700,107.55500,1060.42800,1114.38000,0.06250,0.06000,6.02770,0.00030,51.88560,28.19520,28.19520,28.14640,17.43170,0.37160,1.23230,2.89480,31.09060,8.72680,9.23880,6.47680,8.72680,0.71700,0.0397,0.0365
2010-06-30,365.70100,172.35100,193.35000,83.67400,,83.67400,109.67600,0.32100,109.99700,46.15900,63.83800,63.83800,63.83800,112.49600,109.67600,1063.04400,1115.62800,0.06000,0.05750,4.84030,0.00020,52.87110,29.99060,29.99060,30.07840,17.45630,0.37900,1.23790,2.78140,32.35760,9.40920,9.99480,6.61610,9.40920,0.64130,0.0527,0.0501
2010-03-31,238.11000,113.55600,124.55400,73.76900,,73.76900,50.78500,0.98600,51.77100,19.20800,32.56300,32.56300,32.56300,53.43900,50.78500,1060.16400,1116.37200,0.03080,0.02920,5.15350,0.00030,52.30940,21.32840,21.32840,21.74250,13.67560,0.26430,0.95310,2.02290,44.48970,5.12020,5.43590,3.61440,5.12020,0.59700,0.06090,0.05960
2009-12-31,290.91400,135.63800,155.27600,69.44200,,69.44190,85.83410,0.66700,86.50100,33.14400,53.35700,53.35700,53.35700,87.75610,85.83400,1079.60400,1135.71600,0.05000,0.04670,6.99280,0.00040,53.37520,29.50500,29.50490,29.73420,18.34120,0.36360,1.25420,2.67130,33.69190,9.12160,9.67590,6.66900,9.12160,0.55290,0.0291,0.0236
2009-09-30,307.92900,142.89700,165.03200,72.11700,,72.11700,92.91500,-0.15900,92.75600,36.25100,56.50500,56.50500,56.50500,94.60900,92.91500,1081.84800,1136.19600,0.05250,0.05000,5.46290,0.00070,53.59420,30.17420,30.17420,30.12250,18.35000,0.38430,1.15290,3.16510,28.43520,10.07290,10.67570,7.05170,10.07290,0.52470,0.0813,0.0761
2009-06-30,300.25000,138.42100,161.82900,69.04600,,69.04600,92.78300,0.40100,93.18400,35.89500,57.28900,57.28900,57.28900,93.97300,92.78300,1087.24800,1143.38400,0.05250,0.05000,5.67860,0.00140,53.89810,30.90190,30.90190,31.03550,19.08040,0.38180,1.17960,2.38470,37.74070,10.41100,11.00750,7.28410,10.41100,0.50600,0.0303,0.024
2009-03-31,244.20600,114.02700,130.17900,64.40200,,64.40200,65.77700,-2.52300,63.25400,21.68900,41.56500,41.56500,41.56500,66.87800,65.77700,1085.19600,1143.79200,0.03830,0.03670,4.89160,0.00240,53.30700,26.93500,26.93500,25.90190,17.02050,0.33330,1.03570,2.03330,44.26330,8.56400,9.10810,5.67290,8.56400,0.44650,-0.00320,-0.00610
