Date,revenue,cost-goods-sold,gross-profit,selling-general-administrative-expenses,other-operating-income-expenses,operating-expenses,operating-income,total-non-operating-income-expense,pre-tax-income,total-provision-income-taxes,income-after-taxes,income-from-continuous-operations,net-income,ebitda,ebit,basic-shares-outstanding,shares-outstanding,eps-basic-net-earnings-per-share,eps-earnings-per-share-diluted,current-ratio,long-term-debt-capital,debt-equity-ratio,gross-margin,operating-margin,ebit-margin,pre-tax-profit-margin,net-profit-margin,asset-turnover,receiveable-turnover,days-sales-in-receivables,roe,return-on-tangible-equity,roa,roi,book-value-per-share,operating-cash-flow-per-share,free-cash-flow-per-share
2023-09-30,55.68800,,55.68800,22.06000,-11.50100,,16.78100,-1.03900,15.74200,2.80800,12.93400,12.93400,12.93400,22.21800,16.78100,141.71760,142.29990,0.09000,0.09000,3.55180,0.19140,0.26930,100.00000,30.13400,30.13400,28.26820,23.22580,0.16110,1.97270,45.62380,5.31750,5.66760,3.74240,4.29960,1.71480,0.0948,-0.0159
2023-06-30,53.25600,,53.25600,23.96600,-10.48200,,13.55700,-0.62100,12.93600,11.93300,1.00300,1.00300,1.00300,18.89900,13.55700,141.63340,142.04550,0.01000,0.01000,3.09470,0.20730,0.29630,100.00000,25.45630,25.45630,24.29020,1.88340,0.15830,2.23620,40.24620,0.44030,0.47190,0.29820,0.34900,1.60840,0.1264,0.0118
2023-03-31,19.15400,,19.15400,23.65700,-4.46700,,-14.16600,-1.68200,-15.84800,-12.06000,-3.78800,-3.78800,-3.78800,-8.87700,-14.16600,141.63340,141.63340,-0.03000,-0.03000,4.05130,0.21470,0.30870,100.00000,-73.95840,-73.95840,-82.73990,-19.77660,0.05910,1.25080,71.95210,-1.68300,-1.80760,-1.16790,-1.32160,1.58910,-0.08360,-0.17730
2022-12-31,49.64600,,49.64600,23.48700,-12.29100,,8.62200,-1.45100,7.17100,1.20100,5.97000,5.97000,5.97000,13.96700,8.62200,141.23880,142.57940,0.04000,0.05000,4.39650,0.21860,0.31470,100.00000,17.36700,17.36700,14.44430,12.02510,0.14940,3.06040,29.40780,2.62890,2.82490,1.79650,2.05420,1.60340,0.1495,0.0827
2022-09-30,55.86000,,55.86000,22.60000,-14.46100,,13.63200,0.09500,13.72700,2.54000,11.18700,11.18700,11.18700,18.90100,13.63200,141.29070,142.72240,0.08000,0.08000,4.00870,0.23050,0.33570,100.00000,24.40390,24.40390,24.57390,20.02690,0.17240,2.63440,34.16330,5.11270,5.51330,3.45340,3.93440,1.54860,0.2312,0.1779
2022-06-30,67.88400,,67.88400,23.62300,-15.16400,,23.96300,-0.24600,23.71700,4.56500,19.15200,19.15200,19.15200,29.20000,23.96300,141.12950,142.46210,0.14000,0.13000,3.43210,0.24790,0.36820,100.00000,35.29990,35.29990,34.93750,28.21280,0.21600,2.06100,43.66890,9.34840,10.01620,6.09450,7.03090,1.45000,0.1199,0.1005
2022-03-31,32.16900,,32.16900,21.69600,-6.97100,,-1.65100,0.27800,-1.37300,-0.25800,-1.11500,-1.11500,-1.11500,3.61000,-1.65100,141.04550,141.04550,-0.01000,-0.01000,2.98230,0.27460,0.42120,100.00000,-5.13230,-5.13230,-4.26810,-3.46610,0.11210,2.21580,40.61740,-0.60790,-0.65770,-0.38850,-0.44100,1.30030,0.06800,0.05890
2021-12-31,45.25700,,45.25700,19.79400,-10.31000,,9.34700,-0.97900,8.36800,2.87500,5.49300,5.49300,5.49300,15.24200,9.34700,141.01520,141.01520,0.04000,0.04000,3.06090,0.28140,0.43450,100.00000,20.65320,20.65320,18.49000,12.13740,0.15800,2.47600,36.34840,3.01330,3.26610,1.91740,2.16530,1.29270,0.1531,0.1369
2021-09-30,39.74900,,39.74900,20.64300,-6.71100,,6.72900,-1.31400,5.41500,-3.48100,8.89600,8.89600,8.89600,12.51900,6.72900,141.01520,141.04800,0.06000,0.06000,1.35690,0.21970,0.33690,100.00000,16.92870,16.92870,13.62300,22.38040,0.15300,2.59660,34.66050,5.10990,5.59280,3.42490,3.98710,1.23460,0.0713,0.0488
2021-06-30,31.67400,,31.67400,20.52800,-6.02300,,-0.53700,-0.73000,-1.26700,3.38500,-4.65200,-4.65200,-4.65200,5.25600,-0.53700,141.01520,141.01520,-0.03000,-0.03000,1.06780,0.24030,0.37530,100.00000,-1.69540,-1.69540,-4.00010,-14.68710,0.12590,3.12860,28.76680,-2.86060,-3.11770,-1.84860,-2.17310,1.15320,0.0246,0.0025
2021-03-31,31.44700,,31.44700,31.06400,-6.85000,,-12.20400,-0.67900,-12.88300,1.38200,-14.26500,-14.26500,-14.26500,-6.33000,-12.20400,141.01520,141.01520,-0.10000,-0.10000,1.20810,0.24640,0.38490,100.00000,-38.80820,-38.80820,-40.96730,-45.36200,0.12410,4.55420,19.76180,-8.65940,-9.44750,-5.63030,-6.52570,1.16820,0.05510,0.04560
2020-12-31,25.82200,12.18200,13.64000,21.85700,-4.41600,15.67200,-2.03200,-1.21500,-3.24700,-5.70100,2.45400,2.45400,2.45400,4.12800,-2.03200,,,,0.00000,1.14130,0.26060,0.41200,52.82320,-7.86930,-7.86930,-12.57460,9.50350,0.10190,4.73890,18.99190,1.53740,1.69310,0.96860,1.13670,,0,0
2020-09-30,28.25000,,28.25000,15.45100,-2.49500,,4.83400,-0.65200,4.18200,6.26600,-2.08400,-2.08400,-2.08400,10.47400,4.83400,,,,0.00000,,,,100.00000,17.11150,17.11150,14.80350,-7.37700,,,,,,,,,0,0
2020-06-30,27.90800,,27.90800,13.89000,-5.15400,,3.56200,-0.91900,2.64300,4.22600,-1.58300,-1.58300,-1.58300,9.05300,3.56200,,,,0.00000,,,,100.00000,12.76340,12.76340,9.47040,-5.67220,,,,,,,,,0,0
2020-03-31,18.40300,,18.40300,13.27500,-2.56300,,-2.78300,-2.18800,-4.97100,-10.78700,5.81600,5.81600,5.81600,2.73800,-2.78300,,,,0.00000,,,,100.00000,-15.12250,-15.12250,-27.01190,31.60350,,,,,,,,,0.00000,
2019-12-31,,,,,,,,,,,,,,,,,,,0.00000,,,,,,,,,,,,,,,,,0,0
2018-12-31,,,,,,,,,,,,,,,,,,,0.00000,,,,,,,,,,,,,,,,,0,0
