Date,revenue,cost-goods-sold,gross-profit,selling-general-administrative-expenses,other-operating-income-expenses,operating-expenses,operating-income,total-non-operating-income-expense,pre-tax-income,total-provision-income-taxes,income-after-taxes,income-from-continuous-operations,net-income,ebitda,ebit,basic-shares-outstanding,shares-outstanding,eps-basic-net-earnings-per-share,eps-earnings-per-share-diluted,current-ratio,long-term-debt-capital,debt-equity-ratio,gross-margin,operating-margin,ebit-margin,pre-tax-profit-margin,net-profit-margin,asset-turnover,inventory-turnover,receiveable-turnover,days-sales-in-receivables,roe,return-on-tangible-equity,roa,roi,book-value-per-share,operating-cash-flow-per-share,free-cash-flow-per-share
2024-03-31,2679.40000,2280.20000,399.20000,106.80000,-119.50000,226.30000,172.89990,-147.70000,25.20000,6.20000,19.00000,56.50000,45.20000,441.19990,172.89990,322.10000,323.50000,0.14000,0.14000,1.15790,0.20940,0.37440,14.89890,6.45290,6.45290,0.94050,1.68690,0.11710,0.87600,2.20960,40.73080,0.46450,0.51150,0.24700,0.36720,37.84720,-0.24730,-1.43120
2023-12-31,3149.50000,2590.00000,559.49980,123.00000,-158.00000,281.00000,278.49950,45.40000,323.90000,-43.80000,367.70000,368.00010,365.30000,562.29940,278.49900,331.30000,333.20000,1.12000,1.12000,1.22490,0.20630,0.30250,17.76470,8.84270,8.84260,10.28420,11.59870,0.13670,1.02650,2.48150,36.26860,2.95990,3.25830,1.59770,2.34930,38.36060,1.5862,1.0005
2023-09-30,3548.30000,3138.70000,409.60010,119.90000,-143.90000,263.80000,145.80030,-164.40000,-18.60000,-5.90000,-12.70000,3.10000,-4.20000,408.50030,145.80030,331.50000,331.50000,-0.01000,-0.01000,1.09810,0.16440,0.29950,11.54360,4.10900,4.10900,-0.52420,-0.11840,0.15660,1.27940,2.53590,35.48970,0.02540,0.02790,0.01370,0.02120,37.17890,1.9772,0.7227
2023-06-30,3394.00000,2822.90000,571.10010,129.90000,-72.00000,201.90000,369.20020,105.40000,474.60000,108.40000,366.20000,379.10000,369.00000,636.60020,369.20020,332.20000,333.70000,1.11000,1.11000,1.18030,0.16180,0.28850,16.82680,10.87800,10.87800,13.98350,10.87210,0.14670,0.89650,2.77700,32.40960,3.01940,3.32050,1.63830,2.53090,37.79080,3.2212,2.2771
2023-03-31,3604.30000,2933.90000,670.40010,127.70000,1.90000,125.80000,544.60010,1.40000,546.00000,118.30000,427.70000,459.00000,434.80000,787.40010,544.60010,335.40000,338.70000,1.30000,1.28000,1.13270,0.16650,0.35200,18.60000,15.10970,15.10970,15.14860,12.06340,0.15770,0.88370,2.52700,35.61500,3.80710,4.19640,2.00810,3.17310,36.30390,0.43990,-0.50930
2022-12-31,4481.30000,3512.90100,968.39920,132.90000,-134.90000,267.80000,700.59890,-23.40000,677.20010,206.00010,471.20020,528.50010,523.20010,955.99880,700.59810,352.40000,356.00000,1.61000,1.60000,1.18480,0.16510,0.29700,21.60980,15.63380,15.63380,15.11170,11.67520,0.19160,0.99150,2.63620,34.13990,4.33400,4.77080,2.25990,3.61840,35.96360,2.4847,1.5891
2022-09-30,5348.50000,3846.50000,1502.00000,124.50000,-222.80000,347.30000,1154.70000,-94.00000,1060.70000,276.60000,784.10000,856.20000,841.70000,1403.50000,1154.70000,344.20000,347.70000,2.45000,2.42000,1.34490,0.22100,0.35450,28.08260,21.58920,21.58920,19.83170,15.73710,0.22820,1.01730,2.81530,31.96820,7.29590,8.05530,3.65310,5.68350,34.47130,2.8113,1.7266
2022-06-30,5373.10000,3526.80000,1846.30000,108.20000,-63.90000,172.10000,1674.20000,-297.00000,1377.20000,369.30000,1007.90000,1043.80000,1035.90000,1939.20000,1674.20000,359.50000,363.10000,2.88000,2.85000,1.29590,0.21960,0.33390,34.36190,31.15890,31.15890,25.63140,19.27940,0.22400,0.96870,2.38600,37.71960,8.76480,9.71260,4.35180,6.83970,33.82740,4.3919,3.6535
2022-03-31,3922.30000,2483.20000,1439.10000,132.40000,-50.90000,183.30000,1255.80000,271.60000,1527.40000,372.40000,1155.00000,1185.70000,1182.00000,1502.10000,1255.80000,366.10000,370.10000,3.23000,3.19000,1.23230,0.22270,0.37810,36.69020,32.01690,32.01690,38.94140,30.13540,0.16750,0.74650,2.56340,35.10930,10.05610,11.19180,5.06210,7.81690,32.57050,1.36770,0.58280
2021-12-31,3841.00000,2692.40000,1148.60100,123.50000,102.70000,178.89900,969.70120,-83.80000,885.90000,245.50000,640.40010,661.40010,664.79990,1203.00100,969.70070,378.10000,381.60000,1.77000,1.75000,1.11240,0.23940,0.39830,29.90370,25.24610,25.24600,23.06430,17.30800,0.17430,0.98210,2.50730,35.89460,6.15340,6.90660,3.00140,4.68060,29.14990,1.1471,0.1862
2021-09-30,3418.60000,2554.10000,864.50000,97.70000,-65.20000,162.90000,701.60010,-147.30000,554.30000,176.60000,377.70000,376.50000,371.90000,905.40010,701.60010,379.80000,383.20000,0.98000,0.97000,1.31610,0.27170,0.37750,25.28810,20.52300,20.52300,16.21420,10.87870,0.16220,1.12340,3.16100,28.47220,3.55820,4.00130,1.78590,2.59140,27.89910,1.104,0.2164
2021-06-30,2800.70000,2048.40000,752.30000,107.60000,-160.70000,268.30000,484.00000,75.20000,559.20000,115.90000,443.30000,438.80000,437.20000,705.50000,484.00000,379.80000,383.30000,1.15000,1.14000,1.20530,0.27400,0.42440,26.86110,17.28140,17.28140,19.96640,15.61040,0.13040,0.93350,3.00990,29.90150,4.17280,4.71100,2.04340,3.02970,27.68040,2.6472,1.8728
2021-03-31,2297.10000,1862.20000,434.90010,101.70000,-20.00000,121.70000,313.20020,-87.80000,225.40000,59.70000,165.70000,158.20000,156.70000,539.40020,313.20020,379.20000,382.80000,0.41000,0.41000,1.11100,0.28840,0.45780,18.93260,13.63460,13.63460,9.81240,6.82160,0.11540,1.00080,2.69740,33.36550,1.61480,1.83590,0.79490,1.14910,25.84350,0.83280,0.07890
2020-12-31,2457.40000,2046.00000,411.39990,110.90000,-5.70000,116.60000,294.79980,64.10000,358.90000,-480.90000,839.80000,828.30000,827.90000,520.59980,294.80030,379.00000,381.30000,2.19000,2.19000,1.11910,0.29460,0.46930,16.74130,11.99640,11.99640,14.60490,33.69010,0.12420,1.17640,2.78900,32.26950,8.49090,9.65140,4.18550,5.98960,25.73310,0.6047,-0.3925
2020-09-30,2381.50000,2026.40000,355.10000,97.60000,-159.00000,256.60000,98.50000,-32.50000,66.00000,38.10000,27.90000,-4.60000,-6.20000,321.10000,98.50000,379.10000,379.10000,-0.02000,-0.02000,1.30820,0.34180,0.55070,14.91080,4.13600,4.13600,2.77140,-0.26030,0.12630,1.20530,2.99710,30.02900,-0.05280,-0.06070,-0.02440,-0.03480,22.96080,0.9138,0.2065
2020-06-30,2044.70000,1787.70000,257.00000,95.10000,-76.10000,171.20000,85.80010,-12.80000,73.00000,-2.70000,75.70000,45.90000,47.40000,317.90010,85.80010,379.10000,381.30000,0.13000,0.12000,1.30280,0.34320,0.59990,12.56910,4.19620,4.19620,3.57020,2.31820,0.10750,0.91490,2.96510,30.35360,0.52980,0.60750,0.24130,0.34790,22.85390,2.1307,1.4608
2020-03-31,1798.10000,1756.70000,41.40000,67.90000,-39.70000,107.60000,-66.20000,-250.80000,-317.00000,-133.00000,-184.00000,-204.00000,-203.00000,168.90010,-66.20000,378.80000,378.80000,-0.54000,-0.54000,1.29130,0.34580,0.65190,2.30240,-3.68170,-3.68170,-17.62970,-11.28970,0.09480,0.90980,2.48700,36.18820,-2.38320,-2.72620,-1.07510,-1.55900,22.58430,0.50130,-0.19430
2019-12-31,2076.30000,1995.60000,80.70000,104.30000,-1171.00000,1275.29900,-1194.59900,-19.50000,-1214.10000,-288.80000,-925.30000,-950.40000,-921.00010,-360.29940,-1194.59900,383.80000,383.80000,-2.41000,-2.41000,1.43470,0.32570,0.49260,3.88670,-57.53500,-57.53500,-58.47420,-44.35780,0.10760,0.96110,2.58280,34.84610,-10.14560,-11.57510,-4.92470,-6.84080,24.73200,0.7299,-0.1559
2019-09-30,2753.40000,2473.50000,279.89990,78.20000,-62.20000,140.40000,139.50000,-87.30000,52.20000,69.20000,-17.00000,-40.00000,-44.10000,365.90000,139.50000,385.00000,385.00000,-0.11000,-0.11000,1.51410,0.30540,0.45230,10.16560,5.06650,5.06650,1.89580,-1.60170,0.13470,1.07810,3.43570,26.19530,-0.38790,-0.46620,-0.19570,-0.26950,27.13150,1.2642,0.5665
2019-06-30,2176.90000,1949.70000,227.20000,78.10000,-391.00000,469.10000,-241.89990,-28.90000,-270.80000,-51.70000,-219.10000,-230.30000,-233.10000,-7.79990,-241.89990,385.80000,385.80000,-0.60000,-0.60000,1.67350,0.29830,0.43810,10.43690,-11.11210,-11.11210,-12.43970,-10.70790,0.10550,0.71840,3.05870,29.42400,-2.15590,-2.57690,-1.11560,-1.51270,27.68390,1.313,0.4025
2019-03-31,1899.70000,1590.20000,309.50000,93.50000,-13.90000,107.40000,202.10000,-25.50000,176.60000,46.60000,130.00000,129.90000,130.80000,435.50000,202.10000,385.50000,387.40000,0.34000,0.34000,1.72960,0.29550,0.43870,16.29210,10.63850,10.63850,9.29620,6.88530,0.09290,0.61820,2.39860,37.52170,1.20190,1.43050,0.63540,0.84680,27.76550,-0.45300,-1.26330
2018-12-31,2520.50000,2054.30000,466.20000,89.70000,-118.50000,208.20000,257.99980,-112.70000,145.30000,32.70000,112.60000,112.00000,112.30000,502.09980,257.99990,384.80000,386.40000,0.29000,0.29000,1.70590,0.29750,0.42710,18.49630,10.23610,10.23610,5.76470,4.45550,0.12530,0.90490,3.00600,29.94050,1.05610,1.25880,0.55670,0.74190,27.51110,0.3975,-0.347
2018-09-30,2928.10000,2432.60000,495.50000,78.50000,-23.70000,102.20000,393.30000,-50.70000,342.60000,90.60000,252.00000,249.70000,247.50000,619.00000,393.30000,385.50000,387.50000,0.64000,0.64000,1.66960,0.29800,0.43270,16.92220,13.43190,13.43190,11.70040,8.45260,0.14340,1.24300,3.50710,25.66200,2.34390,2.80550,1.22310,1.64530,27.63720,1.3503,0.7531
2018-06-30,2205.00000,1910.40000,294.60000,79.30000,-19.00000,98.30000,196.29990,-126.20000,70.10000,3.70000,66.40000,68.10000,67.90000,409.69990,196.29990,385.40000,387.20000,0.18000,0.18000,1.60720,0.31260,0.48180,13.36060,8.90250,8.90250,3.17910,3.07940,0.10810,0.88110,3.52860,25.50610,0.65380,0.78480,0.33390,0.44940,27.02160,2.0856,1.571
2018-03-31,1933.70000,1691.60000,242.10000,93.60000,-67.80000,161.40000,80.70000,-87.20000,-6.50000,-49.90000,43.40000,40.10000,42.30000,280.20000,80.70000,382.60000,384.10000,0.11000,0.11000,1.73000,0.31110,0.48180,12.52000,4.17330,4.17330,-0.33610,2.18750,0.09450,0.82160,2.72970,32.97100,0.37550,0.44960,0.19610,0.25870,27.70950,-0.18480,-0.76620
2017-12-31,2091.89900,1811.80000,280.09940,83.10000,-69.90000,153.00000,127.09960,-67.90000,59.20000,490.20000,-431.00000,-429.80000,-431.10000,305.19960,127.10020,350.90000,350.90000,-1.23740,-1.23740,2.27290,0.33600,0.54230,13.38980,6.07580,6.07580,2.83000,-20.60810,0.11230,1.17100,3.25540,27.64660,-4.45890,-5.40940,-2.30660,-2.96060,27.45790,1.1774,1.1759
2017-09-30,1984.80000,1744.00000,240.80000,66.10000,39.20000,26.90000,213.90000,23.50000,237.40000,17.60000,219.80000,229.60000,227.50000,389.20000,213.90000,351.10000,352.20000,0.65000,0.65000,1.77860,0.26820,0.38550,12.13220,10.77690,10.77690,11.96090,11.46210,0.11150,1.04670,3.35100,26.85760,2.26080,2.71650,1.28970,1.65440,28.92890,0.3841,0.0198
2017-06-30,1754.60000,1562.30000,192.29990,71.20000,-26.50000,97.70000,94.60000,-25.90000,68.70000,-22.60000,91.30000,97.10000,97.30000,267.10000,94.60000,351.00000,352.00000,0.28000,0.28000,1.78270,0.27950,0.39890,10.95980,5.39150,5.39150,3.91540,5.54540,0.10060,0.92800,3.20180,28.10900,0.99140,1.19380,0.55660,0.71430,27.90100,0.688,0.2121
2017-03-31,1578.10000,1448.50000,129.60000,80.90000,-18.60000,99.50000,30.10000,-21.40000,8.70000,9.70000,-1.00000,-1.10000,-0.90000,195.40000,30.10000,350.50000,350.50000,-0.00260,-0.00260,1.96900,0.28160,0.40900,8.21240,1.90740,1.90740,0.55130,-0.05700,0.09230,0.94440,2.73120,32.95230,-0.01140,-0.01370,-0.00640,-0.00820,27.52150,0.41650,-0.22200
2016-12-31,1862.00000,1656.00000,205.99980,74.60000,-57.80000,132.40000,73.59990,-62.00000,11.60000,-5.60000,17.20000,14.70000,12.00000,249.49990,73.60020,350.40000,351.70000,0.04000,0.04000,2.07050,0.28200,0.39680,11.06340,3.95270,3.95280,0.62300,0.64450,0.11060,1.19040,2.96590,30.34480,0.15280,0.18390,0.08730,0.10970,27.47410,0.9155,0.3236
2016-09-30,1952.20000,1738.90000,213.29990,66.90000,-76.70000,143.60000,69.70000,-57.40000,12.30000,-30.10000,42.40000,40.70000,39.20000,252.60000,69.70000,350.10000,351.50000,0.11000,0.11000,1.77850,0.25890,0.39260,10.92610,3.57030,3.57030,0.63010,2.00800,0.11310,1.15920,3.80990,23.62260,0.41220,0.49500,0.23580,0.30550,28.19430,0.2395,-0.3132
2016-06-30,1674.60000,1520.60000,154.00000,72.90000,-68.80000,141.70000,12.29990,-19.50000,-7.20000,-9.80000,2.60000,-11.10000,-10.20000,211.99990,12.29990,349.80000,349.80000,-0.03000,-0.03000,1.99320,0.27400,0.38710,9.19620,0.73450,0.73450,-0.43000,-0.60910,0.09470,0.89340,4.19070,21.47620,-0.11110,-0.13330,-0.06280,-0.08060,28.56090,1.6754,1.0923
2016-03-31,1674.00000,1437.30000,236.70000,89.80000,16.50000,73.30000,163.39990,62.30000,225.70000,-28.70000,254.40000,256.90000,256.80000,356.49990,163.39990,351.30000,353.20000,0.73000,0.73000,2.18110,0.27340,0.38460,14.13980,9.76100,9.76100,13.48270,15.34050,0.09500,0.91780,2.47190,36.40860,2.56110,3.06930,1.45740,1.86090,28.67660,0.75280,0.08580
2015-12-31,2163.20000,1807.70000,355.49960,94.90000,-56.30000,151.20000,204.29980,-62.50000,141.80000,-14.30000,156.10010,156.40000,155.00000,397.99980,204.29970,358.50000,360.30000,0.45000,0.45000,2.02410,0.28270,0.40110,16.43400,9.44430,9.44430,6.55510,7.16530,0.12440,1.15620,3.20470,28.08340,1.63510,1.96240,0.89940,1.17290,27.13360,1.3856,0.5973
2015-09-30,2105.50000,1770.20000,335.30000,76.60000,-12.70000,89.30000,246.00010,-73.90000,172.10000,10.10000,162.00000,160.70000,160.00000,435.10010,246.00010,354.30000,356.00000,0.45000,0.45000,2.27790,0.27970,0.39450,15.92500,11.68370,11.68370,8.17380,7.59910,0.12300,1.14240,3.11880,28.85730,1.66930,2.00820,0.93880,1.20240,27.31130,0.6047,-0.1101
2015-06-30,2487.50000,1879.60000,607.90000,89.30000,-8.60000,97.90000,510.00000,-47.30000,462.70000,72.60000,390.10000,390.10000,390.60000,708.80000,510.00000,361.30000,363.30000,1.08000,1.08000,2.70850,0.27040,0.37880,24.43820,20.50250,20.50250,18.60100,15.70250,0.13990,1.16590,3.96980,22.67100,3.84270,4.62080,2.19440,2.80370,28.44820,1.6857,1.0519
2015-03-31,2139.10000,1719.90000,419.20010,100.40000,-0.30000,100.70000,318.50000,8.20000,326.70000,30.70000,296.00000,294.60000,294.80000,509.10000,318.50000,366.00000,367.90000,0.81000,0.80000,3.24030,0.27000,0.37490,19.59700,14.88940,14.88940,15.27280,13.78150,0.12130,1.12930,3.23420,27.82760,2.88630,3.45770,1.67080,2.10700,27.95470,1.98120,1.35740
2014-12-31,2378.69900,1799.50000,579.19930,91.00000,-65.10000,214.50000,364.69930,16.50000,381.20010,27.00000,354.20010,361.60010,360.79990,578.99930,364.70000,374.10000,375.60000,0.96000,0.96000,3.26640,0.26060,0.35750,24.34940,15.33190,15.33190,16.02560,15.16800,0.13010,1.04730,3.15310,28.54330,3.37290,4.05650,1.97780,2.49400,29.16850,0.9151,0.2433
2014-09-30,2250.70000,1836.00000,414.70000,83.90000,13.50000,137.40000,277.29990,7.30000,284.60000,77.60000,207.00000,202.90000,201.90000,479.59990,277.29990,374.00000,375.90000,0.54000,0.54000,3.65160,0.25610,0.34810,18.42540,12.32060,12.32060,12.64500,8.97050,0.12200,1.24770,3.92180,22.94890,1.85090,2.20040,1.09940,1.37680,29.37950,0.9514,0.4492
2014-06-30,2440.20000,1919.10000,521.10000,87.50000,-30.40000,117.90000,403.20000,-70.10000,333.10000,82.70000,250.40000,248.20000,248.40000,643.80000,403.20000,374.20000,376.20000,0.65000,0.64000,2.69910,0.21100,0.26860,21.35480,16.52320,16.52320,13.65050,10.17950,0.13340,1.21490,4.03870,22.28420,2.20340,2.62040,1.35680,1.73840,29.58370,2.1317,1.5562
2014-03-31,1986.20000,1574.60000,411.60000,120.00000,-25.00000,145.00000,266.60000,-48.20000,218.40000,-2.60000,221.00000,217.70000,217.50000,451.40000,266.60000,378.20000,379.60000,0.54000,0.54000,2.47560,0.21710,0.28120,20.72300,13.42260,13.42260,10.99590,10.95060,0.10970,0.98010,3.32470,27.06980,2.00620,2.39590,1.20190,1.57070,27.83500,1.65170,0.92760
2013-12-31,2181.50000,1860.00000,321.50000,91.20000,-51.30000,142.50000,179.00000,76.90000,255.90000,131.20000,124.70000,128.90000,125.30000,301.70000,179.00000,414.20000,415.50000,0.30000,0.30000,2.48200,0.21000,0.26780,14.73760,8.20540,8.20540,11.73050,5.74380,0.11160,1.29810,4.01680,22.40610,1.13860,1.35310,0.65920,0.89950,25.84380,-1.3555,-0.7662
2013-09-30,1908.70000,1521.80000,386.89990,94.40000,-148.40000,242.80000,144.09990,-27.40000,116.70000,-6.60000,123.30000,125.80000,124.40000,320.09980,144.09990,425.90000,427.10000,0.29000,0.29000,4.83090,0.06950,0.07580,20.27030,7.54960,7.54960,6.11410,6.51750,0.10810,1.01790,3.98730,22.57190,0.92830,1.07360,0.71250,0.86390,31.81260,-0.1045,-0.8834
2013-06-30,2618.70000,1953.40000,665.29990,116.10000,-23.50000,139.60000,525.70000,25.40000,551.10000,126.30000,424.80000,430.00000,429.80000,402.10000,525.70000,425.80000,427.20000,1.01000,1.01000,,,,25.40570,20.07480,20.07480,21.04480,16.41270,,,,,,,,,,3.6557,1.9199
2013-05-31,,,,,,,,,,,,,,,,,,,0.00000,,,,,,,,,,,,,,,,,,-1.3563,-0.496
2013-03-31,2312.40000,1670.60000,641.79990,91.90000,-58.80000,150.70000,491.09990,20.20000,511.30000,133.70000,377.60000,377.60000,379.80000,954.09990,491.09990,425.70000,427.20000,0.89000,0.89000,,,,27.75470,21.23770,21.23770,22.11120,16.42450,,,,,,,,,,1.35630,0.49600
2013-02-28,2240.60000,1672.20000,568.40010,90.40000,-58.90000,149.30000,419.10010,35.50000,454.60000,108.90000,345.70000,345.40000,344.60000,882.10010,419.10010,425.70000,427.10000,0.81000,0.81000,4.12730,0.07140,0.08160,25.36820,18.70480,18.70480,20.28920,15.37980,0.12930,1.06550,2.56480,35.09060,2.62790,3.05910,1.99400,2.44030,30.87190,2.41820,-0.48610
2012-11-30,2536.20000,1860.30000,675.89990,102.80000,-13.50000,116.30000,559.59990,-12.10000,547.50000,-78.10000,625.60000,630.30000,628.80000,949.19980,559.59990,425.70000,427.00000,1.48000,1.47000,3.96570,0.07160,0.07880,26.65010,22.06450,22.06450,21.58740,24.79300,0.14540,1.22510,3.18020,28.30020,4.81120,5.62200,3.61400,4.46660,30.77640,0.7441,-0.3281
2012-09-30,2645.70000,1871.10000,774.60000,114.80000,-16.10000,130.90000,643.70000,-22.80000,620.90000,189.00000,431.90000,419.00000,417.40000,643.70000,643.70000,425.60000,426.80000,0.98000,0.98000,,,,29.27770,24.33000,24.33000,23.46830,15.77650,,,,,,,,,,0.0103,0.1617
2012-08-31,2505.10000,1757.80000,747.30000,111.70000,-25.40000,137.10000,610.20010,-23.40000,586.80000,163.30000,423.50000,430.70000,429.40000,610.20010,610.20010,425.50000,426.70000,1.01000,1.01000,3.90250,0.07440,0.08180,29.83110,24.35830,24.35830,23.42420,17.14100,0.14680,1.18420,3.42230,26.29840,3.42370,4.02890,2.52310,3.16910,29.55490,0.7952,-0.2573
2012-05-31,,,,,,,,,,,,,,,,,,,0.00000,,,,,,,,,,,,,,,,,,-3.4603,-0.6707
2012-02-29,2189.50000,1667.70000,521.80000,91.30000,-16.80000,108.10000,413.70000,-59.00000,354.70000,87.00000,267.70000,271.90000,273.30000,803.29990,413.70000,425.40000,426.70000,0.64000,0.64000,3.67250,0.07870,0.09240,23.83190,18.89470,18.89470,16.20010,12.48230,0.13740,1.25650,3.33610,26.97740,2.29830,2.73100,1.70610,2.11750,27.80720,3.46030,0.67070
2011-11-30,3014.50000,2133.30000,881.20000,100.60000,16.40000,84.20000,796.99980,58.40000,855.40000,230.70000,624.70000,625.60000,623.60000,1145.50000,796.99980,443.40000,444.70000,1.41000,1.40000,3.03020,0.08180,0.13700,29.23210,26.43890,26.43890,28.37620,20.68670,0.19080,1.76790,3.27950,27.44340,5.52640,6.59210,3.95890,5.07420,26.61010,1.173,0.2963
2011-08-31,3083.30000,2235.10000,848.20000,101.10000,-17.50000,118.60000,729.59990,0.10000,729.70000,205.10000,524.60000,526.40000,526.00000,729.59990,729.59990,446.60000,447.90000,1.18000,1.17000,3.78820,0.05680,0.06740,27.50950,23.66300,23.66300,23.66620,17.05960,0.19060,1.59420,3.92980,22.90210,4.30110,5.08940,3.25320,4.05670,27.40150,1.2376,0.3637
2011-05-31,,,,,,,,,,,,,,,,,,,0.00000,,,,,,,,,,,,,,,,,,-3.2473,-1.243
2011-02-28,2214.30000,1360.70000,853.60010,83.60000,0.80000,82.80000,770.80020,-48.00000,722.80000,175.90000,546.90000,542.60000,542.10000,1119.30000,770.80020,446.30000,447.70000,1.21000,1.21000,3.71040,0.06470,0.08050,38.54940,34.81010,34.81010,32.64240,24.48180,0.15060,1.20030,2.77340,32.45090,4.92840,5.91020,3.69140,4.60930,24.65760,3.24730,1.24300
2010-11-30,2674.80000,1906.50000,768.30000,89.30000,-20.80000,110.10000,658.20000,648.80000,1307.00000,281.30000,1025.70000,1026.80000,1025.60000,882.90000,658.20000,445.80000,447.30000,2.30000,2.29000,3.12110,0.07130,0.12750,28.72360,24.60740,24.60740,48.86350,38.34310,0.18840,2.33380,3.98270,22.59760,9.99730,12.11340,7.23130,9.28460,23.02350,1.1875,0.5376
2010-08-31,2188.30000,1683.60000,504.70010,88.10000,-6.30000,94.40000,410.30000,-5.60000,404.70000,109.60000,295.10000,298.90000,297.70000,410.30000,410.30000,445.50000,446.90000,0.67000,0.67000,3.44780,0.12080,0.14710,23.06360,18.74970,18.74970,18.49380,13.60420,0.16740,1.61060,3.82500,23.52920,3.29960,4.09440,2.28660,2.90120,20.32920,1.2446,0.5851
2010-05-31,,,,,,,,,,,,,,,,,,,0.00000,,,,,,,,,,,,,,,,,,-1.844,-0.4214
2010-02-28,1731.90000,1255.40000,476.50000,82.30000,-5.30000,87.60000,388.89990,-31.60000,357.30000,125.30000,232.00000,223.50000,222.60000,613.59990,388.89990,445.20000,446.80000,0.50000,0.50000,3.90620,0.12790,0.16000,27.51310,22.45510,22.45510,20.63050,12.85290,0.14110,1.33610,2.91080,30.91980,2.63180,3.32250,1.82030,2.29510,19.06910,1.84400,0.42140
2009-11-30,1709.70000,1402.70000,307.00000,82.90000,-24.00000,106.90000,200.10000,-28.90000,171.20000,50.40000,120.80000,109.00000,107.80000,512.10000,200.10000,445.00000,446.50000,0.24000,0.24000,2.68300,0.13160,0.17040,17.95640,11.70380,11.70380,10.01350,6.30520,0.13470,1.44740,2.95030,30.50540,1.32070,1.67790,0.85850,1.14700,18.54360,0.3913,-0.0353
2009-08-31,1457.20000,1235.00000,222.20000,81.40000,-6.60000,88.00000,134.20000,-1.40000,132.80000,32.80000,100.00000,102.50000,100.60000,134.20000,134.20000,444.60000,446.30000,0.23000,0.23000,3.80310,0.12700,0.16140,15.24840,9.20940,9.20940,9.11340,6.90370,0.11680,1.17990,3.00140,29.98560,1.18980,1.48950,0.82140,1.03870,19.36220,0.3863,-0.143
2009-05-31,,,,,,,,,,,,,,,,,,,0.00000,,,,,,,,,,,,,,,,,,-2.1014,-0.7402
2009-02-28,1375.50000,1235.20000,140.29990,71.30000,-25.30000,96.60000,43.69980,39.10000,82.80000,30.70000,52.10000,58.10000,58.80000,355.69980,43.69980,444.40000,445.80000,0.13000,0.13000,4.24770,0.14020,0.17850,10.19990,3.17700,3.17700,6.01960,4.27480,0.11680,0.86090,2.17160,41.44380,0.74730,0.95020,0.49350,0.64250,17.49520,2.10140,0.74020
