Date,revenue,cost-goods-sold,gross-profit,selling-general-administrative-expenses,other-operating-income-expenses,operating-expenses,operating-income,total-non-operating-income-expense,pre-tax-income,total-provision-income-taxes,income-after-taxes,income-from-continuous-operations,net-income,ebitda,ebit,basic-shares-outstanding,shares-outstanding,eps-basic-net-earnings-per-share,eps-earnings-per-share-diluted,current-ratio,gross-margin,operating-margin,ebit-margin,pre-tax-profit-margin,net-profit-margin,asset-turnover,inventory-turnover,receiveable-turnover,days-sales-in-receivables,roe,return-on-tangible-equity,roa,roi,book-value-per-share,operating-cash-flow-per-share,free-cash-flow-per-share
2023-09-30,77.78600,58.54800,19.23800,8.78900,1.96200,6.82700,12.41100,0.86000,13.27100,2.86800,10.40300,10.40300,10.40300,13.02100,12.41100,33.62800,33.62800,0.30000,0.30000,5.13420,24.73200,15.95530,15.95530,17.06090,13.37390,0.39540,0.83900,7.10890,12.66010,6.93010,7.10880,5.28790,6.93010,4.35530,-0.0184,-0.0208
2023-06-30,116.15800,87.50200,28.65600,12.17300,,12.17300,16.48300,0.72300,17.20600,2.88500,14.32100,14.32100,14.32100,17.10000,16.48300,33.61900,33.61900,0.42000,0.42000,5.02400,24.66990,14.19020,14.19020,14.81260,12.32890,0.61050,1.42290,9.23060,9.75020,9.96610,10.23480,7.52640,9.96610,4.16910,0.4102,0.2495
2023-03-31,118.91400,89.89200,29.02200,14.53300,,14.53300,14.48900,0.48300,14.97200,3.42300,11.54900,11.54900,11.54900,15.01200,14.48900,33.55800,33.55800,0.34000,0.34000,4.17700,24.40590,12.18440,12.18440,12.59060,9.71210,0.64570,1.34490,10.71880,8.39650,8.69220,8.94630,6.27060,8.69220,3.85810,0.80300,0.74970
2022-12-31,108.50900,81.18900,27.32000,12.47200,,12.47200,14.84800,0.28600,15.13400,3.27700,11.85700,11.85700,10.99900,15.33700,14.84800,33.44000,33.44000,0.34000,0.34000,5.29880,25.17760,13.68370,13.68370,13.94720,10.13650,0.66280,1.11200,20.21400,4.45240,9.53280,9.83100,7.24250,9.53280,3.63500,0.6649,0.6312
2022-09-30,100.06100,75.05600,25.00500,10.32600,,10.32600,14.67900,0.07600,14.75500,3.28300,11.47200,11.47200,11.47200,15.15900,14.67900,33.45700,33.45700,0.34000,0.34000,4.06100,24.98980,14.67010,14.67010,14.74600,11.46500,0.61890,0.90630,8.63340,10.42460,9.87320,10.20460,7.09560,9.87320,3.39570,0.2979,0.2807
2022-06-30,95.81300,72.81600,22.99700,9.88300,,9.88300,13.11400,-0.00700,13.10700,3.15200,9.95500,9.95500,9.95500,13.57800,13.11400,33.44800,33.44800,0.29000,0.29000,4.24370,24.00200,13.68710,13.68710,13.67980,10.39000,0.64040,0.93030,10.17020,8.84940,9.20700,9.53990,6.65430,9.20700,3.15800,0.3776,0.3599
2022-03-31,76.61200,58.21700,18.39500,9.24000,,9.24000,9.15500,-0.01700,9.13800,2.07500,7.06300,7.06300,7.06300,9.62700,9.15500,33.40700,33.40700,0.21000,0.21000,4.19880,24.01060,11.94980,11.94980,11.92760,9.21920,0.54080,0.74470,7.46050,12.06350,6.96390,7.23300,4.98550,6.96390,2.97060,0.13530,0.12920
2021-12-31,76.53700,57.37900,19.15800,8.49700,,8.49700,10.66100,-0.00600,10.65500,2.20700,8.44800,8.44800,8.28300,11.13200,10.66100,33.31200,33.31200,0.24000,0.24000,5.15300,25.03100,13.92920,13.92920,13.92140,10.82220,0.57620,0.78320,23.39150,3.84760,8.57450,8.91590,6.35950,8.57450,2.89850,0.2724,0.2566
2021-09-30,75.84300,59.79900,16.04400,7.70100,,7.70100,8.34300,0.00400,8.34700,1.66000,6.68700,6.68700,6.55600,8.79100,8.34300,33.32100,33.32100,0.20000,0.20000,3.34000,21.15420,11.00040,11.00040,11.00560,8.64420,0.54250,0.77920,7.08090,12.71030,7.09620,7.39220,4.78350,7.09620,2.77210,-0.4419,-0.4472
2021-06-30,67.25900,52.65100,14.60800,7.24500,,7.24500,7.36300,0.01000,7.37300,1.57900,5.79400,5.79400,5.68200,7.81300,7.36300,33.32100,33.32100,0.17000,0.17000,3.20710,21.71900,10.94720,10.94720,10.96210,8.44790,0.49360,0.92190,8.15850,11.03140,6.36450,6.63970,4.25230,6.36450,2.67800,-0.0609,-0.0702
2021-03-31,78.37500,59.91300,18.46200,8.43700,,8.43700,10.02500,0.00800,10.03300,1.93600,8.09700,8.09700,7.93900,10.47200,10.02500,33.28700,33.28700,0.24000,0.24000,3.33150,23.55600,12.79110,12.79110,12.80130,10.12950,0.60210,1.30450,9.46790,9.50580,9.12490,9.53010,6.22060,9.12490,2.61030,0.24410,0.23710
2020-12-31,71.11000,53.67900,17.43100,8.34800,,8.34800,9.08300,0.00900,9.09200,2.09800,6.99400,6.99400,6.77500,9.52800,9.08300,33.19200,33.19200,0.21000,0.21000,3.71780,24.51270,12.77320,12.77320,12.78580,9.52750,0.59550,1.26870,15.11050,5.95610,8.27510,8.66170,5.85650,8.27510,2.49550,0.2185,0.1992
2020-09-30,68.77800,52.54200,16.23600,7.88600,,7.88600,8.35000,0.01000,8.36000,1.82500,6.53500,6.53500,6.39600,8.78600,8.35000,33.21300,33.21300,0.19000,0.19000,3.27430,23.60640,12.14050,12.14050,12.15510,9.29950,0.58550,1.22500,7.88470,11.41460,8.12050,8.52000,5.56310,8.12050,2.37610,0.3294,0.3175
2020-06-30,40.81800,32.98700,7.83100,5.75700,,5.75700,2.07400,0.01500,2.08900,0.38200,1.70700,1.70700,1.64900,2.61100,2.07400,33.21100,33.21100,0.05000,0.05000,3.32330,19.18520,5.08110,5.08110,5.11780,4.03990,0.36810,0.76380,4.19850,21.43610,2.22940,2.34490,1.53950,2.22940,2.25410,0.1696,0.1586
2020-03-31,59.11900,47.01200,12.10700,7.25300,,7.25300,4.85400,0.06100,4.91500,0.70700,4.20800,4.20800,4.20800,5.39000,4.85400,33.94000,33.16500,0.12000,0.12000,3.29020,20.47900,8.21060,8.21060,8.31370,7.11780,0.53830,1.02320,5.96980,15.07590,5.46590,5.74760,3.83160,5.46590,2.26620,0.18250,0.16250
2019-12-31,48.17500,37.65300,10.52200,6.34400,,6.34400,4.17800,0.08800,4.26600,0.72400,3.54200,3.54200,3.28100,4.71200,4.17800,33.23000,33.23000,0.11000,0.11000,4.16210,21.84120,8.67250,8.67250,8.85520,6.81060,0.45980,0.90610,6.41140,14.03760,4.58740,4.82300,3.38090,4.58740,2.27970,0.1747,0.1651
2019-09-30,72.21200,56.46300,15.74900,6.03900,,6.03900,9.71000,0.08300,9.79300,1.93800,7.85500,7.85500,7.85500,10.23900,9.71000,33.18400,33.18400,0.23000,0.23000,3.12570,21.80940,13.44650,13.44650,13.56150,10.87770,0.60670,1.25440,4.76210,18.89940,9.56330,10.02370,6.59910,9.56330,2.41860,0.4743,0.4653
2019-06-30,88.69600,68.27200,20.42400,9.04500,,9.04500,11.37900,0.09500,11.47400,2.10100,9.37300,9.37300,9.14800,11.90100,11.37900,33.25800,33.25800,0.27000,0.27000,3.14700,23.02700,12.82920,12.82920,12.93630,10.31390,0.77900,1.34120,5.96320,15.09270,11.85320,12.44710,8.23250,11.85320,2.32260,0.0108,-0.0077
2019-03-31,83.05300,64.35400,18.69900,9.83100,,9.83100,8.86800,0.05700,8.92500,1.45600,7.46900,7.46900,7.28600,9.36800,8.86800,34.24300,33.37100,0.22000,0.22000,2.78160,22.51450,10.67750,10.67750,10.74620,8.77270,0.74960,1.34560,8.02750,11.21140,10.06200,10.60080,6.74130,10.06200,2.17520,0.36090,0.32770
2018-12-31,62.06200,49.04500,13.01700,7.00100,,7.00100,6.01600,0.04800,6.06400,1.33600,4.72800,4.72800,5.18600,6.51900,6.01600,34.52900,33.57000,0.14000,0.14000,3.55590,20.97420,9.69350,9.69350,9.77090,8.35620,0.61520,1.04860,14.35290,6.27050,6.28620,6.61820,4.68680,6.28620,2.19100,0.137,0.1298
2018-09-30,72.01200,55.82900,16.18300,6.99600,,6.99600,9.18700,0.10200,9.28900,2.12800,7.16100,7.16100,7.16100,9.71600,9.18700,33.58900,33.58900,0.21000,0.21000,2.71670,22.47260,12.75760,12.75760,12.89920,9.94420,0.63100,1.11950,9.63370,9.34220,8.89620,9.33370,6.27500,8.89620,2.33330,0.0024,-0.0331
2018-06-30,87.00600,67.53400,19.47200,8.32100,,8.32100,11.15100,0.08500,11.23600,2.24600,8.99000,8.99000,8.74400,11.64800,11.15100,33.60800,33.60800,0.26000,0.26000,2.32950,22.38010,12.81640,12.81640,12.91410,10.04990,0.75700,1.50310,9.95610,9.03970,11.64950,12.24830,7.82190,11.64950,2.23370,0.3156,0.3034
2018-03-31,77.53600,59.88500,17.65100,8.61800,,8.61800,9.03300,0.03300,9.06600,1.45700,7.60900,7.60900,7.39700,9.53700,9.03300,33.62100,33.62100,0.22000,0.22000,2.36320,22.76490,11.65010,11.65010,11.69260,9.54010,0.72600,1.35980,8.68070,10.36780,10.66360,11.25890,7.12500,10.66360,2.06430,0.22340,0.21420
2017-12-31,65.59100,51.22500,14.36600,6.89600,,6.89600,7.47000,0.04000,7.51000,4.15400,3.35600,3.35600,3.69500,7.98600,7.47000,34.84300,33.75200,0.09000,0.09000,2.79880,21.90240,11.38880,11.38880,11.44970,5.63340,0.68400,1.34780,17.42130,5.16610,4.82160,5.09790,3.49950,4.82160,2.01330,0.3327,0.3065
2017-09-30,59.20100,45.74000,13.46100,6.79200,,6.79200,6.66900,0.08100,6.75000,2.18600,4.56400,4.56400,4.42800,7.18500,6.66900,33.77300,33.77300,0.13000,0.13000,2.68100,22.73780,11.26500,11.26500,11.40180,7.47960,0.58560,1.10370,7.02020,12.82020,6.28080,6.62480,4.51470,6.28080,2.08950,0.0176,-0.0005
2017-06-30,71.48400,55.19700,16.28700,7.56500,,7.56500,8.72200,0.05700,8.77900,2.66000,6.11900,6.11900,5.91600,9.21800,8.72200,33.82000,33.82000,0.18000,0.18000,2.34790,22.78410,12.20130,12.20130,12.28110,8.27600,0.69750,1.33910,11.02130,8.16600,8.60460,9.08670,5.97050,8.60460,2.03860,0.2303,0.2127
2017-03-31,71.04000,56.13400,14.90600,8.00800,,8.00800,6.89800,0.05100,6.94900,1.68800,5.26100,5.26100,5.26100,7.32100,6.89800,33.78600,33.78600,0.15000,0.15000,2.38530,20.98260,9.71000,9.71000,9.78180,7.40570,0.72420,1.45550,7.50320,11.99490,7.78350,8.24360,5.36320,7.78350,1.93360,0.29750,0.28830
2016-12-31,57.23800,45.03500,12.20300,6.96900,,6.96900,5.23400,-0.00900,5.22500,1.50300,3.72200,3.72200,3.18700,5.79900,5.23400,37.85700,37.85700,0.10000,0.10000,2.99710,21.31980,9.14420,9.14420,9.12860,5.56800,0.64660,1.05990,51.28850,1.75480,5.68720,6.03520,4.20440,5.68720,1.87760,0.0526,0.0413
2016-09-30,55.36100,43.59300,11.76800,6.30700,,6.30700,5.46100,0.12100,5.58200,1.29800,4.28400,4.28400,4.28400,6.15000,5.46100,37.15400,37.15400,0.11000,0.11000,3.08210,21.25680,9.86430,9.86430,10.08290,7.73830,0.44800,1.15640,8.43920,10.66460,4.38630,4.56250,3.46680,4.38630,2.54640,0.0753,0.0534
2016-06-30,65.06600,51.25800,13.80800,7.09600,,7.09600,6.71200,0.15100,6.86300,2.04500,4.81800,4.81800,4.81800,7.38700,6.71200,37.11100,37.11100,0.13000,0.13000,2.97160,21.22150,10.31570,10.31570,10.54780,7.40480,0.54410,1.48180,13.50760,6.66290,5.04930,5.25710,4.02880,5.04930,2.48780,0.0348,0.0265
2016-03-31,63.66500,50.97700,12.68800,7.04300,,7.04300,5.64500,0.09200,5.73700,1.81600,3.92100,3.92100,3.92100,6.25000,5.64500,37.00700,37.00700,0.10000,0.10000,2.67250,19.92930,8.86670,8.86670,9.01120,6.15880,0.53240,1.61030,8.91420,10.09630,4.24020,4.42060,3.27920,4.24020,2.40990,0.25560,0.24820
2015-12-31,49.88100,38.76400,11.11700,5.69700,,5.69700,5.42000,0.09500,5.51500,1.67000,3.84500,3.84500,3.84500,6.01500,5.42000,35.70300,35.89500,0.11000,0.11000,3.81530,22.28700,10.86590,10.86590,11.05630,7.70830,0.45070,1.18770,24.02750,3.74570,4.26220,4.44820,3.47410,4.26220,2.36700,0.069,0.0618
2015-09-30,47.03800,37.16400,9.87400,5.42000,,5.42000,4.45400,0.10300,4.55700,1.45400,3.10300,3.10300,3.10300,5.03500,4.45400,35.63400,35.72500,0.08000,0.08000,3.10960,20.99150,9.46890,9.46890,9.68790,6.59680,0.41040,1.15040,10.06380,8.94300,3.48640,3.64080,2.70740,3.48640,2.33370,0.0276,0.0091
2015-06-30,59.49800,46.89400,12.60400,6.18100,,6.18100,6.42300,0.10500,6.52800,2.09900,4.42900,4.42900,4.42900,6.88700,6.42300,35.77100,35.86500,0.12000,0.12000,2.81670,21.18390,10.79530,10.79530,10.97180,7.44390,0.52260,1.55610,12.98520,6.93100,5.09280,5.32380,3.88990,5.09280,2.27930,0.1914,0.1314
2015-03-31,50.64400,40.43900,10.20500,5.95100,,5.95100,4.25400,0.11700,4.37100,1.44200,2.92900,2.92900,2.92900,4.68600,4.25400,35.78400,36.02000,0.08000,0.08000,2.85270,20.15050,8.39980,8.39980,8.63080,5.78350,0.45730,1.32970,8.77410,10.25750,3.45760,3.61880,2.64450,3.45760,2.21020,0.15900,0.13680
2014-12-31,37.44100,30.00700,7.43400,4.89700,,4.89700,2.53700,0.16200,2.69900,0.65800,2.04100,2.04100,1.75800,3.92300,2.53700,35.69100,35.98200,0.06000,0.06000,3.27240,19.85520,6.77600,6.77600,7.20870,4.69540,0.36060,1.04120,15.02450,5.99020,2.44450,2.56020,1.96580,2.44450,2.18970,-0.0574,-0.0316
2014-09-30,37.93200,30.96500,6.96700,4.39100,,4.39100,2.57600,0.11600,2.69200,0.81000,1.88200,1.88200,1.88200,2.75300,2.57600,36.90400,37.19000,0.05000,0.05000,2.98980,18.36710,6.79110,6.79110,7.09690,4.96150,0.35150,1.26010,9.86020,9.12770,2.21390,2.31670,1.74390,2.21390,2.22730,0.1128,0.1104
2014-06-30,47.97500,38.54300,9.43200,5.30700,,5.30700,4.12500,0.12100,4.24600,1.23300,3.01300,3.01300,3.01300,4.30300,4.12500,36.98900,37.18000,0.08000,0.08000,2.77920,19.66020,8.59820,8.59820,8.85040,6.28040,0.45320,1.53090,10.97830,8.19800,3.59480,3.76420,2.84600,3.59480,2.19610,-0.0098,-0.0137
2014-03-31,47.70200,38.86400,8.83800,6.07000,,6.07000,2.76800,0.12200,2.89000,0.91200,1.97800,1.97800,1.97800,2.94900,2.76800,36.95800,37.25500,0.05000,0.05000,2.57790,18.52750,5.80270,5.80270,6.05840,4.14660,0.44270,1.46390,13.96430,6.44500,2.40610,2.52180,1.83560,2.40610,2.15170,0.25050,0.24860
2013-12-31,39.78600,32.13100,7.65500,4.89900,,4.89900,2.75600,0.11400,2.87000,0.72800,2.14200,2.14200,2.14200,3.99400,2.75600,36.82000,37.14400,0.06000,0.06000,3.10810,19.24040,6.92710,6.92710,7.21360,5.38380,0.38800,1.11340,14.66500,6.13710,2.62880,2.75640,2.08870,2.62880,2.13890,0.0369,0.0296
2013-09-30,41.98900,34.25800,7.73100,4.93500,,4.93500,2.79600,0.08300,2.87900,0.87700,2.00200,2.00200,2.00200,2.97000,2.79600,36.82700,37.18000,0.05000,0.05000,2.67110,18.41200,6.65890,6.65890,6.85660,4.76790,0.40380,1.24180,10.57130,8.51370,2.49080,2.61340,1.92520,2.49080,2.10990,0.1083,0.1067
2013-06-30,42.23500,34.92000,7.31500,4.83300,,4.83300,2.48200,0.17800,2.66000,0.72500,1.93500,1.93500,1.93500,2.66700,2.48200,36.82900,37.02300,0.05000,0.05000,2.53340,17.31980,5.87660,5.87660,6.29810,4.58150,0.40910,1.19140,8.85800,10.16030,2.44990,2.57280,1.87440,2.44990,2.07310,-0.0324,-0.0351
2013-03-31,44.28300,37.17100,7.11200,5.64000,,5.64000,1.47200,0.14900,1.62100,0.17200,1.44900,1.44900,1.44900,1.65800,1.47200,36.79500,37.00300,0.04000,0.04000,2.34250,16.06030,3.32410,3.32410,3.66050,3.27210,0.43470,1.40180,10.79020,8.34090,1.85830,1.95280,1.42240,1.85830,2.04630,0.18160,0.17960
2012-12-31,34.15300,28.61400,5.53900,4.36400,,4.36400,1.17500,0.27200,1.44700,0.38300,1.06400,1.06400,1.06400,1.36100,1.17500,36.65600,36.80400,0.03000,0.03000,2.72040,16.21820,3.44040,3.44040,4.23680,3.11540,0.35100,1.01620,15.60920,5.76580,1.36850,1.43830,1.09340,1.36850,2.05570,-0.0556,-0.0577
2012-09-30,38.49400,31.12000,7.37400,4.60100,,4.60100,2.77300,0.19600,2.96900,0.85900,2.11000,2.11000,2.11000,2.96300,2.77300,36.64800,36.75800,0.06000,0.06000,2.72890,19.15620,7.20370,7.20370,7.71290,5.48140,0.31600,1.09590,12.04440,7.47230,2.15800,2.24470,1.73210,2.15800,2.58800,0.12,0.1176
2012-06-30,38.45400,31.15900,7.29500,4.53500,,4.53500,2.76000,0.25300,3.01300,0.84000,2.17300,2.17300,2.17300,2.95600,2.76000,36.66800,36.71000,0.06000,0.06000,2.70500,18.97070,7.17740,7.17740,7.83530,5.65090,0.32480,1.07350,12.14590,7.40990,2.26560,2.35840,1.83560,2.26560,2.53890,-0.0004,-0.0033
2012-03-31,37.84900,30.85300,6.99600,4.94300,,4.94300,2.05300,0.23900,2.29200,0.66000,1.63200,1.63200,1.63200,2.24900,2.05300,36.62900,36.81900,0.04000,0.04000,3.16660,18.48400,5.42420,5.42420,6.05560,4.31190,0.32450,1.19640,10.28510,8.75060,1.72880,1.80070,1.39900,1.72880,2.49520,0.15830,0.15610
2011-12-31,27.93700,22.43200,5.50500,3.44600,,3.44600,2.05900,2.28100,4.34000,0.70400,3.63600,3.63600,3.63600,2.25200,2.05900,36.37200,36.73500,0.11000,0.10000,4.03180,19.70510,7.37020,7.37010,15.53500,13.01500,0.25210,0.90060,12.64690,7.11640,3.89220,4.05600,3.28050,3.89220,2.49950,-0.0904,-0.0962
2011-09-30,22.25400,17.62000,4.63400,3.14000,,3.14000,1.49400,0.23300,1.72700,0.52700,1.20000,1.20000,1.20000,1.71000,1.49400,36.40400,36.57400,0.03000,0.03000,2.93200,20.82320,6.71340,6.71340,7.76040,5.39230,0.19840,0.76150,10.64790,8.45240,1.33180,1.39000,1.07010,1.33180,2.41080,0.0593,0.0569
2011-06-30,29.09800,24.19100,4.90700,3.68800,,3.68800,1.21900,0.27200,1.49100,0.26200,1.22900,1.22900,1.22900,1.45000,1.21900,36.39400,36.78100,0.03000,0.03000,3.45870,16.86370,4.18930,4.18930,5.12410,4.22370,0.27220,1.15010,9.87380,9.11510,1.38770,1.44950,1.14970,1.38770,2.36720,0.0162,0.0155
2011-03-31,27.14800,22.68800,4.46000,3.85600,,3.85600,0.60400,0.23600,0.84000,0.17400,0.66600,0.66600,0.66600,0.85300,0.60400,36.28700,36.85700,0.02000,0.02000,3.29500,16.42850,2.22480,2.22480,3.09420,2.45320,0.25400,1.05690,8.37900,10.74110,0.76690,0.80180,0.62320,0.76690,2.32630,0.10460,0.10380
2010-12-31,20.81400,17.21900,3.59500,3.18100,,3.18100,0.41400,0.29600,0.71000,0.24200,0.46800,0.46800,0.46800,0.66800,0.41400,36.17900,36.66800,0.01000,0.01000,4.59740,17.27200,1.98900,1.98910,3.41120,2.24850,0.20250,0.78690,12.54610,7.17350,0.54230,0.56710,0.45520,0.54230,2.32780,-0.0343,-0.0362
2010-09-30,24.02700,19.95100,4.07600,2.89900,,2.89900,1.17700,0.27800,1.45500,0.45500,1.00000,1.00000,1.00000,1.43700,1.17700,36.19000,36.58600,0.03000,0.03000,3.54200,16.96430,4.89870,4.89870,6.05570,4.16200,0.22550,0.88780,19.97260,4.50620,1.16560,1.21920,0.93850,1.16560,2.31330,0.102,0.1016
2010-06-30,31.67700,25.08000,6.59700,4.06500,,4.06500,2.53200,0.29000,2.82200,0.35700,2.46500,2.46500,2.46500,2.80700,2.53200,36.18200,36.70300,0.07000,0.07000,3.44510,20.82580,7.99320,7.99320,8.90870,7.78170,0.29920,0.96620,12.95580,6.94670,2.92240,3.05920,2.32790,2.92240,2.27440,0.1686,0.1671
2010-03-31,24.49300,21.04800,3.44500,3.84800,,3.84800,-0.40300,0.30800,-0.09500,-0.01500,-0.08000,-0.08000,-0.08000,-0.11100,-0.40300,36.14700,36.14700,0.00000,0.00000,3.83020,14.06520,-1.64540,-1.64540,-0.38790,-0.32660,0.23850,0.89900,3.02270,29.77460,-0.09810,-0.10280,-0.07790,-0.09810,2.19920,0.06040,0.06010
2009-12-31,10.99000,12.38000,-1.39000,3.36600,,3.36600,-4.75600,0.40600,-4.35000,-1.58600,-2.76400,-2.76400,-2.76400,-4.45800,-4.75600,36.06700,36.06700,-0.08000,-0.08000,5.31200,-12.64790,-43.27570,-43.27570,-39.58150,-25.15010,0.11190,0.63530,1.45200,61.98450,-3.39090,-3.55550,-2.81330,-3.39090,2.21000,-0.1774,-0.1781
2009-09-30,7.01100,7.59600,-0.58500,2.75500,,2.75500,-3.34000,0.42000,-2.92000,-1.31200,-1.60800,-1.60800,-1.60800,-3.02500,-3.34000,36.08400,36.08400,-0.04000,-0.04000,5.11480,-8.34400,-47.63940,-47.63940,-41.64880,-22.93540,0.07020,0.47260,0.84380,106.66240,-1.92080,-2.01150,-1.60960,-1.92080,2.26880,-0.2017,-0.2021
2009-06-30,8.18800,12.15600,-3.96800,2.34200,,2.34200,-6.31000,0.38200,-5.92800,-2.09300,-3.83500,-3.83500,-3.83500,-5.96900,-6.31000,36.07400,36.07400,-0.11000,-0.11000,4.78360,-48.46120,-77.06400,-77.06400,-72.39860,-46.83680,0.08090,0.95720,1.38990,64.75210,-4.52340,-4.73410,-3.78750,-4.52340,2.29810,0.0021,0.0012
2009-03-31,13.25000,13.86400,-0.61400,4.14300,,4.14300,-4.75700,0.45500,-4.30200,-1.81600,-2.48600,-2.48600,-2.48600,-4.35700,-4.75700,35.98100,35.98100,-0.07000,-0.07000,3.93270,-4.63400,-35.90190,-35.90190,-32.46790,-18.76230,0.12290,0.71430,2.21500,40.63250,-2.82060,-2.94670,-2.30600,-2.82060,2.38850,0.12650,0.12610
