Date,revenue,cost-goods-sold,gross-profit,research-development-expenses,selling-general-administrative-expenses,operating-expenses,operating-income,total-non-operating-income-expense,pre-tax-income,total-provision-income-taxes,income-after-taxes,income-from-continuous-operations,net-income,ebitda,ebit,basic-shares-outstanding,shares-outstanding,eps-basic-net-earnings-per-share,eps-earnings-per-share-diluted,current-ratio,long-term-debt-capital,debt-equity-ratio,gross-margin,operating-margin,ebit-margin,pre-tax-profit-margin,net-profit-margin,asset-turnover,inventory-turnover,receiveable-turnover,days-sales-in-receivables,roe,return-on-tangible-equity,roa,roi,book-value-per-share,operating-cash-flow-per-share,free-cash-flow-per-share
2024-03-31,167.00000,96.00000,71.00000,1063.00000,274.00000,1337.00000,-1266.00000,101.00000,-1165.00000,10.00000,-1175.00000,-1175.00000,-1175.00000,-1257.00000,-1266.00000,382.00000,382.00000,-3.07000,-3.07000,4.03360,0.04290,0.04490,42.51500,-758.08380,-758.08380,-697.60480,-703.59280,0.01000,0.32540,1.21900,73.83230,-9.16750,-9.16750,-7.02370,-8.77390,33.46480,-2.58900,-3.10210
2023-12-31,2811.00000,929.00000,1882.00000,1406.00000,470.00000,1876.00000,6.00000,64.00000,70.00000,-147.00000,217.00000,217.00000,217.00000,188.00000,6.00000,382.00000,382.00000,0.62000,0.63000,3.42450,0.03990,0.04150,66.95130,0.21340,0.21340,2.49020,7.71970,0.15260,4.59900,3.15130,28.55920,1.56630,1.56630,1.17770,1.50390,36.26700,1.654,1.0814
2023-09-30,1831.00000,2241.00000,-410.00000,1160.00000,442.00000,1602.00000,-2012.00000,54.00000,-1958.00000,1672.00000,-3630.00000,-3630.00000,-3630.00000,-1775.00000,-2012.00000,381.00000,381.00000,-9.53000,-9.53000,2.46270,0.04100,0.04270,-22.39210,-109.88530,-109.88530,-106.93610,-198.25230,0.09410,4.60160,0.98120,91.72040,-26.97880,-26.97880,-18.66320,-25.87310,35.31500,-4.1995,-4.5669
2023-06-30,344.00000,731.00000,-387.00000,1148.00000,332.00000,1480.00000,-1867.00000,118.00000,-1749.00000,-369.00000,-1380.00000,-1380.00000,-1380.00000,-1787.00000,-1867.00000,381.00000,381.00000,-3.62000,-3.62000,3.39390,0.04740,0.04970,-112.50000,-542.73250,-542.73250,-508.43020,-401.16280,0.01570,1.02240,1.48280,60.69770,-8.14210,-8.14210,-6.30600,-7.75630,44.48560,-2.5921,-3.2239
2023-03-31,1862.00000,792.00000,1070.00000,1131.00000,305.00000,1436.00000,-366.00000,61.00000,-305.00000,-384.00000,79.00000,79.00000,79.00000,-305.00000,-366.00000,386.00000,405.00000,0.20000,0.19000,3.46440,0.04220,0.04410,57.46510,-19.65630,-19.65630,-16.38020,4.24280,0.07720,1.08200,1.67300,53.79700,0.41880,0.41880,0.32750,0.40110,49.12240,-3.02470,-3.30370
2022-12-31,5084.00000,1918.00000,3166.00000,1211.00000,375.00000,1586.00000,1580.00000,75.00000,1655.00000,190.00000,1465.00000,1465.00000,1465.00000,1656.00000,1580.00000,394.00000,416.00000,3.95000,3.77000,2.72820,0.04550,0.04770,62.27380,31.07790,31.07790,32.55310,28.81590,0.19660,2.02110,3.67080,24.51810,7.66090,7.66090,5.66560,7.31220,49.67010,3.9178,3.7037
2022-09-30,3364.00000,1100.00000,2264.00000,820.00000,278.00000,1098.00000,1166.00000,51.00000,1217.00000,174.00000,1043.00000,1043.00000,1043.00000,1285.00000,1166.00000,390.00000,412.00000,2.67000,2.53000,2.10030,0.04870,0.05120,67.30080,34.66110,34.66110,36.17720,31.00480,0.12910,0.52960,1.24820,72.10170,5.79700,5.79700,4.00290,5.51440,46.49100,0.736,0.5112
2022-06-30,4749.00000,1381.00000,3368.00000,710.00000,211.00000,921.00000,2447.00000,27.00000,2474.00000,277.00000,2197.00000,2197.00000,2197.00000,2534.00000,2447.00000,396.00000,419.00000,5.55000,5.24000,1.99100,0.03440,0.03560,70.92020,51.52660,51.52660,52.09520,46.26240,0.18240,0.71890,1.76480,50.99810,12.21570,12.21570,8.43600,11.79530,45.88010,0.8339,0.621
2022-03-31,6066.00000,1017.00000,5049.00000,554.00000,268.00000,822.00000,4227.00000,2.00000,4229.00000,572.00000,3657.00000,3657.00000,3657.00000,4324.00000,4227.00000,402.00000,426.00000,9.09000,8.58000,1.76990,0.03650,0.03780,83.23440,69.68350,69.68350,69.71650,60.28680,0.21970,0.52370,1.91180,47.07720,21.41730,21.41730,13.24570,20.63650,42.68750,6.48590,6.17610
2021-12-31,7211.00000,952.00000,6259.00000,648.00000,201.00000,849.00000,5410.00000,,5410.00000,542.00000,4868.00000,4868.00000,4868.00000,5509.00000,5410.00000,403.00000,431.00000,12.06000,11.29000,1.76060,0.04060,0.04230,86.79790,75.02430,75.02430,75.02430,67.50800,0.29230,0.66070,2.27120,39.62700,34.41500,34.41500,19.73330,33.01680,35.09930,7.8451,7.5641
2021-09-30,4969.00000,722.00000,4247.00000,521.00000,168.00000,689.00000,3558.00000,-6.00000,3552.00000,219.00000,3333.00000,3333.00000,3333.00000,3648.00000,3558.00000,404.00000,434.00000,8.27000,7.70000,1.34830,0.02300,0.02350,85.46990,71.60390,71.60390,71.48320,67.07590,0.23750,0.74820,1.58150,56.90880,32.92180,32.92180,15.92980,32.16560,24.99750,7.4356,7.2085
2021-06-30,4354.00000,750.00000,3604.00000,421.00000,121.00000,542.00000,3062.00000,1.00000,3063.00000,283.00000,2780.00000,2780.00000,2780.00000,3139.00000,3062.00000,402.00000,431.00000,6.93000,6.46000,1.24080,0.04660,0.04890,82.77450,70.32610,70.32610,70.34910,63.84930,0.26950,1.16640,2.15540,41.75470,41.46780,41.46780,17.21040,39.53360,16.63520,9.4109,9.3415
2021-03-31,1937.00000,193.00000,1744.00000,401.00000,77.00000,478.00000,1266.00000,-6.00000,1260.00000,39.00000,1221.00000,1221.00000,1221.00000,1286.00000,1266.00000,400.00000,430.00000,3.05000,2.84000,1.38640,0.03470,0.03600,90.03610,65.35880,65.35880,65.04910,63.03560,0.15260,0.39070,0.60340,149.14820,31.81350,31.81350,9.61870,30.70930,9.57110,6.90930,6.82790
2020-12-31,571.00000,,571.00000,759.00000,79.00000,,-275.00000,4.00000,-271.00000,2.00000,-273.00000,-273.00000,-273.00000,-263.00000,-275.00000,381.00000,381.00000,-0.71000,-0.71000,1.43500,0.04120,0.04300,98.59900,-48.16110,-48.16110,-47.46060,-47.81090,0.07780,,0.41050,219.24690,-10.65990,-10.65990,-3.72090,-10.22090,6.41850,3.3886,3.3214
2020-09-30,157.00000,,157.00000,344.00000,48.00000,,-235.00000,3.00000,-232.00000,1.00000,-233.00000,-233.00000,-233.00000,-223.00000,-235.00000,395.00000,395.00000,-0.59000,-0.59000,2.42760,0.03790,0.03940,100.00000,-149.68150,-149.68150,-147.77070,-148.40760,0.03380,,0.82410,109.20440,-8.44260,-8.44260,-5.00980,-8.12300,6.97990,2.2728,2.2271
2020-06-30,67.00000,,67.00000,152.00000,37.00000,,-122.00000,5.00000,-117.00000,,-117.00000,-117.00000,-117.00000,-113.00000,-122.00000,381.00000,381.00000,-0.31000,-0.31000,17.30160,0.02260,0.02310,100.00000,-182.08960,-182.08960,-174.62690,-174.62690,0.01920,,2.00830,44.81460,-3.97030,-3.97030,-3.35630,-3.88060,7.49320,-0.0409,-0.0895
2020-03-31,8.00000,,8.00000,115.00000,24.00000,,-131.00000,7.00000,-124.00000,,-124.00000,-124.00000,-124.00000,-123.00000,-131.00000,353.00000,353.00000,-0.35000,-0.35000,9.28750,0.02320,0.02370,100.00000,-1637.50000,-1637.50000,-1550.00000,-1550.00000,0.00390,,1.09590,82.12500,-7.55690,-7.55690,-5.99750,-7.38180,4.43360,-0.30030,-0.31730
2019-12-31,13.84600,,13.84600,117.64500,26.08700,,-129.88600,6.14300,-123.74300,-0.47400,-123.26900,-123.26900,-123.26900,-121.50400,-129.88600,331.00000,331.00000,-0.37000,-0.37000,7.88740,0.03190,0.03290,100.00000,-938.07580,-938.07600,-893.70910,-890.28580,0.00870,,2.57890,34.89890,-10.49270,-10.49270,-7.75560,-10.15820,3.49090,-0.2985,-0.3199
2019-09-30,17.04600,,17.04600,119.63700,28.17300,,-130.76400,7.37100,-123.39300,-0.17800,-123.21500,-123.21500,-123.21500,-124.57900,-130.76400,330.76900,330.76900,-0.37000,-0.37000,7.40290,,,100.00000,-767.12420,-767.12420,-723.88240,-722.83820,0.01070,,2.07470,43.37910,-9.84300,-9.84300,-7.74500,-9.84300,3.76490,-0.3201,-0.3401
2019-06-30,13.08300,,13.08300,128.30500,28.48700,,-143.70900,8.44500,-135.26400,-0.32400,-134.94000,-134.94000,-134.94000,-137.58700,-143.70900,329.17600,329.17600,-0.41000,-0.41000,6.77470,,,100.00000,-1098.44100,-1098.44100,-1033.89100,-1031.41500,0.00780,,2.89580,31.08000,-10.08100,-10.08100,-8.00700,-10.08100,4.05670,-0.3293,-0.3615
2019-03-31,16.02500,,16.02500,130.41300,27.25300,,-141.64100,9.04100,-132.60000,-0.02400,-132.57600,-132.57600,-132.57600,-135.33000,-141.64100,328.81000,328.81000,-0.40000,-0.40000,7.16780,,,100.00000,-883.87520,-883.87520,-827.45720,-827.30740,0.00890,,2.42400,37.12890,-9.16830,-9.16830,-7.34000,-9.16830,4.39720,-0.43880,-0.46190
2018-12-31,35.42100,,35.42100,150.42900,38.02300,,-153.03100,11.77300,-141.25800,0.16800,-141.42600,-141.42600,-141.42600,-146.44400,-153.03100,81.11400,81.11400,-1.04000,-1.04000,7.01520,,,100.00000,-432.03460,-432.03460,-398.79730,-399.27160,0.01810,,2.81450,31.97680,-9.24210,-9.24210,-7.20770,-9.24210,4.65400,-0.4605,-0.3745
2018-09-30,41.75700,,41.75700,109.05000,18.52500,,-85.81800,5.48700,-80.33100,,-80.33100,-80.33100,-87.81900,-79.90900,-85.81800,66.28300,66.28300,-1.32000,-1.32000,,,,100.00000,-205.51770,-205.51770,-192.37730,-210.30960,,,,,,,,,,-1.1976,-1.5867
2018-06-30,28.85100,,28.85100,104.47900,21.38700,,-97.01500,6.57200,-90.44300,0.15800,-90.60100,-90.60100,-94.08200,-91.58500,-97.01500,65.93900,65.93900,-1.43000,-1.43000,,,,100.00000,-336.26220,-336.26220,-313.48310,-326.09620,,,,,,,,,,-0.7186,-1.2317
2018-03-31,29.03900,,29.03900,90.12400,16.31700,,-77.40200,5.02600,-72.37600,,-72.37600,-72.37600,-75.85700,-72.33200,-77.40200,65.43080,65.43080,-1.16000,-1.16000,,,,100.00000,-266.54500,-266.54500,-249.23720,-261.22460,,,,,,,,,,-1.70230,-2.19000
2017-12-31,,,,,,,,,,,,,,,,,,,0.00000,,,,,,,,,,,,,,,,,,0,0
2016-12-31,,,,,,,,,,,,,,,,,,,0.00000,,,,,,,,,,,,,,,,,,0,0
