Date,revenue,cost-goods-sold,gross-profit,research-development-expenses,selling-general-administrative-expenses,operating-expenses,operating-income,total-non-operating-income-expense,pre-tax-income,total-provision-income-taxes,income-after-taxes,income-from-continuous-operations,income-from-discontinued-operations,net-income,ebitda,ebit,basic-shares-outstanding,shares-outstanding,eps-basic-net-earnings-per-share,eps-earnings-per-share-diluted,current-ratio,long-term-debt-capital,debt-equity-ratio,gross-margin,operating-margin,ebit-margin,pre-tax-profit-margin,net-profit-margin,asset-turnover,receiveable-turnover,days-sales-in-receivables,roe,return-on-tangible-equity,roa,roi,book-value-per-share,operating-cash-flow-per-share,free-cash-flow-per-share
2024-03-31,679.96500,128.51400,551.45100,40.52500,128.85900,212.06900,339.38200,-43.48900,295.89300,39.93900,255.95400,255.95400,,255.95400,389.16000,339.38200,79.19500,79.50800,3.23000,3.22000,0.99710,1.16870,-6.92940,81.09990,49.91170,49.91170,43.51590,37.64220,0.12410,0.91200,98.68890,-39.34630,-5.70120,4.67190,6.63580,-8.21110,3.77490,3.47010
2023-12-31,690.10600,122.55700,567.54900,39.22000,115.60000,196.80410,370.74490,97.13000,467.87510,64.49500,403.38000,403.38000,,403.38000,420.28990,370.74480,79.46200,79.84300,5.09000,5.06000,0.93480,1.19690,-6.09350,82.24080,53.72290,53.72290,67.79760,58.45190,0.12510,0.82200,109.49040,-54.52820,-8.80030,7.31000,10.73660,-9.35330,4.8257,4.5561
2023-09-30,625.43900,105.31100,520.12810,31.43800,103.40700,166.81900,353.30900,-35.65300,317.65600,57.99700,259.65900,259.65900,,259.65900,392.44600,353.30900,79.11600,79.50000,3.28000,3.27000,1.36080,1.30400,-4.29780,83.16210,56.48980,56.48980,50.78930,41.51630,0.12850,1.03680,86.80930,-24.75070,-6.80520,5.33670,7.52420,-13.26440,3.6974,3.4305
2023-06-30,621.15700,110.06600,511.09100,30.14000,103.64500,165.13800,345.95300,-38.79500,307.15800,60.33300,246.82500,246.82500,,246.82500,384.37200,345.95300,79.59200,79.90500,3.10000,3.09000,1.25130,1.36090,-3.77810,82.28050,55.69490,55.69490,49.44930,39.73630,0.13040,1.01350,88.80150,-20.67790,-6.21330,5.18230,7.46270,-15.08550,3.6756,3.3424
2023-03-31,592.21800,108.64700,483.57100,31.32300,107.51900,168.96900,314.60200,-38.23000,276.37200,37.64400,238.72800,238.72800,,238.72800,351.77500,314.60200,80.04100,80.48200,2.98000,2.97000,1.49810,1.25030,-5.00450,81.65420,53.12270,53.12270,46.66730,40.31080,0.11710,0.92310,97.50220,-26.48520,-6.48120,4.71920,6.62980,-11.25820,3.28200,3.01390
2022-12-31,576.20790,102.38400,473.82390,29.02600,105.77600,165.07400,308.74990,-43.08800,265.66200,50.69100,214.97100,214.97100,,214.97100,346.25490,308.74980,80.74600,81.21500,2.69000,2.67000,1.39780,1.28840,-4.47650,82.23140,53.58310,53.58310,46.10520,37.30790,0.11530,0.86880,103.59320,-21.32810,-5.66290,4.30150,6.15030,-12.60540,3.8434,3.5942
2022-09-30,560.63900,98.41800,462.22100,25.94100,96.24700,152.69000,309.53100,-40.32700,269.20400,52.61200,216.59200,216.59200,,216.59200,347.35800,309.53100,80.50000,80.87400,2.69000,2.68000,1.43070,1.31440,-4.18880,82.44540,55.21040,55.21040,48.01740,38.63310,0.11730,1.06720,84.33660,-20.10340,-5.59800,4.53360,6.32030,-13.44710,4.024,3.7992
2022-06-30,551.80600,100.76800,451.03800,23.91600,97.79700,150.65700,300.38100,-40.34900,260.03200,49.44500,210.58700,210.58700,,210.58700,336.72800,300.38100,80.92300,81.29500,2.60000,2.59000,1.32920,1.29510,-4.39560,81.73850,54.43600,54.43600,47.12380,38.16320,0.11420,0.94030,95.71000,-20.51610,-5.49270,4.35700,6.05330,-12.75150,2.6524,2.4152
2022-03-31,559.94500,102.77100,457.17400,28.32200,111.62000,168.19600,288.97800,-40.03500,248.94300,20.52000,228.42300,228.42300,,228.42300,324.92700,288.97800,81.59100,82.28600,2.80000,2.78000,1.14820,1.26780,-4.73440,81.64620,51.60830,51.60830,44.45850,40.79380,0.11930,0.94530,95.20460,-25.98110,-6.17450,4.86850,6.95720,-10.83170,2.96750,2.78110
2021-12-31,549.84190,95.90300,453.93890,30.81900,113.58100,173.35200,280.58690,-34.82400,245.76300,51.89800,193.86500,193.86500,,193.86490,317.18090,280.58690,82.50800,83.47900,2.35000,2.32000,1.71340,1.04090,-25.45730,82.55810,51.03050,51.03050,44.69700,35.25830,0.09980,0.82740,108.76940,-118.59590,-6.47690,3.52050,4.84910,-1.98290,3.3571,3.08
2021-09-30,517.09900,89.67400,427.42500,28.35200,97.92900,147.19500,280.23000,-79.58000,200.65000,30.77400,169.87600,169.87600,,169.87600,308.58800,280.23000,82.47000,83.55400,2.06000,2.03000,1.81660,1.07220,-14.85720,82.65830,54.19270,54.19270,38.80300,32.85170,0.10060,1.04100,86.45410,-60.66460,-5.46560,3.30330,4.37780,-3.39640,2.5675,2.3912
2021-06-30,498.18000,87.32700,410.85300,27.53100,88.37300,153.32000,257.53300,-61.83800,195.69500,30.27200,165.42300,165.42300,,165.42300,302.18300,257.53300,82.45400,83.29500,2.01000,1.99000,2.69130,1.10230,-10.77640,82.47080,51.69480,51.69480,39.28200,33.20550,0.10400,1.01970,88.26390,-44.97550,-7.71960,3.45270,4.60040,-4.46160,2.7081,2.5751
2021-03-31,478.42300,85.78000,392.64300,24.86200,91.19500,138.26800,254.37500,-38.34700,216.02800,19.20900,196.81900,196.81900,,196.81900,283.82100,254.37500,82.64000,83.49300,2.38000,2.36000,1.61830,1.16680,-8.02750,82.07030,53.16950,53.16950,45.15420,41.13910,0.10480,0.94390,95.34740,-40.86930,-8.64110,4.31100,6.81530,-5.84290,2.58050,2.45650
2020-12-31,443.66100,75.93500,367.72600,27.05600,84.53400,133.64090,234.08510,-38.91900,195.16600,38.95000,156.21590,156.21590,,156.21600,263.23110,234.08510,83.71600,84.51700,1.88000,1.87000,1.88460,1.15160,-7.59590,82.88450,52.76220,52.76210,43.98990,35.21070,0.10570,0.79430,113.30990,-35.24460,-6.96150,3.72060,5.34340,-5.36780,2.7884,2.5888
2020-09-30,425.33300,70.70400,354.62900,24.90100,80.28100,127.00900,227.62000,-38.57700,189.04300,6.68500,182.35800,182.35800,,182.35800,256.59800,227.62000,83.60200,84.47900,2.18000,2.16000,2.20770,1.12980,-8.70640,83.37680,53.51570,53.51570,44.44590,42.87420,0.10340,0.98960,90.94610,-47.17140,-8.32750,4.43510,6.12100,-4.65530,2.3582,2.2198
2020-06-30,409.61600,70.45600,339.16000,22.53400,79.92600,123.98500,215.17500,-76.00800,139.16700,24.04400,115.12300,115.12300,,115.12300,243.87000,215.17500,83.66600,84.34900,1.38000,1.36000,2.26020,1.10180,-10.82160,82.79950,52.53090,52.53090,33.97500,28.10510,0.09780,0.87880,102.40970,-37.02520,-5.43710,2.74930,3.76980,-3.71780,3.1322,2.9935
2020-03-31,416.78000,74.60900,342.17100,26.56200,86.38200,134.28700,207.88400,-45.03500,162.84900,14.72400,148.12500,148.12500,,148.12500,236.30500,207.88400,84.87000,85.54800,1.75000,1.73000,2.02910,1.12580,-8.94660,82.09870,49.87860,49.87860,39.07310,35.54030,0.10650,0.86470,104.08150,-41.80410,-6.83500,3.78660,5.26060,-4.23290,1.31820,1.19180
2019-12-31,406.60600,70.15400,336.45210,27.10000,89.14500,137.02300,199.42900,-52.89600,146.53300,23.75000,122.78300,122.78300,,122.78300,227.03500,199.42900,84.64400,85.53600,1.45000,1.44000,2.31110,1.02560,-40.04390,82.74640,49.04720,49.04720,36.03810,30.19700,0.09670,0.81440,110.51020,-160.05290,-6.45860,2.92030,4.09930,-0.90470,2.8493,2.6332
2019-09-30,394.25100,70.48600,323.76500,24.31000,78.66600,122.54600,201.21900,-32.47100,168.74800,31.76500,136.98300,136.98300,,136.98300,227.35000,201.21900,84.76500,85.55000,1.62000,1.60000,1.86170,1.06080,-17.43700,82.12150,51.03830,51.03830,42.80220,34.74510,0.11330,0.96270,93.48540,-92.64640,-7.01080,3.93660,5.63650,-1.74550,2.1978,2.0257
2019-06-30,385.55800,71.97500,313.58300,23.75200,78.03500,121.20500,192.37800,-32.63300,159.74500,34.05500,125.69000,125.69000,,125.69000,218.40000,192.37800,84.75000,85.39300,1.48000,1.47000,1.72510,1.09880,-11.11840,81.33220,49.89600,49.89600,41.43220,32.59950,0.11260,0.87960,102.31450,-54.22310,-6.14440,3.66970,5.35880,-2.73690,2.2219,2.0765
2019-03-31,371.38100,82.34600,289.03500,23.17200,83.54500,126.36000,162.67500,-34.38300,128.29200,-49.90000,178.19200,178.19200,,178.19200,188.88700,162.67500,84.25300,85.64900,2.11000,2.08000,1.63420,1.14010,-8.14000,77.82710,43.80270,43.80270,34.54460,47.98090,0.11270,0.86950,103.50260,-56.29940,-8.33430,5.40700,7.88500,-3.73790,1.02600,0.93100
2018-12-31,361.68800,73.75700,287.93100,20.31200,77.85700,118.11300,169.81800,17.47100,187.28900,35.15700,152.13200,152.13200,,152.13200,190.74700,169.81800,87.17900,89.70100,1.85000,1.78000,1.77390,1.06910,-15.46900,79.60760,46.95150,46.95150,51.78190,42.06170,0.10680,0.76400,117.80590,-91.37400,-7.63310,4.49040,6.31510,-1.97800,2.0202,1.7609
2018-09-30,357.93400,70.90600,287.02800,20.59100,70.90000,110.62500,176.40300,-29.55700,146.84600,23.01400,123.83200,123.83200,,123.83200,196.52300,176.40300,88.79600,91.37200,1.39000,1.36000,2.75140,0.87180,6.80320,80.19020,49.28370,49.28370,41.02600,34.59630,0.09400,0.94520,95.22270,32.72160,-8.50490,3.25330,4.19330,4.27170,1.5817,1.4378
2018-06-30,363.04600,71.36800,291.67800,19.80100,71.45200,118.16700,173.51100,-17.18800,156.32300,39.49400,116.82900,116.82900,,116.82900,201.32000,173.51100,89.11200,91.58600,1.31000,1.28000,2.65350,0.88140,7.42950,80.34190,47.79310,47.79310,43.05870,32.18020,0.09590,0.91940,97.89320,33.72450,-7.74270,3.08600,4.00080,3.89970,2.2724,2.1932
2018-03-31,351.31600,71.30400,280.01200,20.70700,72.59600,112.84600,167.16600,-27.72800,139.43800,24.34600,115.09200,115.09200,,115.09200,187.55800,167.16600,90.07500,92.58700,1.28000,1.24000,2.05580,0.83150,4.93340,79.70380,47.58280,47.58280,39.69020,32.76030,0.10500,0.75950,118.50280,27.31350,-7.89630,3.44120,4.60330,4.68920,0.95690,0.89350
2017-12-31,334.77900,69.24700,265.53200,20.70900,71.00600,111.39300,154.13900,-27.17900,126.96000,62.35800,64.60200,64.60200,,64.60200,174.66600,154.13900,90.33600,91.91400,0.72000,0.69000,2.08520,0.83820,5.18210,79.31560,46.04200,46.04200,37.92350,19.29690,0.10220,1.02190,88.06920,16.10970,-4.36070,1.97220,2.60590,4.45050,1.556,1.3321
2017-09-30,322.09700,68.43300,253.66400,17.97400,66.95200,104.86500,148.79900,-27.99600,120.80300,35.65000,85.15300,85.15300,,85.15300,169.58700,148.79900,90.11200,91.86800,0.94000,0.93000,2.04620,0.85220,5.76540,78.75390,46.19700,46.19700,37.50520,26.43710,0.10210,1.04170,86.39520,23.63300,-5.57220,2.69940,3.49320,4.00050,1.1048,0.9793
2017-06-30,316.08900,68.53800,247.55100,18.19600,62.97400,101.45100,146.10000,-28.58900,117.51100,36.24500,81.26600,81.26600,,81.26600,167.23000,146.10000,90.40400,91.70800,0.90000,0.89000,1.96130,0.87110,6.75990,78.31690,46.22120,46.22120,37.17660,25.70990,0.10230,1.09290,82.35160,26.45380,-5.13090,2.62990,3.40900,3.40840,1.3323,1.2557
2017-03-31,301.20700,67.46300,233.74400,18.97000,63.95300,103.01200,130.73200,-29.10700,101.62500,28.67400,72.95100,72.95100,,72.95100,151.67000,130.73200,90.70800,91.62400,0.80000,0.80000,1.99190,0.88160,7.44490,77.60250,43.40270,43.40270,33.73930,24.21960,0.10020,1.14840,78.37140,26.16250,-4.51230,2.42750,3.09800,3.08280,0.40400,0.29890
2016-12-31,292.81200,63.81900,228.99300,18.96000,63.07600,102.98100,126.01190,-28.91700,97.09500,28.84500,68.25000,68.25000,,68.25000,147.80600,126.01190,95.98600,96.54000,0.73000,0.73000,1.96740,0.86730,6.53390,78.20480,43.03510,43.03510,33.15950,23.30850,0.09500,1.32190,68.08250,21.48890,-4.30360,2.21410,2.85230,3.47950,1.4032,1.2909
2016-09-30,288.43300,62.98600,225.44700,18.75000,63.37300,102.18700,123.26000,-25.73800,97.52200,32.24100,65.28100,65.28100,,65.28100,144.12600,123.26000,94.82300,95.47300,0.69000,0.68000,2.44280,0.79000,3.76140,78.16270,42.73440,42.73440,33.81100,22.63300,0.08720,1.22320,73.57780,11.83660,-4.78130,1.97400,2.48600,5.82550,1.5794,1.4396
2016-06-30,290.59600,62.13000,228.46600,18.56600,63.87300,102.77500,125.69100,-25.14700,100.54400,33.58700,66.95700,66.95700,,66.95700,146.73500,125.69100,96.41200,96.88800,0.69000,0.69000,1.44600,0.74710,2.95340,78.61980,43.25280,43.25280,34.59920,23.04130,0.10410,1.17410,76.65190,12.51180,-4.80450,2.39900,3.16480,5.63370,1.2307,1.0958
2016-03-31,278.82800,63.17200,215.65600,18.92800,63.57900,102.51500,113.14100,-22.36400,90.77700,30.41000,60.36700,60.36700,,60.36700,133.85800,113.14100,99.42500,99.99800,0.61000,0.60000,1.63040,0.71960,2.56630,77.34370,40.57740,40.57740,32.55660,21.65030,0.09850,1.07170,83.97690,9.80530,-4.54100,2.13190,2.74940,6.37750,0.36890,0.31430
2015-12-31,272.89300,64.80400,208.08900,17.77600,63.39900,100.54600,107.54290,-22.10700,85.43600,25.43700,59.99900,59.99900,-0.59300,59.40600,127.62190,107.54290,109.12400,109.92600,0.57000,0.55000,2.13460,0.63660,1.75200,76.25290,39.40850,39.40850,31.30750,21.76900,0.08670,1.31050,68.67720,6.65560,-5.68370,1.90660,2.41840,8.92450,0.8695,0.7019
2015-09-30,268.77100,65.59300,203.17800,15.54800,58.76900,94.07600,109.10200,-10.06000,99.04200,34.64400,64.39800,64.39800,,64.39800,129.39500,109.10200,108.77300,109.44000,0.59000,0.59000,2.62010,0.58520,1.41080,75.59520,40.59290,40.59290,36.85000,23.96020,0.07980,1.29070,69.73040,5.75440,-7.63080,1.91270,2.38690,10.66480,1.2497,1.1326
2015-06-30,270.58000,67.39400,203.18600,20.80700,64.10800,104.67500,98.51100,-11.09500,87.41600,31.39900,56.01700,56.01700,,56.01700,118.71800,98.51100,112.14300,112.93100,0.50000,0.50000,1.69370,0.35810,0.55800,75.09280,36.40730,36.40730,32.30690,20.70260,0.09410,1.26150,71.34240,3.90710,-10.33640,1.94800,2.50780,12.96560,0.2158,0.1096
2015-03-31,262.76900,69.90400,192.86500,23.18900,62.02500,104.12300,88.74200,-11.08200,77.66000,28.03600,49.62400,49.62400,-5.79700,43.82700,108.09700,88.74200,112.52000,113.52200,0.39000,0.39000,1.74570,0.35470,0.54960,73.39720,33.77190,33.77190,29.55450,16.67890,0.09070,1.42170,63.30440,3.40890,-9.47450,1.71320,2.19990,12.95000,0.58740,0.53170
2014-12-31,251.10500,54.61000,196.49500,52.07400,40.11600,111.40100,85.09390,-14.36600,70.72800,27.45900,43.26900,43.26900,1.07100,44.34000,112.58390,85.09400,115.73700,116.70600,0.41000,0.40000,1.62710,0.35490,0.55020,78.25210,33.88780,33.88780,28.16670,17.65800,0.08710,1.40500,64.05500,3.01980,-7.64880,1.50110,1.94800,12.78490,0.8984,0.823
2014-09-30,251.66100,69.77000,181.89100,19.02100,60.91800,97.85500,84.03600,-4.04000,79.99600,28.27200,51.72400,51.72400,-0.01000,51.71400,102.51100,84.03600,116.25100,117.16300,0.44000,0.44000,1.52130,0.35630,0.56780,72.27620,33.39250,33.39250,31.78720,20.54910,0.08740,1.31210,68.59440,3.70370,-8.39750,1.79580,2.38390,12.46610,0.9215,0.7477
2014-06-30,254.22600,76.81600,177.41000,,71.51600,88.87900,88.53100,-4.44800,84.08300,27.28000,56.80300,56.80300,50.85700,107.66000,106.45600,88.53100,116.70200,117.66400,0.92000,0.91000,2.11760,0.31830,0.47870,69.78440,34.82370,34.82370,33.07410,42.34820,0.08110,1.19110,75.55830,3.40820,-16.27750,1.81290,2.32340,14.32270,0.5864,0.4846
2014-03-31,239.68800,75.42700,164.26100,,67.65800,84.75600,79.50500,-5.97400,73.53100,26.38500,47.14600,47.14600,33.25300,80.39900,100.12800,79.50500,117.58200,118.59700,0.68000,0.68000,1.80890,0.33370,0.51340,68.53120,33.17020,33.17020,30.67780,33.54320,0.07750,1.24900,72.05800,3.01500,-10.57580,1.52390,2.00900,13.39920,0.21290,0.12810
2013-12-31,236.86400,37.55000,199.31400,,37.87700,115.66690,83.64700,-6.65300,76.99400,36.11900,40.87500,40.87500,6.38200,47.25700,105.98500,83.64710,120.10000,121.07400,0.40000,0.39000,1.24100,0.33500,0.51640,84.14700,35.31440,35.31440,32.50560,19.95110,0.07550,1.39750,64.40030,2.61290,-4.84000,1.30340,1.73760,13.24790,0.7782,0.607
2013-09-30,228.60800,68.15100,160.45700,,59.91700,76.55300,83.90400,-6.16400,77.74000,27.80400,49.93600,49.93600,5.37400,55.31000,105.21600,83.90400,119.60700,120.57800,0.46000,0.46000,1.10930,0.33110,0.53040,70.18870,36.70210,36.70210,34.00580,24.19430,0.07420,1.27060,70.83220,3.28060,-5.65630,1.62050,2.19460,12.85550,0.5911,0.4725
2013-06-30,228.42300,69.69600,158.72700,,52.84200,68.83800,89.88900,-5.98500,83.90400,27.76300,56.14100,56.14100,4.91200,61.05300,110.58400,89.88900,121.14900,122.06900,0.50000,0.50000,1.24380,0.33250,0.52590,69.48820,39.35200,39.35200,36.73190,26.72800,0.07360,1.42670,63.08070,3.60840,-6.57920,1.80800,2.40860,12.86540,0.6997,0.6696
2013-03-31,219.46900,65.30000,154.16900,,55.51500,71.27800,82.89100,-8.70100,74.19000,21.23200,52.95800,52.95800,5.97900,58.93700,103.46500,82.89100,120.74600,121.70200,0.49000,0.48000,1.08380,0.34550,0.55680,70.24640,37.76890,37.76890,33.80430,26.85440,0.07240,1.31490,68.44860,3.55720,-5.62130,1.74670,2.32820,12.33470,0.58380,0.54430
2012-12-31,123.92900,16.39800,107.53100,,35.89400,40.92500,66.60600,-6.89900,59.70700,24.70200,35.00500,35.00500,,54.45200,88.21500,66.60600,122.02300,123.20400,0.44000,0.44000,1.00960,0.36280,0.59970,86.76820,53.74530,53.74530,48.17840,43.93810,0.04100,0.80710,111.51650,2.45610,-3.50310,1.15920,1.56490,11.86560,0.4869,0.4341
2012-09-30,235.44400,68.35000,167.09400,,62.97300,83.56500,83.52900,-7.93500,75.59400,27.32000,48.27400,48.27400,,48.27400,104.85900,83.52900,122.26100,123.45000,0.39000,0.39000,1.35920,0.35910,0.58950,70.96970,35.47720,35.47720,32.10700,20.50340,0.07710,1.89400,47.51790,3.28830,-5.76390,1.58110,2.10760,12.03010,0.7886,0.6417
2012-06-30,238.56500,73.24300,165.32200,,57.60200,78.20100,87.12100,-29.86000,57.26100,19.71500,37.54600,37.54600,,37.54600,127.67800,87.12100,122.03000,123.29500,0.31000,0.30000,1.25060,0.37150,0.62160,69.29850,36.51880,36.51880,24.00230,15.73830,0.07970,1.75320,51.33470,2.66350,-4.11740,1.25370,1.67400,11.57570,0.977,0.8501
2012-03-31,229.05200,72.29100,156.76100,,55.43600,75.78200,80.97900,-12.74000,68.23900,24.27300,43.96600,43.96600,,43.96600,102.85100,80.97900,121.75400,123.11300,0.36000,0.35000,1.69310,0.43810,0.78730,68.43900,35.35400,35.35400,29.79190,19.19480,0.07360,1.33030,67.65400,3.22190,-4.51910,1.41230,1.81040,11.23100,0.56460,0.52970
2011-12-31,226.13400,69.12100,157.01300,,54.50900,75.38000,81.63300,-11.50500,70.12800,25.64200,44.48600,44.48600,,45.72100,104.00000,81.63300,120.71700,122.27600,0.36000,0.37000,1.49720,0.44960,0.82490,69.43360,36.09940,36.09940,31.01170,20.21850,0.07310,1.25240,71.86420,3.40780,-4.24470,1.43830,1.87550,10.76980,0.6551,0.6038
2011-09-30,225.02600,68.96800,156.05800,,53.72400,73.81300,82.24500,-11.94600,70.29900,20.51200,49.78700,49.78700,,49.30400,104.84400,82.24500,120.83100,122.30300,0.41000,0.40000,1.45760,0.46660,0.88310,69.35110,36.54910,36.54910,31.24040,21.91040,0.07340,1.34790,66.77150,3.94530,-4.49430,1.62480,2.10420,10.46750,0.7738,0.6912
2011-06-30,226.48300,68.84000,157.64300,,53.32100,74.95200,82.69100,-13.04900,69.64200,23.98200,45.66000,45.66000,,45.22700,105.79300,82.69100,120.59200,122.23500,0.38000,0.37000,1.32520,0.47790,0.92390,69.60480,36.51090,36.51090,30.74930,19.96930,0.07530,1.27820,70.41150,3.77650,-3.87900,1.51720,1.97170,10.03670,0.8686,0.8449
2011-03-31,223.29800,70.21800,153.08000,,51.41800,77.65100,75.42900,-22.08500,53.34400,19.82300,33.52100,33.52100,,33.20200,99.41800,75.42900,120.28200,122.01300,0.28000,0.27000,1.18770,0.49100,0.97360,68.55410,33.77950,33.77950,23.88920,14.86890,0.07670,1.20240,74.85180,2.91480,-2.68030,1.15170,1.48370,9.57560,-0.21210,-0.24350
2010-12-31,72.52400,20.98600,51.53800,,17.48100,24.86900,26.66900,-6.11300,20.55600,6.73200,13.82400,13.82400,,13.67900,-9.78200,26.66900,119.94300,121.80300,0.11000,0.11000,1.23360,0.52290,1.14580,71.06340,36.77270,36.77270,28.34370,18.86130,0.02370,0.52560,171.23880,1.25430,-1.05110,0.45210,0.59840,9.21590,0.3549,0.34
2010-11-30,,,,,,,,,,,,,,,,,,,,0.00000,,,,,,,,,,,,,,,,,-1.0075,-0.9487
2010-08-31,202.73300,69.74100,132.99200,,63.30600,91.54300,41.44900,-20.82500,20.62400,10.30500,10.31900,10.31900,,10.20100,66.47800,41.44900,118.33900,120.34100,0.09000,0.08000,1.08890,0.54800,1.22390,65.59960,20.44510,20.44510,10.17300,5.03170,0.06880,1.77020,50.84240,0.99780,-0.73590,0.35000,0.45100,8.72300,0.4877,0.4732
2010-05-31,125.17000,30.46300,94.70700,,40.17700,48.01000,46.69700,-8.74600,37.95100,13.88400,24.06700,24.06700,,23.73000,58.06100,46.69700,105.34500,106.00300,0.23000,0.22000,1.45430,0.09760,0.12240,75.66270,37.30690,37.30690,30.31960,18.95820,0.13200,1.35280,66.53110,4.17520,103.83970,2.53890,3.76780,5.48890,0.6593,0.646
2010-02-28,121.68000,29.29100,92.38900,,37.46100,45.13200,47.25700,-3.42000,43.83700,16.31900,27.51800,27.51800,,27.06500,55.32600,47.25700,105.23500,105.84400,0.26000,0.26000,2.29350,0.37480,0.67660,75.92780,38.83710,38.83710,36.02650,22.24280,0.10170,1.06830,84.24630,5.04310,-231.76990,2.30110,3.15300,5.19690,-0.13950,-0.17050
2009-11-30,,,,,,,,,,,,,,,,,,,,0.00000,,,,,,,,,,,,,,,,,-1.1985,-1.0875
2009-08-31,108.86800,28.24700,80.62100,,33.52500,42.82300,37.79800,-4.08700,33.71100,12.78700,20.92400,20.92400,,20.32100,47.63900,37.79800,100.40200,100.83300,0.20000,0.20000,1.53850,0.48540,1.04380,74.05390,34.71910,34.71910,30.96500,18.66570,0.10060,1.42290,63.25080,5.66920,-10.51450,1.93280,2.91740,3.68540,0.5095,0.4933
2009-05-31,109.37500,29.26900,80.10600,,34.05200,43.45200,36.65400,-4.68200,31.97200,12.35400,19.61800,19.61800,,19.04900,46.30800,36.65400,100.35900,100.37100,0.19000,0.19000,1.46780,0.51300,1.14780,73.23980,33.51220,33.51220,29.23150,17.41620,0.10280,1.14680,78.47920,5.76260,-8.38110,1.84400,2.80620,3.39970,0.4649,0.4303
2009-02-28,105.91500,28.93500,76.98000,,34.71600,44.19600,32.78400,-6.39900,26.38500,9.66100,16.72400,16.72400,,16.22800,42.66400,32.78400,100.28600,100.28600,0.16000,0.16000,1.41590,0.54100,1.26530,72.68090,30.95310,30.95310,24.91150,15.32170,0.10280,1.01980,88.25460,5.34010,-6.24210,1.62360,2.45090,3.12950,0.22410,0.16390
