Date,revenue,cost-goods-sold,gross-profit,selling-general-administrative-expenses,other-operating-income-expenses,operating-expenses,operating-income,total-non-operating-income-expense,pre-tax-income,total-provision-income-taxes,income-after-taxes,income-from-continuous-operations,net-income,ebitda,ebit,basic-shares-outstanding,shares-outstanding,eps-basic-net-earnings-per-share,eps-earnings-per-share-diluted,current-ratio,long-term-debt-capital,debt-equity-ratio,gross-margin,operating-margin,ebit-margin,pre-tax-profit-margin,net-profit-margin,asset-turnover,receiveable-turnover,days-sales-in-receivables,roe,return-on-tangible-equity,roa,roi,book-value-per-share,operating-cash-flow-per-share,free-cash-flow-per-share
2023-12-31,1660.40500,1237.53000,422.87540,176.11700,-0.80000,176.91700,245.95830,12.91100,258.86900,60.01800,198.85100,198.85100,198.85100,253.71620,245.95830,36.61900,37.06900,5.45000,5.39000,1.77290,0.17940,0.21860,25.46810,14.81310,14.81310,15.59070,11.97610,0.26140,6.21940,14.47090,4.31170,4.31170,3.13000,3.53820,126.61360,-2.8166,-3.0024
2023-09-30,1619.20900,1183.27700,435.93200,162.21300,-0.40900,162.62200,273.30990,12.42400,285.73400,63.97400,221.76000,221.76000,221.76000,279.68990,273.30990,36.60300,37.07800,6.06000,5.98000,1.81510,0.18530,0.22740,26.92250,16.87920,16.87920,17.64650,13.69560,0.26190,7.07540,12.72020,5.01600,5.01600,3.58730,4.08660,121.29060,2.8397,2.5687
2023-06-30,1573.61000,1190.24300,383.36690,147.93800,-8.76700,156.70500,226.66200,12.86200,239.52400,52.68800,186.83600,186.83600,186.83600,232.65000,226.66200,36.76500,37.19100,5.08000,5.02000,2.18170,0.21380,0.27200,24.36230,14.40400,14.40400,15.22130,11.87310,0.25940,7.49100,12.01450,4.39790,4.39790,3.08020,3.45760,115.55270,6.216,5.8901
2023-03-31,1285.03900,995.40700,289.63200,130.36500,-2.80800,133.17300,156.45900,8.84400,165.30300,34.00200,131.30100,131.30100,131.30100,161.66700,156.45900,36.66400,37.12100,3.58000,3.54000,1.88670,0.22050,0.28290,22.53880,12.17540,12.17540,12.86370,10.21770,0.21890,6.13930,14.65980,3.22830,3.22830,2.23640,2.51630,110.62720,3.35310,3.11690
2022-12-31,1998.74800,1491.67100,507.07710,167.07300,-1.31800,168.39100,338.68630,3.56300,342.24900,79.88400,262.36500,262.36500,262.36500,345.88930,338.68620,36.69400,37.10100,7.17000,7.08000,1.71660,0.22560,0.29130,25.36970,16.94490,16.94490,17.12320,13.12650,0.34630,9.29570,9.68190,6.64280,6.64280,4.54540,5.14420,107.99840,15.5195,15.3255
2022-09-30,1584.32900,1126.97100,457.35790,126.32700,-1.46600,127.79300,329.56490,-0.07400,329.49100,67.00200,262.48900,262.48900,262.48900,335.38690,329.56490,36.56900,36.94600,7.18000,7.10000,0.79230,0.23890,0.31390,28.86760,20.80160,20.80160,20.79690,16.56780,0.28440,8.19590,10.98110,7.12930,7.12930,4.71160,5.42600,100.67570,0.9996,0.8206
2022-06-30,1417.52000,966.99200,450.52800,117.31500,-1.06000,118.37500,332.15300,-0.45800,331.69500,81.61100,250.08400,250.08400,250.08400,338.11690,332.15300,36.64700,36.96200,6.82000,6.77000,0.74240,0.25350,0.33950,31.78280,23.43200,23.43200,23.39970,17.64240,0.26710,8.26990,10.88290,7.32850,7.32850,4.71170,5.47100,93.32100,-5.9205,-6.0951
2022-03-31,1291.60600,898.49200,393.11400,105.53500,-1.33800,106.87300,286.24100,-0.35800,285.88300,68.62900,217.25400,217.25400,217.25400,292.00000,286.24100,36.99600,37.52700,5.87000,5.79000,1.07230,0.26890,0.36780,30.43610,22.16160,22.16160,22.13390,16.82050,0.25540,8.31260,10.82700,6.85710,6.85710,4.29510,5.01320,86.34190,0.32480,0.15840
2021-12-31,1504.40800,1066.14200,438.26590,127.97000,-0.14800,128.11800,310.14830,1.34900,311.49700,74.03700,237.45990,237.45990,237.45990,316.50130,310.14810,37.61000,38.23300,6.35000,6.24000,1.43740,0.27590,0.38100,29.13210,20.61600,20.61600,20.70560,15.78430,0.31290,10.19610,8.82690,7.79990,7.79990,4.93930,5.64790,81.52940,2.5277,2.3287
2021-09-30,1265.11300,887.46500,377.64810,116.14400,-0.98400,117.12800,260.52010,1.18900,261.70900,60.95700,200.75200,200.75200,200.75200,266.99810,260.52010,37.64700,38.22900,5.33000,5.25000,1.36280,0.29130,0.41100,29.85090,20.59260,20.59260,20.68660,15.86830,0.27710,8.50540,10.58160,7.10560,7.10560,4.39720,5.03580,75.23020,-2.7672,-2.9469
2021-06-30,1283.26400,932.63000,350.63400,117.04500,-1.05000,118.09500,232.53890,-16.88800,215.65100,48.26200,167.38900,167.38900,167.38900,239.41790,232.53890,37.81800,38.37700,4.43000,4.36000,1.67290,0.30650,0.44190,27.32360,18.12090,18.12090,16.80490,13.04400,0.29690,9.78810,9.19480,6.36910,6.36910,3.87340,4.41700,69.81020,-3.3747,-3.5249
2021-03-31,1088.53200,816.57900,271.95290,105.69300,-0.99100,106.68410,165.26890,0.70800,165.97700,34.13400,131.84300,131.84300,131.84300,171.80390,165.26890,37.64400,38.33900,3.50000,3.44000,1.63290,0.29180,0.41210,24.98350,15.18270,15.18270,15.24780,12.11200,0.26950,10.58270,8.50450,5.32330,5.32330,3.26470,3.76990,65.43960,-0.36380,-0.49180
2020-12-31,1415.70500,1092.39100,323.31400,130.97500,-0.32200,131.29700,192.01710,3.34800,195.36500,42.83800,152.52700,152.52700,152.52700,200.57310,192.01700,37.71800,38.48400,4.05000,3.95000,1.82040,0.30290,0.43450,22.83770,13.56340,13.56340,13.79980,10.77390,0.36630,14.36200,6.26650,6.49640,6.49640,3.94700,4.52880,62.58980,4.0669,3.9382
2020-09-30,1143.03000,894.01400,249.01610,114.01900,-0.62400,114.64300,134.37300,1.13300,135.50600,26.38800,109.11800,109.11800,109.11800,142.31810,134.37300,37.60700,38.40500,2.90000,2.84000,1.64570,0.31670,0.46360,21.78560,11.75590,11.75590,11.85500,9.54640,0.31000,11.82010,7.61410,4.96020,4.96020,2.95930,3.38910,58.48800,3.4935,3.3868
2020-06-30,1037.55700,813.83100,223.72600,106.58400,-0.68900,107.27300,116.45300,-0.59100,115.86200,25.18400,90.67800,90.67800,90.67800,123.99300,116.45300,37.59900,38.16900,2.41000,2.38000,1.42450,0.32800,0.48810,21.56280,11.22380,11.22380,11.16680,8.73960,0.29300,11.05290,8.14270,4.34990,4.34990,2.56030,2.92320,55.43560,5.0896,4.9603
2020-03-31,904.92500,722.27000,182.65500,95.34300,-1.07400,96.41700,86.23800,0.59500,86.83300,15.68100,71.15200,71.15200,71.15200,93.24900,86.23800,38.08500,38.81700,1.87000,1.83000,2.30250,0.43270,0.76260,20.18460,9.52980,9.52980,9.59560,7.86280,0.23120,11.01280,8.17230,3.57410,3.57410,1.81770,2.02770,52.95010,1.13130,0.99640
2019-12-31,1141.60400,917.52780,224.07620,111.15500,-0.49200,111.64720,112.42910,-1.89400,110.53500,6.92100,103.61400,103.61400,103.61400,120.79910,112.42900,38.10000,38.89100,2.74000,2.67000,1.13220,0.34050,0.51620,19.62820,9.84830,9.84830,9.68240,9.07620,0.33590,12.90070,6.97640,5.24900,5.24900,3.04900,3.46190,51.67650,4.6351,4.4833
2019-09-30,945.19700,754.78900,190.40800,100.64100,1.26500,99.37600,91.03200,1.33400,92.36600,22.55700,69.80900,69.80900,69.80900,98.20400,91.03200,38.29600,39.07900,1.82000,1.79000,1.29850,0.41150,0.69910,20.14480,9.63100,9.63100,9.77210,7.38570,0.26000,10.99550,8.18520,3.72600,3.72600,1.92040,2.19290,48.91950,1.3679,1.2115
2019-06-30,868.77000,707.23400,161.53600,94.90400,1.87100,93.03300,68.50300,-0.82900,67.67400,16.84600,50.82800,50.82800,50.82800,75.05200,68.50300,38.26600,38.88900,1.33000,1.31000,1.48480,0.42110,0.72740,18.59360,7.88510,7.88510,7.78960,5.85060,0.25060,10.58740,8.50070,2.82680,2.82680,1.46610,1.63640,46.98830,2.0845,1.9104
2019-03-31,711.37300,591.31700,120.05600,86.12100,1.47400,84.64700,35.40900,-3.03900,32.37000,6.95800,25.41200,25.41200,25.41200,41.24100,35.40900,38.21500,38.84900,0.66000,0.65000,1.31680,0.42890,0.75110,16.87670,4.97760,4.97760,4.55040,3.57220,0.20950,8.89330,10.12000,1.45790,1.45790,0.74830,0.83250,45.55380,0.83020,0.69730
2018-12-31,1013.19100,820.09090,193.10010,105.51400,6.09600,99.41780,93.68230,-1.90600,91.77600,16.29100,75.48500,75.48500,75.48500,101.19020,93.68230,40.10700,40.72800,1.93000,1.87000,1.31520,0.43220,0.76130,19.05860,9.24630,9.24630,9.05810,7.45020,0.30110,13.10980,6.86510,4.38670,4.38670,2.24290,2.49060,45.19620,4.635,4.3958
2018-09-30,888.41300,726.06400,162.34900,96.18800,2.48900,93.69900,68.65000,2.75900,71.40900,17.27400,54.13500,54.13500,54.13500,75.50000,68.65000,40.28300,40.85500,1.34000,1.33000,0.85650,0.43370,0.76600,18.27400,7.72730,7.72730,8.03780,6.09350,0.25760,11.16480,8.06110,3.16120,3.16120,1.56990,1.79010,42.84850,2.0568,1.8578
2018-06-30,881.36500,718.66700,162.69800,95.02800,1.78100,93.24700,69.45100,1.73400,71.18500,17.34700,53.83800,53.83800,53.83800,76.19300,69.45100,40.64700,41.16400,1.32000,1.31000,0.81130,0.43790,0.77910,18.45980,7.87990,7.87990,8.07670,6.10850,0.25960,11.24260,8.00530,3.19900,3.19900,1.58590,1.79810,41.40180,0.1672,-0.0582
2018-03-31,745.61200,619.44400,126.16800,83.64500,-1.48400,85.12910,41.03890,7.84500,48.88400,5.01000,43.87400,43.87400,43.87400,46.90490,41.03890,40.48800,41.14000,1.08000,1.07000,0.84240,0.44650,0.80680,16.92140,5.50410,5.50410,6.55620,5.88430,0.22410,10.02440,8.97810,2.69940,2.69940,1.31870,1.49400,40.00130,-0.42120,-0.57560
2017-12-31,950.48610,775.20000,175.28610,95.97300,2.63300,93.34000,81.94610,2.14400,84.09000,48.53700,35.55300,35.55300,35.55300,86.57910,81.94610,40.28700,42.22800,0.88000,0.85000,0.87170,0.44880,0.81420,18.44170,8.62150,8.62150,8.84710,3.74050,0.29230,11.98340,7.51040,2.25470,2.25470,1.09350,1.24280,39.09710,2.0885,1.949
2017-09-30,809.14600,660.99600,148.15000,87.48100,1.96500,85.51600,62.63400,0.82100,63.45500,20.90500,42.55000,42.55000,42.55000,66.83300,62.63400,40.32300,42.01100,1.06000,1.02000,0.70140,0.45870,0.84740,18.30940,7.74080,7.74080,7.84220,5.25860,0.24880,10.25110,8.77960,2.76460,2.76460,1.30840,1.49650,38.16660,-1.0957,-1.1838
2017-06-30,805.62700,661.06800,144.55900,84.29200,1.90800,82.38400,62.17510,1.03000,63.20500,21.62500,41.58000,41.58000,41.58000,66.37710,62.17510,40.31700,42.78100,1.03000,0.98000,1.06530,0.47630,0.90960,17.94370,7.71760,7.71760,7.84540,5.16120,0.25170,11.01950,8.16730,2.78600,2.78600,1.29910,1.45900,37.01490,-1.0761,-1.1941
2017-03-31,675.71600,563.00900,112.70700,77.94200,1.34600,76.59600,36.11100,0.65800,36.76900,13.19700,23.57200,23.57200,23.57200,39.78100,36.11100,40.17800,42.80800,0.59000,0.56000,0.76290,0.44710,0.80880,16.67960,5.34410,5.34410,5.44150,3.48840,0.22850,7.83600,11.48540,1.62750,1.62750,0.79730,0.89980,35.92710,-1.98010,-2.05460
2016-12-31,884.09970,723.27000,160.82970,92.08700,2.74500,89.34180,71.48790,4.84900,76.33700,24.53000,51.80700,51.80700,51.80700,75.99590,71.48800,39.97600,42.58500,1.29000,1.22000,0.84620,0.44230,0.79300,18.19140,8.08600,8.08600,8.63440,5.85990,0.30610,12.56630,7.16200,3.64450,3.64450,1.79340,2.03260,35.50990,1.0535,0.9512
2016-09-30,755.99600,620.98300,135.01300,85.73600,2.81700,82.91900,52.09400,1.70800,53.80200,16.91500,36.88700,36.88700,36.88700,55.96400,52.09400,40.02200,42.60800,0.92000,0.88000,0.75240,0.45460,0.83360,17.85900,6.89080,6.89080,7.11670,4.87930,0.26310,9.89900,9.09180,2.69760,2.69760,1.28390,1.47120,34.16380,-0.8808,-0.9892
2016-06-30,801.37200,659.79200,141.58000,85.27700,2.28700,82.99000,58.59000,0.44600,59.03600,19.15800,39.87800,39.87800,39.87800,62.78800,58.59000,40.01200,42.53300,1.00000,0.95000,0.90050,0.45640,0.83960,17.66720,7.31120,7.31120,7.36690,4.97620,0.29020,11.64160,7.73090,3.00560,3.00560,1.44430,1.63380,33.15520,-0.6695,-0.7532
2016-03-31,600.26600,493.97000,106.29600,75.79500,1.54600,74.24900,32.04700,-3.16200,28.88500,7.91600,20.96900,20.96900,20.96900,35.44900,32.04700,39.83900,42.36300,0.53000,0.50000,1.04450,0.46570,0.87160,17.70820,5.33880,5.33880,4.81200,3.49330,0.22110,9.92320,9.06960,1.63270,1.63270,0.77250,0.87240,32.11980,-1.93130,-2.02350
2015-12-31,784.71390,629.53800,155.17600,80.31700,2.65300,77.66410,77.51180,-1.42700,76.08500,23.18800,52.89700,52.89700,52.89700,81.45880,77.51190,39.59300,42.16400,1.34000,1.26000,1.34080,0.47010,0.88730,19.77490,9.87770,9.87770,9.69590,6.74090,0.29280,13.69580,6.57140,4.20170,4.20170,1.97390,2.22630,31.73600,1.1829,1.0934
2015-09-30,672.95600,543.71200,129.24400,76.87100,2.60100,74.27000,54.97400,-8.30600,46.66800,16.36000,30.30800,30.30800,30.30800,58.53900,54.97400,39.66300,42.19200,0.76000,0.73000,1.22610,0.48790,0.95280,19.20540,8.16900,8.16900,6.93480,4.50370,0.25260,11.28800,7.97310,2.52010,2.52010,1.13770,1.29050,30.31990,0.5638,0.458
2015-06-30,600.54200,483.05200,117.49000,72.81700,1.39500,71.42200,46.06800,-4.65400,41.41400,12.28100,29.13300,29.13300,29.13300,49.58600,46.06800,39.64800,42.14500,0.73000,0.70000,1.33740,0.49360,0.97480,19.56400,7.67110,7.67110,6.89610,4.85110,0.23220,9.28780,9.69010,2.49350,2.49350,1.12630,1.26270,29.45810,-0.9154,-0.9913
2015-03-31,521.24700,423.07100,98.17600,71.26200,1.24500,70.01700,28.15900,-2.86200,25.29700,8.89700,16.40000,16.40000,16.40000,31.37000,28.15900,39.39000,41.94800,0.42000,0.40000,0.91430,0.45970,0.85070,18.83480,5.40220,5.40220,4.85320,3.14630,0.22030,8.47350,10.62140,1.44460,1.44460,0.69300,0.78060,28.65660,-0.91040,-1.01880
2014-12-31,701.93980,558.63710,143.30270,78.63000,2.22000,76.40990,66.89280,-0.50000,66.39300,17.18500,49.20800,49.20800,49.20800,70.35280,66.89300,39.01700,41.61400,1.26000,1.20000,0.95490,0.45740,0.84290,20.41530,9.52970,9.52970,9.45850,7.01030,0.30310,12.36620,7.27790,4.43520,4.43520,2.12460,2.40660,28.34160,0.4361,0.3317
2014-09-30,559.52500,446.01500,113.51000,69.42900,1.54500,67.88400,45.62600,1.40400,47.03000,14.45300,32.57700,32.57700,32.57700,48.59800,45.62600,39.12300,41.65600,0.83000,0.79000,0.71800,0.46120,0.85610,20.28690,8.15440,8.15440,8.40530,5.82230,0.24620,9.95990,9.03630,3.08290,3.08290,1.43330,1.66100,27.00820,-1.411,-1.5181
2014-06-30,508.05500,395.60100,112.45400,60.67600,1.16600,59.51000,52.94400,2.29200,55.23600,20.15700,35.07900,35.07900,35.07900,55.61300,52.94400,39.11800,41.59800,0.90000,0.85000,1.29210,0.47000,0.88680,22.13420,10.42090,10.42090,10.87210,6.90460,0.23170,10.02180,8.98040,3.43800,3.58740,1.59980,1.82220,26.08040,-0.9662,-1.0808
2014-03-31,410.24400,316.77300,93.47100,52.60500,1.12600,51.47900,41.99200,-2.23400,39.75800,14.38100,25.37700,25.37700,25.37700,44.50500,41.99200,38.68700,41.30800,0.66000,0.62000,1.52930,0.47940,0.92090,22.78430,10.23590,10.23590,9.69130,6.18580,0.19270,7.57400,11.88280,2.58270,2.68620,1.19180,1.34450,25.12130,-3.13530,-3.30240
2013-12-31,538.27100,412.54500,125.72600,61.11300,2.36200,58.75090,66.97510,-1.09600,65.87900,19.79000,46.08900,46.08900,46.08900,69.74010,66.97520,36.10500,38.80100,1.28000,1.20000,1.51570,0.52260,1.09470,23.35740,12.44260,12.44270,12.23900,8.56240,0.26870,13.80780,6.51800,5.47770,5.47770,2.30060,2.61510,23.21470,-0.9913,-1.1476
2013-09-30,493.76400,378.89800,114.86600,57.87900,2.61000,55.26900,59.59700,-2.81100,56.78600,18.59500,38.19100,38.19100,38.19100,62.10800,59.59700,36.22600,38.86500,1.05000,0.99000,1.15090,0.50190,1.00760,23.26330,12.06990,12.06990,11.50060,7.73470,0.26350,13.82670,6.50920,4.82010,4.82010,2.03780,2.40090,21.86870,-0.5133,-0.6139
2013-06-30,451.38400,354.89800,96.48600,53.63100,2.73100,50.90000,45.58600,-7.05400,38.53200,10.38900,28.14300,28.14300,28.14300,48.08600,45.58600,36.15100,38.75800,0.78000,0.74000,1.57040,0.51530,1.06330,21.37560,10.09920,10.09920,8.53640,6.23480,0.25540,14.92380,6.03070,3.74900,3.74900,1.59230,1.81700,20.72790,-0.5006,-0.5787
2013-03-31,337.27700,271.90000,65.37700,45.60300,2.21400,43.38900,21.98800,-5.51300,16.47500,4.43400,12.04100,12.04100,12.04100,24.14600,21.98800,35.79800,38.44000,0.34000,0.32000,2.40410,0.55320,1.23830,19.38380,6.51930,6.51930,4.88470,3.57010,0.19040,14.12090,6.37350,1.69200,1.69200,0.67990,0.75590,19.76220,-0.00310,-0.07340
2012-12-31,365.11200,295.61300,69.49910,44.62200,2.98600,41.63600,27.86310,-4.26300,23.60000,-71.52800,95.12800,95.12800,95.12800,30.14610,27.86310,34.05700,35.17200,2.81000,2.72000,1.53910,0.51010,1.04120,19.03500,7.63140,7.63140,6.46380,26.05450,0.23170,17.99470,5.00150,13.70310,14.24670,6.03770,6.71330,19.49320,-2.583,-2.678
2012-09-30,342.89600,280.21900,62.67700,45.06400,2.73200,42.33200,20.34500,-13.35900,6.98600,0.20200,6.78400,6.78400,6.78400,22.64400,20.34500,35.21600,35.76100,0.19000,0.19000,2.31440,0.54800,1.21240,18.27870,5.93330,5.93330,2.03740,1.97840,0.23150,20.55610,4.37830,1.13810,1.13810,0.45800,0.51440,16.74820,-0.5292,-0.6074
2012-06-30,282.09500,230.52900,51.56600,39.63400,2.17700,37.45700,14.10900,-11.26700,2.84200,-5.16300,8.00500,8.00500,8.00500,16.03000,14.10900,32.75500,33.10400,0.24000,0.24000,0.98980,0.54550,1.20010,18.27970,5.00150,5.00150,1.00750,2.83770,0.22680,17.87900,5.03380,1.61180,1.61640,0.64360,0.73260,15.15960,-1.4725,-1.5331
2012-03-31,204.35000,169.11400,35.23600,33.69800,1.58100,32.11700,3.11900,-7.69300,-4.57400,0.18000,-4.75400,-4.75400,-4.75400,4.81200,3.11900,32.63400,32.63400,-0.15000,-0.15000,1.20030,0.55470,1.24590,17.24300,1.52630,1.52630,-2.23830,-2.32640,0.16780,13.72950,6.55520,-0.97640,-0.97960,-0.39040,-0.43480,14.86700,-1.69650,-1.75730
2011-12-31,245.99000,212.80090,33.18910,38.63800,,32.07500,1.11410,-12.71800,-11.60400,0.17000,-11.77400,-11.77400,-11.77400,3.02510,1.11410,32.38200,32.38200,-0.36000,-0.36000,1.85590,0.55360,1.24030,13.49200,0.45290,0.45290,-4.71730,-4.78640,0.20140,16.47400,5.46310,-2.40820,-2.40820,-0.96400,-1.07490,15.04990,-0.7096,-0.762
2011-09-30,217.53400,179.59100,37.94300,36.17400,,36.17400,1.76900,-4.84400,-3.07500,0.16000,-3.23500,-3.23500,-3.23500,3.46300,1.76900,32.41700,32.41700,-0.10000,-0.10000,1.69970,0.54920,1.21810,17.44230,0.81320,0.81320,-1.41360,-1.48710,0.17630,11.08910,8.11610,-0.65000,-0.65200,-0.26230,-0.29300,15.34960,-0.5768,-0.622
2011-06-30,220.13100,180.54400,39.58700,33.84300,,33.84300,5.74400,-4.99700,0.74700,0.18500,0.56200,0.56200,0.56200,7.56100,5.74400,32.39500,32.63800,0.02000,0.02000,1.85150,0.54860,1.21510,17.98340,2.60940,2.60940,0.33930,0.25530,0.17960,13.68970,6.57430,0.11270,0.11310,0.04580,0.05090,15.39020,-0.2416,-0.3184
2011-03-31,177.58900,147.20000,30.38900,30.44100,,30.44100,-0.05200,-6.39200,-6.44400,0.21500,-6.65900,-6.65900,-6.65900,1.70400,-0.05200,32.26000,32.26000,-0.21000,-0.21000,1.37780,0.54960,1.22030,17.11200,-0.02930,-0.02930,-3.62860,-3.74970,0.14570,9.09970,9.89050,-1.34100,-1.34600,-0.54630,-0.60400,15.33180,-0.76140,-0.80570
2010-12-31,214.64400,180.66100,33.98300,31.03000,,31.03000,2.95300,-8.37200,-5.41900,-4.52400,-0.89500,-0.89500,-0.89500,4.78800,2.95300,32.06000,32.32200,-0.03000,-0.03000,1.33620,0.54780,1.21160,15.83230,1.37580,1.37580,-2.52460,-0.41700,0.17520,10.30210,8.73610,-0.17900,-0.17980,-0.07310,-0.08090,15.55730,-0.1745,-0.2144
2010-09-30,233.80300,191.24200,42.56100,35.30200,,35.30200,7.25900,-6.52800,0.73100,-0.48800,1.21900,1.21900,1.21900,9.37000,7.25900,32.09500,32.29700,0.04000,0.04000,1.49880,0.54810,1.21290,18.20380,3.10480,3.10480,0.31270,0.52140,0.18850,11.25030,7.99980,0.24410,0.24540,0.09830,0.11030,15.54880,-0.641,-0.6762
2010-06-30,291.40500,238.50900,52.89600,38.33500,,38.33500,14.56100,-10.17000,4.39100,0.22500,4.16600,4.16600,4.16600,16.64200,14.56100,32.07700,32.28700,0.13000,0.13000,1.58190,0.54960,1.22010,18.15210,4.99680,4.99680,1.50680,1.42960,0.23210,7.81620,11.51450,0.83950,0.84480,0.33180,0.37810,15.46840,0.458,0.3989
2010-03-31,201.80400,163.54800,38.25600,31.91500,,31.91500,6.34100,-3.56000,2.78100,0.12100,2.66000,2.66000,2.66000,8.28800,6.34100,31.94000,32.19700,0.08000,0.08000,2.16960,0.55220,1.23310,18.95700,3.14220,3.14220,1.37810,1.31810,0.16270,8.59250,10.47420,0.54210,0.54590,0.21440,0.24280,15.30210,1.36460,1.30490
2009-12-31,285.82000,282.76800,3.05200,40.60600,,40.60600,-37.55400,-9.44300,-46.99700,-90.28300,43.28600,43.28600,43.28600,-35.25800,-37.55400,31.35000,31.35000,1.41000,1.41000,2.80130,0.55480,1.24630,1.06780,-13.13900,-13.13900,-16.44290,15.14450,0.23000,2.47590,36.35110,8.91710,8.98360,3.48330,3.96960,15.25530,0.908,0.8608
2009-09-30,231.81600,208.91400,22.90200,32.65100,,32.65100,-9.74900,-7.89000,-17.63900,0.14600,-17.78500,-17.78500,-17.78500,-7.74600,-9.74900,31.71800,31.71800,-0.56000,-0.56000,3.27900,0.57860,1.37320,9.87940,-4.20550,-4.20550,-7.60910,-7.67200,0.19590,7.94220,11.33190,-4.03690,-4.07340,-1.50260,-1.70110,13.86230,-0.7763,-0.7925
2009-06-30,221.53900,260.76400,-39.22500,31.87300,,31.87300,-71.09800,-0.79600,-71.89400,1.70800,-73.60200,-73.60200,-73.60200,-68.97900,-71.09800,31.05500,31.05500,-2.37000,-2.37000,3.30820,0.57100,1.33100,-17.70570,-32.09280,-32.09280,-32.45210,-33.22300,0.18450,7.90930,11.37900,-16.19420,-16.35070,-6.13020,-6.94740,14.35190,1.2405,1.2074
2009-03-31,231.13800,213.81600,17.32200,33.01400,,33.01400,-15.69200,-2.57700,-18.26900,0.08600,-18.35500,-18.35500,-18.35500,-13.26700,-15.69200,30.80800,30.80800,-0.60000,-0.60000,3.62130,0.54790,1.21200,7.49420,-6.78900,-6.78900,-7.90390,-7.94110,0.18270,7.48600,12.02240,-3.57420,-3.60760,-1.45050,-1.61580,16.57860,4.49940,4.48560
