Date,revenue,cost-goods-sold,gross-profit,research-development-expenses,selling-general-administrative-expenses,operating-expenses,operating-income,total-non-operating-income-expense,pre-tax-income,total-provision-income-taxes,income-after-taxes,income-from-continuous-operations,net-income,ebitda,ebit,basic-shares-outstanding,shares-outstanding,eps-basic-net-earnings-per-share,eps-earnings-per-share-diluted,current-ratio,debt-equity-ratio,gross-margin,operating-margin,ebit-margin,pre-tax-profit-margin,net-profit-margin,asset-turnover,inventory-turnover,receiveable-turnover,days-sales-in-receivables,roe,return-on-tangible-equity,roa,roi,book-value-per-share,operating-cash-flow-per-share,free-cash-flow-per-share
2023-09-30,40.64200,20.74500,19.89700,15.57700,53.71900,69.29600,-49.39900,4.75500,-44.64400,0.11000,-44.75400,-44.75400,-44.75400,-47.56300,-49.39900,303.43200,303.43200,-0.15000,-0.15000,9.68090,,48.95680,-121.54670,-121.54670,-109.84700,-110.11760,0.06900,1.68080,2.36220,38.09980,-8.28690,-9.71010,-7.59560,-8.28690,1.76740,-0.049,-0.0563
2023-06-30,39.56700,23.60400,15.96300,18.86100,56.00800,74.86900,-58.90600,2.53300,-56.37300,0.16300,-56.53600,-56.53600,-56.53600,-55.83300,-58.90600,298.09600,298.09600,-0.19000,-0.19000,9.70590,,40.34420,-148.87660,-148.87660,-142.47480,-142.88670,0.06540,1.93510,2.12170,42.41940,-10.25130,-11.98040,-9.34900,-10.25130,1.83480,-0.0406,-0.0494
2023-03-31,37.99400,21.58200,16.41200,18.27300,54.93300,73.20600,-56.79400,2.87600,-53.91800,-0.07600,-53.84200,-53.84200,-53.84200,-53.08400,-56.79400,293.07400,293.07400,-0.18000,-0.18000,10.81040,,43.19630,-149.48150,-149.48150,-141.91190,-141.71180,0.06130,1.96160,1.74150,51.68000,-9.44460,-10.98730,-8.69070,-9.44460,1.92790,-0.06960,-0.07870
2022-12-31,41.14100,29.30800,11.83300,18.42100,55.77900,74.20000,-62.36700,2.38400,-59.98300,0.36700,-60.35000,-60.35000,-60.35000,-57.90000,-62.36700,283.58500,283.58500,-0.22000,-0.19000,10.57480,,28.76210,-151.59330,-151.59330,-145.79860,-146.69060,0.06420,2.64970,1.97380,45.59830,-10.33550,-11.98780,-9.42390,-10.33550,2.00970,-0.0712,-0.0823
2022-09-30,37.99300,21.60200,16.39100,19.08400,56.29300,75.37700,-58.98600,0.71000,-58.27600,-0.01700,-58.25900,-58.25900,-58.25900,-54.62400,-58.98600,286.45800,286.45800,-0.20000,-0.20000,11.51990,,43.14220,-155.25490,-155.25490,-153.38620,-153.34140,0.05750,1.85000,1.94690,46.22830,-9.61640,-11.09900,-8.82160,-9.61640,2.10790,-0.1413,-0.1526
2022-06-30,28.48100,16.76800,11.71300,21.51800,59.38500,80.90300,-69.19000,4.84500,-64.34500,0.28900,-64.63400,-64.63400,-64.63400,-65.21500,-69.19000,283.40500,283.40500,-0.23000,-0.23000,10.20800,,41.12570,-242.93390,-242.93390,-225.92250,-226.93730,0.04130,2.58970,1.96140,45.88640,-10.23980,-11.29470,-9.37360,-10.23980,2.22540,-0.1241,-0.1392
2022-03-31,28.51000,16.60100,11.90900,26.00200,70.84900,96.85100,-84.94200,157.45000,72.50800,0.60400,71.90400,71.90400,71.90400,-81.52500,-84.94200,275.19900,312.43200,0.26000,0.23000,8.88150,,41.77130,-297.93750,-297.93750,254.32480,252.20620,0.03950,3.21350,1.88960,47.62960,10.90050,11.97570,9.96040,10.90050,2.34520,-0.08150,-0.09450
2021-12-31,27.08700,15.83900,11.24800,27.78000,78.74800,106.52800,-95.28000,-66.00000,-161.28000,-0.29000,-160.99000,-160.99000,-160.99000,-92.62000,-95.28000,131.27800,131.27800,-1.50000,-1.50000,13.13360,,41.52550,-351.75540,-351.75540,-595.41470,-594.34410,0.03770,2.83190,2.48980,36.14690,-60.03440,-60.03440,-22.38530,-60.03440,1.07190,-0.1883,-0.2199
2021-09-30,27.65500,13.47400,14.18100,14.48400,44.05300,58.53700,-44.35600,-123.59900,-167.95500,0.03400,-167.98900,-167.98900,-167.98900,-42.43000,-44.35600,196.47800,196.47800,-0.86000,-0.86000,14.20370,,51.27820,-160.39050,-160.39050,-607.32240,-607.44530,0.04230,3.37780,2.88920,31.15100,-81.65670,-81.65670,-25.70850,-81.65670,0.84870,-0.0437,0.0136
2021-06-30,29.50300,11.68900,17.81400,7.09000,16.50100,23.59100,-5.77700,-0.41200,-6.18900,0.02000,-6.20900,-6.20900,-6.20900,-4.38600,-5.77700,41.34800,41.34800,-0.15000,-0.15000,0.01480,-0.01310,60.38030,-19.58110,-19.58110,-20.97750,-21.04530,0.08520,,,,7.41260,7.41260,-1.79390,7.41260,-9.71160,-0.0902,-0.1389
2021-03-31,26.92900,10.20100,16.72800,6.02500,13.05800,19.08300,-2.35500,-0.49800,-2.85300,0.01900,-2.87200,-2.87200,-2.87200,-1.00300,-2.35500,39.63200,39.63200,-0.07000,-0.07000,0.02100,-0.01010,62.11890,-8.74520,-8.74520,-10.59450,-10.66510,0.07780,,,,4.85280,4.85280,-0.83000,4.85280,-6.86170,0.02660,-0.01140
2020-12-31,,,,,,,,,,,,,,,,,,,0.00000,,,,,,,,,,,,,,,,,0.2193,0.3313
2020-09-30,25.07400,10.00800,15.06600,3.86100,9.94200,13.80300,1.26300,-0.34000,0.92300,0.01700,0.90600,0.90600,,1.26300,1.26300,32.55200,32.55200,,0.00000,,,60.08620,5.03710,5.03710,3.68110,,,,,,,,,,,-0.2193,-0.3313
