Date,revenue,cost-goods-sold,gross-profit,selling-general-administrative-expenses,operating-expenses,operating-income,total-non-operating-income-expense,pre-tax-income,total-provision-income-taxes,income-after-taxes,income-from-continuous-operations,income-from-discontinued-operations,net-income,basic-shares-outstanding,shares-outstanding,eps-basic-net-earnings-per-share,eps-earnings-per-share-diluted,long-term-debt-capital,debt-equity-ratio,pre-tax-profit-margin,net-profit-margin,asset-turnover,roe,return-on-tangible-equity,roa,roi,book-value-per-share,operating-cash-flow-per-share,free-cash-flow-per-share
2023-12-31,,,,,,,,,,,,,,,,,0.00000,,,,,,,,,,,,
2023-06-30,19596.43000,7934.70600,11661.73000,6364.95800,6364.95400,5296.77000,-164.42520,5132.34500,930.75000,4201.59500,4201.59500,,4076.24000,12023.93000,12023.93000,0.33900,0.33790,0.73050,6.21880,44.01020,34.95400,0.00410,3.00110,3.24210,0.14860,0.80880,11.64330,0.00000,
2022-06-30,16048.84000,1684.96800,14363.87000,12339.05000,12339.05200,2024.82300,-168.76860,1856.03100,824.81630,1031.21500,1031.21500,,875.37450,12586.90000,12586.90000,0.06950,0.06880,0.75360,6.82410,12.92150,6.09430,0.00480,0.75950,0.82540,0.03460,0.18720,10.85360,0.00000,
2021-06-30,13940.30000,446.76450,13493.53000,8338.35700,8338.35750,5155.17700,-869.47770,4520.60700,853.38890,3667.21800,3667.21800,,3486.04600,12839.24000,12839.24000,0.27150,0.27070,0.74860,5.93250,33.50200,25.83490,0.00410,2.20170,2.39310,0.11130,0.55350,12.97810,0.00000,
2020-06-30,15269.41000,2752.74400,12516.67000,9933.55300,9933.55600,2583.11300,-129.43740,2453.67500,584.79330,1868.88200,1868.88200,,1706.47600,12840.90000,12840.90000,0.13290,0.13250,0.73700,6.26280,19.60330,13.63360,0.00390,1.18920,1.29690,0.05880,0.31280,12.23830,0.00000,
2019-06-30,15884.18000,4846.43300,11037.74000,6910.89500,6910.89700,4126.84900,69.01440,4195.85500,413.99540,3781.86000,3781.86000,,3558.71000,12922.47000,12922.47000,0.27540,0.27490,0.67370,5.16840,38.01370,32.24130,0.00390,2.35260,2.57450,0.13290,0.76760,12.43980,0.00000,
2018-06-30,14588.73000,3599.27000,10989.46000,7127.16700,7127.17000,3862.28900,-129.59120,3732.69800,601.42240,3131.27500,3131.27500,,2898.00000,13132.25000,13132.25000,0.22070,0.21990,0.68630,5.03630,33.96620,26.37070,0.00400,1.99560,2.15010,0.11380,0.62590,11.99750,0.00000,
2017-06-30,13084.07000,2403.89100,10680.18000,7102.90800,7102.90800,3577.27500,-188.91900,3388.36500,561.51000,2826.85500,2826.85500,,2601.22500,13389.29000,13389.29000,0.19400,0.19400,0.68260,5.40230,31.72570,24.35560,0.00390,1.87840,2.02860,0.10320,0.59610,11.32610,0.00000,
2016-06-30,12419.26000,1805.58600,10613.67000,7444.12900,7444.12900,3169.54200,-511.30470,2658.23800,565.30050,2092.93700,2092.93700,,1756.99300,13719.97000,13769.97000,0.12810,0.12760,0.63420,5.42100,25.04540,16.55410,0.00380,1.31620,1.41670,0.07550,0.48150,11.70900,0.00000,
2015-06-30,12368.59000,1314.77200,11053.82000,7076.53400,7076.53400,3977.28800,-303.00640,3674.28900,1112.87100,2561.41700,2561.41700,,2277.64000,13985.95000,14070.97000,0.16290,0.16190,0.59890,5.07040,33.24000,20.60500,0.00470,1.82890,1.97760,0.10960,0.73360,10.07050,0.00000,
2014-06-30,12299.76000,1396.20600,10903.56000,7033.10700,7033.10700,3870.45000,-333.08240,3537.37900,957.52860,2579.85000,2579.85000,,2356.81200,14163.19000,14238.66000,0.16640,0.16550,0.37450,5.01290,32.44240,21.61510,0.00430,1.78180,1.94010,0.10150,1.11450,10.22250,0.00000,
2013-06-30,12822.03000,1183.76000,11638.27000,7389.76600,7389.76600,4248.50400,-271.24560,3977.27900,964.13590,3013.14300,3013.14300,,2578.39900,14159.01000,14214.20000,0.18210,0.18140,0.34790,4.72830,34.17410,22.15450,0.00490,2.18040,2.36940,0.12740,1.42180,9.76110,0.00000,
2013-03-31,16035.17000,,16035.17000,,,16035.17000,,16035.17000,,16035.17000,3428.83800,445.18300,3874.02100,14149.00000,14149.00000,0.27000,0.27000,0.57610,3.82040,100.00000,24.15950,0.00570,2.09600,2.28010,0.12080,0.88840,,-0.2127,-0.2984
2012-12-31,13284.64000,,13284.64000,,,13284.64000,,13284.64000,0.00000,13284.64000,2978.54000,-2.27800,2976.26000,14150.41000,14150.41000,0.21000,0.21000,0.54570,5.32390,100.00000,22.40380,0.00480,1.97350,2.15420,0.10790,0.89660,,0,0
2012-09-30,14701.63000,,14701.63000,,,14701.63000,,14701.63000,,14701.63000,1415.73100,-49.63000,1366.10100,15178.90000,15178.90000,0.09000,0.09000,0.57850,2.97290,100.00000,9.29220,0.00530,0.93940,1.02670,0.05100,0.39590,,0,0
2012-06-30,15018.93000,1575.83000,13443.10000,9122.27000,9122.27000,4320.83000,,3970.55000,1288.91000,2681.64000,2635.15100,-295.31100,2339.84000,13763.76000,13763.76000,0.17000,0.17000,0.56820,5.68690,27.50190,16.20690,0.00520,1.78250,1.94940,0.09490,0.76980,,0.00000,
2012-03-31,14664.71000,,14664.71000,,,14664.71000,,14664.71000,,14664.71000,2166.60000,-75.96900,2090.63100,14933.08000,14933.08000,0.14000,0.14000,0.64700,4.91860,100.00000,14.25620,0.00540,2.02700,2.24250,0.07930,0.67990,,0.5042,0.4102
2011-12-31,14697.42000,,14697.42000,,,14697.42000,,14697.42000,,14697.42000,1865.63100,-293.00000,1572.63100,14150.24000,14150.24000,0.11000,0.11000,0.58590,5.36290,100.00000,10.70010,0.00540,1.29030,1.41960,0.06860,0.53440,,0,0
2011-09-30,15604.66000,,15604.66000,,,15604.66000,,15604.66000,,15604.66000,2278.72800,235.50500,2514.23300,14833.69000,14833.69000,0.17000,0.17000,0.47790,1.53150,100.00000,16.11210,0.00560,1.54650,1.70180,0.08120,0.80740,,0,0
2011-06-30,17620.00000,1566.06000,16053.94000,8969.04000,8969.04000,7084.90000,,7522.21000,983.44000,6538.77000,6006.99600,0.00000,6006.99600,14141.92000,14141.92000,0.42000,0.42000,0.56910,4.83580,43.25230,34.53990,0.00690,4.30980,4.74950,0.23680,1.85720,,0.00000,
2011-03-31,15563.18000,4711.23000,10851.95000,33805.71000,33805.71000,-22953.76000,,-23227.00000,1054.64000,-24281.64000,591.81320,33.74000,572.05900,14595.22000,14595.22000,0.03000,0.03000,0.45130,1.46780,-216.81900,5.34000,0.00430,0.45600,0.50610,0.02390,0.25020,,8.705,8.6547
2010-12-31,13749.47000,,13749.47000,,,13749.47000,,13749.47000,,13749.47000,2234.92000,158.39300,2393.31300,14161.62000,14161.62000,0.17000,0.17000,0.58140,2.75470,100.00000,17.40660,0.00570,1.65220,1.83060,0.09190,0.69170,,0,0
2010-09-30,13986.98000,,13986.98000,,,13986.98000,,13986.98000,,13986.98000,2286.69700,-68.22200,2218.47500,14830.76000,14830.76000,0.15000,0.15000,0.58780,3.24830,100.00000,15.86100,0.00560,2.08560,2.37450,0.09230,0.85970,,0,0
2010-06-30,11121.51000,1500.37000,9621.14000,6572.62000,6572.62000,3048.52000,,3165.39000,1051.31000,2114.08000,1937.10400,-123.91100,1813.19300,14145.24000,14193.51000,0.13000,0.13000,0.52040,2.30330,24.61870,14.10200,0.00570,1.57720,1.75150,0.08600,0.75650,,0.00000,
2010-03-31,13703.93000,,13703.93000,,,13703.93000,,13703.93000,,13703.93000,1859.14300,0.00000,1859.14300,14191.93000,14191.93000,0.13000,0.13000,0.58740,5.60900,100.00000,13.56650,0.00620,1.84860,2.10970,0.08430,0.76270,,11.1114,11.0434
2009-12-31,12536.24000,,12536.24000,,,12536.24000,,12536.24000,,12536.24000,825.14100,0.00000,825.14100,11958.57000,11958.57000,0.07000,0.07000,0.53590,1.58350,100.00000,6.58200,0.00570,0.68660,0.76700,0.03730,0.31860,,0,0
2009-09-30,14803.42000,,14803.42000,,,14803.42000,,14803.42000,,14803.42000,999.57200,-249.37900,750.19200,14262.21000,14262.21000,0.05000,0.05000,,,100.00000,5.06770,,,,,,,0,0
2009-06-30,13386.67000,2208.75000,11177.92000,10144.14000,10144.14000,1033.78000,,1434.43000,479.43000,955.00010,759.40000,0.00000,759.40000,11647.24000,11647.24000,0.07000,0.07000,0.63520,6.53220,11.19730,5.92800,0.00620,0.97360,1.15610,0.03700,0.35510,,0.00000,
2009-03-31,4469.33000,11506.46000,-7037.13000,19602.53000,23706.15000,-30743.28000,,-18343.70000,-2887.95000,-15455.75000,-2240.36000,0.00000,-2240.36000,10372.04000,10372.04000,-0.22000,-0.22000,0.68040,3.40020,-96.72720,-11.81350,0.00980,-3.86750,-4.80400,-0.11580,-1.14840,,-1.0996,-1.2137
