Date,revenue,cost-goods-sold,gross-profit,selling-general-administrative-expenses,other-operating-income-expenses,operating-expenses,operating-income,total-non-operating-income-expense,pre-tax-income,total-provision-income-taxes,income-after-taxes,income-from-continuous-operations,income-from-discontinued-operations,net-income,ebitda,ebit,basic-shares-outstanding,shares-outstanding,eps-basic-net-earnings-per-share,eps-earnings-per-share-diluted,current-ratio,long-term-debt-capital,debt-equity-ratio,gross-margin,operating-margin,ebit-margin,pre-tax-profit-margin,net-profit-margin,asset-turnover,inventory-turnover,receiveable-turnover,days-sales-in-receivables,roe,return-on-tangible-equity,roa,roi,book-value-per-share,operating-cash-flow-per-share,free-cash-flow-per-share
2024-03-31,4843.70000,4365.20000,478.50000,314.20000,-0.40000,373.30000,105.19970,-23.30000,81.90000,15.90000,66.00000,66.00000,,66.00000,163.79970,105.19970,20.81400,21.16200,3.17000,3.12000,0.86780,0.69520,2.30090,9.87880,2.17190,2.17190,1.69090,1.36260,1.12460,14.91360,12.72980,7.07000,8.44420,21.02580,1.53240,2.57340,37.72570,6.42660,2.87310
2023-12-31,5068.89900,4477.39900,591.50000,62.10000,-1015.80000,374.30000,217.20070,-20.90000,196.30000,46.30000,150.00000,150.00000,,150.00000,273.80070,217.20210,21.49300,21.84300,7.07000,6.98000,0.94700,0.68290,2.17120,11.66920,4.28500,4.28500,3.87260,2.95920,1.16790,13.12250,15.05470,5.97820,18.09630,41.53970,3.45610,5.73920,39.78020,12.446,7.3936
2023-09-30,5797.90000,5166.30000,631.60010,325.60000,-1.20000,384.30000,247.29980,-23.90000,223.40000,55.70000,167.70000,167.70000,,167.70000,304.79980,247.29980,21.40100,21.79000,7.83000,7.69000,1.01580,0.67910,2.13410,10.89360,4.26530,4.26530,3.85310,2.89240,1.34670,15.40340,16.84460,5.34300,19.86730,44.57740,3.89520,6.37520,39.67190,8.8939,5.1951
2023-06-30,5585.40000,5012.20000,573.19970,316.10000,-0.60000,374.50000,198.69970,-23.00000,175.70000,42.90000,132.80000,132.80000,,132.80000,256.49970,198.69970,21.68600,22.05100,6.12000,6.02000,0.93610,0.70420,2.40040,10.26250,3.55750,3.55750,3.14570,2.37760,1.32830,14.32470,20.63320,4.36190,17.68780,46.99220,3.15830,5.23230,34.99740,7.7889,4.5705
2023-03-31,5077.20000,4559.70000,517.50000,297.30000,-1.00000,354.70000,162.80030,-23.80000,139.00000,32.70000,106.30000,106.30000,,106.30000,219.20030,162.80030,21.73900,22.13300,4.89000,4.80000,0.92140,0.71400,2.51690,10.19260,3.20650,3.20650,2.73770,2.09370,1.23260,15.01880,19.18100,4.69220,14.82980,42.77660,2.58060,4.24150,32.90640,6.76370,3.47900
2022-12-31,5366.29800,4807.19900,559.09910,81.70000,-977.40000,385.59900,173.50050,-22.10000,151.40000,33.70000,117.70000,117.70000,,117.70000,229.30050,173.50050,23.50600,23.95000,5.34000,5.21000,0.85090,0.73660,2.82020,10.41870,3.23320,3.23320,2.82130,2.19330,1.30150,15.06490,19.04970,4.72450,18.37050,68.31100,2.85460,4.83840,29.45750,8.9108,5.6048
2022-09-30,6194.70000,5520.80000,673.90040,306.90000,-0.70000,362.00000,311.90040,-21.20000,290.70000,71.20000,219.50000,219.50000,,219.50000,366.30040,311.90040,23.20600,23.65000,9.46000,9.28000,1.01020,0.70080,2.36190,10.87870,5.03500,5.03500,4.69270,3.54340,1.49810,19.68900,24.03840,3.74400,28.65540,73.75670,5.30820,8.57420,33.90280,11.4023,7.9484
2022-06-30,6766.70000,6145.70000,621.00050,304.40000,0.40000,358.70000,262.29980,-21.00000,241.30000,58.00000,183.30000,183.30000,,183.30000,316.99980,262.29980,23.95200,24.34100,7.65000,7.53000,1.03470,0.70190,2.37370,9.17730,3.87630,3.87630,3.56600,2.70890,1.60430,19.57230,22.79890,3.94760,24.03300,62.30460,4.34590,7.16520,32.66240,7.6913,4.6237
2022-03-31,5118.40000,4572.50000,545.89990,268.90000,-0.90000,325.20000,220.69970,-20.30000,200.40000,48.00000,152.40000,152.40000,,152.40000,276.09970,220.69970,24.65500,25.07400,6.18000,6.08000,1.08330,0.69430,2.28970,10.66540,4.31190,4.31190,3.91530,2.97750,1.21690,17.19630,19.65590,4.57880,19.25460,47.19720,3.62320,5.88670,32.70390,13.52800,10.97550
2021-12-31,4767.00000,4277.00000,489.99950,53.60000,-650.40000,329.09800,160.90190,-20.00000,140.90000,32.10000,108.80000,108.80000,,108.80000,216.00190,160.90260,26.21000,26.60400,4.22000,4.14000,1.13700,0.69040,2.24860,10.27900,3.37530,3.37530,2.95570,2.28240,1.17760,14.63220,24.35870,3.69480,13.47870,32.14180,2.68760,4.17290,32.37220,5.2728,3.1277
2021-09-30,4600.40000,4119.60000,480.79980,268.30000,-1.00000,322.50100,158.29930,-20.60000,137.70000,33.70000,104.00000,104.00000,,104.00000,211.49930,158.29930,25.77900,26.15300,4.03000,3.98000,1.14980,0.68570,2.19940,10.45130,3.44100,3.44100,2.99320,2.26070,1.12360,14.23990,22.07490,4.07700,12.60910,29.32880,2.54010,3.96330,32.17730,10.1552,7.1551
2021-06-30,4456.00000,3954.10000,501.90010,257.40000,-1.00000,311.70000,190.20020,-20.20000,170.00000,41.20000,128.80000,128.80000,,128.80000,243.50020,190.20020,26.57900,26.91700,4.85000,4.79000,1.09810,0.70310,2.38630,11.26350,4.26840,4.26840,3.81510,2.89050,1.11790,12.68560,17.12530,5.25540,16.99430,44.78440,3.23120,5.04640,29.32480,3.9296,0.8161
2021-03-31,3537.10000,3160.90000,376.20000,44.30000,-186.30000,281.60000,94.59990,-21.30000,73.30000,18.00000,55.30000,55.30000,,55.30000,145.59990,94.59990,27.13100,27.48800,2.04000,2.01000,1.17540,0.69710,2.31870,10.63580,2.67450,2.67450,2.07230,1.56340,0.88860,11.16930,19.42390,4.63350,7.08430,18.25690,1.38920,2.14560,28.99270,8.36000,6.42100
2020-12-31,2860.90000,2544.20000,316.69920,323.30000,140.50000,224.30000,92.40020,-11.70000,80.70000,19.70000,61.00000,61.00000,,61.00000,133.90010,92.39990,29.13200,29.52600,2.21000,2.16000,1.17720,0.54810,1.27840,11.06990,3.22980,3.22980,2.82080,2.13220,1.06520,9.11570,16.94850,5.31020,7.77960,8.13880,2.27130,3.51520,28.77640,3.2335,1.1759
2020-09-30,2839.00000,2500.90000,338.10010,53.70000,-143.50000,237.80000,100.30000,-12.20000,88.10000,21.20000,66.90000,66.90000,,66.90000,140.90010,100.30000,29.11100,29.49900,2.30000,2.27000,1.44760,0.51820,1.13250,11.90910,3.53290,3.53290,3.10320,2.35650,1.01820,9.32820,19.89490,4.52380,7.46900,7.46900,2.39940,3.59890,31.35330,2.9102,0.7546
2020-06-30,2379.60000,1936.50000,443.10010,168.90000,0.80000,207.60000,235.50000,-12.50000,223.00000,54.10000,168.90000,168.90000,,168.90000,274.40000,235.50000,29.18100,29.49500,5.79000,5.73000,1.51760,0.51510,1.11820,18.62080,9.89660,9.89660,9.37130,7.09780,0.83180,7.51460,14.75260,6.10060,18.39870,18.39870,5.90410,8.92090,31.46210,9.2251,7.4184
2020-03-31,3184.80000,2839.80000,345.00000,174.30000,-0.50000,214.20000,130.80000,-13.50000,117.30000,28.00000,89.30000,89.30000,,89.30000,170.80000,130.80000,30.23500,30.54100,2.95000,2.92000,1.31600,0.56940,1.39070,10.83270,4.10700,4.10700,3.68310,2.80390,1.23280,11.66240,23.36610,3.85170,11.95770,11.95770,3.45670,5.14930,25.59550,3.72290,2.20360
2019-12-31,3460.20000,3171.40100,288.79960,176.40000,-0.50000,215.30000,73.49930,-11.60000,61.90000,14.30000,47.60000,47.60000,,47.60000,111.89930,73.49930,31.59400,31.85800,1.52000,1.51000,1.40750,0.55450,1.29280,8.34630,2.12410,2.12410,1.78890,1.37560,1.28770,13.93410,20.01270,4.49710,5.92780,5.92780,1.77140,2.64110,26.36240,1.8984,0.3206
2019-09-30,3657.60000,3319.50000,338.10010,179.40000,-0.40000,217.40000,120.70020,-29.40000,91.30000,22.10000,69.20000,69.20000,,69.20000,158.30020,120.70020,31.44700,31.70400,2.20000,2.18000,1.28630,0.55370,1.26790,9.24380,3.30000,3.30000,2.49620,1.89200,1.39780,14.19800,22.26170,4.04280,8.88320,8.88320,2.64460,3.96470,25.32510,4.0724,1.9356
2019-06-30,3800.40000,3527.00000,273.39990,180.70000,-0.50000,217.70000,55.69970,-12.40000,43.30000,10.60000,32.70000,32.70000,,32.70000,91.69970,55.69970,32.11200,32.32800,1.02000,1.01000,1.13390,0.50520,1.04730,7.19400,1.46560,1.46560,1.13940,0.86040,1.47800,16.69190,16.08290,5.59600,4.00590,4.00590,1.27170,1.98190,25.53330,2.3798,0.6512
2019-03-31,3116.40000,2890.20000,226.20000,167.40000,-0.50000,207.60000,18.59990,-12.70000,5.90000,0.60000,5.30000,5.30000,,5.30000,58.79990,18.59990,32.20600,32.42000,0.16000,0.16000,1.14930,0.51230,1.07710,7.25840,0.59680,0.59680,0.18930,0.17010,1.24440,16.17350,13.71050,6.56430,0.66430,0.66430,0.21160,0.32400,24.79950,1.48370,0.57680
2018-12-31,3501.70000,3179.50000,322.20070,173.30000,-1.40000,209.69900,112.50100,-12.00000,100.50000,23.00000,77.50000,77.50000,,77.50000,147.50100,112.50070,32.67400,32.98300,2.38000,2.36000,1.19240,0.51050,1.06940,9.20130,3.21280,3.21270,2.87000,2.21320,1.48330,14.35440,25.22840,3.56740,9.59990,9.59990,3.28280,4.69870,25.02400,4.6686,3.4838
2018-09-30,3788.00000,3510.50000,277.50000,172.30000,-0.50000,207.00000,70.50000,-13.50000,57.00000,12.00000,45.00000,45.00000,,45.00000,104.70000,70.50000,32.21300,32.53600,1.40000,1.38000,1.00090,0.53740,1.19060,7.32580,1.86110,1.86110,1.50480,1.18800,1.62880,16.32030,16.38410,5.49310,6.17370,6.17370,1.93500,2.85620,22.60790,2.3559,0.4612
2018-06-30,3829.00000,3546.30000,282.70000,170.00000,2.40000,200.60000,82.09990,-13.00000,69.10000,17.30000,51.80000,51.80000,,51.80000,115.09990,82.09990,32.55000,32.84200,1.59000,1.58000,0.97510,0.55350,1.27040,7.38310,2.14420,2.14420,1.80460,1.35280,1.67000,17.29060,16.61170,5.41790,7.54770,7.54770,2.25920,3.37000,21.32960,1.9105,0.2297
2018-03-31,3244.20000,3037.30000,206.89990,161.90000,46.80000,146.90000,60.00000,-12.70000,47.30000,8.00000,39.30000,39.30000,,39.30000,91.80000,60.00000,33.69800,34.06200,1.17000,1.16000,1.04450,0.54840,1.24250,6.37750,1.84950,1.84950,1.45800,1.21140,1.44030,20.45320,16.38490,5.49290,5.57210,5.57210,1.74470,2.51650,21.22350,3.15310,1.75560
2017-12-31,3379.60000,3110.20100,269.39870,170.40000,-1.00000,204.80100,64.59740,-13.30000,51.30000,-73.60000,124.90000,124.90000,,124.90000,97.99740,64.59690,35.81600,36.15600,3.49000,3.45000,1.15170,0.53830,1.19280,7.97130,1.91140,1.91140,1.51790,3.69570,1.44990,17.04220,15.00710,5.99720,16.91500,16.91500,5.35820,7.80970,21.65970,3.1914,1.6898
2017-09-30,3236.30000,2927.00000,309.30000,161.90000,-0.40000,191.30000,118.00020,-9.30000,108.70000,40.80000,67.90000,67.90000,,67.90000,147.00020,118.00020,35.42300,35.74500,1.92000,1.90000,1.18470,0.56530,1.33020,9.55720,3.64610,3.64610,3.35880,2.09810,1.41970,14.57920,16.81690,5.35180,10.20910,10.20910,2.97870,4.43770,19.11410,3.5564,1.5605
2017-06-30,3211.10000,2921.10000,290.00020,160.80000,-0.40000,188.70000,101.30050,-11.40000,89.90000,34.40000,55.50000,55.50000,,55.50000,128.80050,101.30050,36.52500,36.86100,1.52000,1.51000,1.38240,0.56080,1.29880,9.03120,3.15470,3.15470,2.79970,1.72840,1.44440,16.31500,19.53560,4.60700,8.15410,8.15410,2.49640,3.58130,18.87940,2.3406,0.4922
2017-03-31,2999.60000,2806.30000,193.30000,163.00000,-3.90000,193.90000,-0.59990,-9.20000,-9.80000,-6.80000,-3.00000,-3.00000,,-3.00000,26.40020,-0.59990,36.88000,36.88000,-0.08000,-0.08000,0.87270,0.47970,1.02180,6.44420,-0.02000,-0.02000,-0.32670,-0.10000,1.49780,16.85710,19.17250,4.69420,-0.44590,-0.44590,-0.14980,-0.23200,18.29370,-1.24460,-3.01790
2016-12-31,3055.83800,2801.07900,254.75880,151.54100,88.66100,88.73300,166.02560,-99.12500,66.90100,23.07600,43.82500,43.82500,,43.82500,191.87860,166.02610,39.26900,39.64600,1.19000,1.18000,1.00190,0.47460,0.96150,8.33680,5.43310,5.43310,2.18930,1.43410,1.46300,18.26580,16.65130,5.40500,6.28700,6.28700,2.09820,3.30330,18.87250,3.154,1.6024
2016-09-30,3042.73800,2778.75300,263.98490,158.71700,-0.74600,185.03900,78.94580,-7.19000,71.75600,26.26500,45.49100,45.49100,,45.49100,104.52180,78.94580,38.89600,39.17400,1.17000,1.16000,1.26530,0.45700,0.89490,8.67590,2.59460,2.59460,2.35830,1.49510,1.47930,18.21630,21.78180,4.13190,5.99210,5.99210,2.21170,3.25380,19.66810,1.1115,-1.0342
2016-06-30,3005.76200,2739.73700,266.02490,157.46500,-0.90200,182.05200,83.97270,-9.87500,74.09800,27.78800,46.31000,46.31000,,46.31000,107.65770,83.97270,39.36000,39.72000,1.18000,1.17000,1.25520,0.46100,0.89540,8.85050,2.79370,2.79370,2.46520,1.54070,1.44240,17.96620,20.28030,4.43780,6.11020,6.11020,2.22230,3.29330,19.35280,2.3804,0.6796
2016-03-31,2490.26200,2258.93100,231.33110,148.27700,-0.41300,172.17600,59.15500,80.19000,139.34500,53.47100,85.87400,85.87400,,85.87400,82.64100,59.15500,40.90900,41.25500,2.10000,2.08000,1.22630,0.47550,0.94820,9.28940,2.37550,2.37550,5.59560,3.44840,1.23250,14.53160,19.43700,4.63040,11.83470,11.83470,4.25010,6.20760,18.41800,1.86440,2.80310
2015-12-31,2928.15400,2690.64400,237.51030,160.20200,-5.04200,187.79900,49.71140,-5.21000,44.50100,15.26800,29.23300,29.23300,37.45300,66.68600,72.26640,49.71120,43.43400,43.79400,1.55000,1.52000,1.11060,0.38220,0.61890,8.11130,1.69770,1.69770,1.51980,2.27740,1.55240,17.25810,21.49060,4.18790,3.68970,3.68970,1.54980,2.27950,19.00930,1.4476,0.3047
2015-09-30,3382.50700,3099.47300,283.03420,154.56700,-0.38000,176.64200,106.39210,-12.32800,94.06400,34.04300,60.02100,60.02100,0.51000,60.53100,128.08710,106.39210,42.43700,42.76000,1.42000,1.41000,1.06330,0.40370,0.67720,8.36760,3.14540,3.14540,2.78090,1.78950,1.91480,18.77420,23.45580,3.83700,8.29660,8.29660,3.39770,4.94750,17.35780,1.7286,0.1792
2015-06-30,3467.98600,3239.14200,228.84400,155.26300,-0.37900,176.85700,51.98710,-13.19100,38.79600,13.97600,24.82000,24.82000,1.37100,26.19100,73.20210,51.98710,44.07800,44.40900,0.59000,0.59000,1.12070,0.40480,0.68040,6.59880,1.49910,1.49910,1.11870,0.75520,1.88270,15.60600,19.91390,4.51950,3.45050,3.45050,1.34740,2.05360,16.78800,1.0047,-0.2874
2015-03-31,2920.76400,2711.63900,209.12500,145.62800,-0.37800,167.10900,42.01610,-1.08800,40.92800,17.41100,23.51700,23.51700,-0.58500,22.93200,63.11910,42.01610,45.63300,46.03600,0.50000,0.50000,1.51380,0.36750,0.58120,7.15990,1.43850,1.43850,1.40130,0.78510,1.51860,14.65970,17.67410,5.09220,2.79570,2.79570,1.22280,1.76820,18.58470,0.74760,0.06250
2014-12-31,3441.12100,3155.56900,285.55200,139.69500,-0.30300,160.14200,125.41020,0.86000,126.27200,42.02800,84.24400,84.24400,14.10300,98.34700,145.60920,125.41060,46.10400,46.41700,2.13000,2.12000,1.67210,0.36250,0.56860,8.29820,3.64450,3.64450,3.66950,2.85800,1.76530,20.09330,24.85170,3.62150,9.81060,9.81060,4.32170,6.25440,18.78590,1.8872,0.8037
2014-09-30,4622.60900,4350.35400,272.25490,152.86400,-0.30000,172.76200,99.49270,-8.48400,91.00900,34.37700,56.63200,56.63200,6.01900,62.65100,118.60170,99.49270,45.72600,46.09000,1.37000,1.36000,1.31280,0.39350,0.64890,5.88960,2.15230,2.15230,1.96880,1.35530,2.43760,29.83410,22.33620,4.02930,7.46590,7.46590,2.98640,4.52780,16.58770,1.7181,1.0439
2014-06-30,4757.94900,4457.81000,300.13920,162.92100,-0.30000,182.90600,117.23290,-9.62000,107.61300,34.38100,73.23200,73.23200,,73.23200,137.18190,117.23290,46.23300,46.52700,1.58000,1.57000,1.19830,0.41500,0.70950,6.30820,2.46390,2.46390,2.26180,1.53920,2.49130,26.84860,18.50170,4.86440,10.56000,10.56000,3.83450,6.17730,15.16680,0.5714,-0.0626
2014-03-31,4164.33400,3970.57800,193.75610,150.54800,-0.29700,170.50500,23.25050,-8.79800,14.45200,5.60000,8.85200,8.85200,0.78100,9.63300,43.08050,23.25050,46.75000,46.88400,0.21000,0.21000,1.26160,0.44250,0.81830,4.65280,0.55830,0.55830,0.34700,0.23130,2.20460,44.66340,19.61160,4.58910,1.32480,1.32480,0.46860,0.73860,14.29080,2.40670,1.89080
2013-12-31,3925.72100,3735.02400,190.69680,237.05900,120.69500,135.68400,55.01270,-9.54800,45.46700,18.18500,27.28200,27.28200,66.34800,93.63000,73.93170,55.01220,46.74300,46.85800,2.01000,2.00000,1.29610,0.45480,0.85560,4.85760,1.40130,1.40130,1.15820,2.38500,2.08680,20.85970,20.32150,4.42880,4.15670,4.15670,1.45020,2.26610,14.04110,-0.2997,-1.167
2013-09-30,4686.90300,4443.97000,242.93260,167.46300,-0.27400,185.86500,57.06790,1.67800,58.74600,22.76500,35.98100,35.98100,5.74800,41.72900,75.37490,57.06790,46.74300,46.75900,0.89000,0.89000,1.21660,0.53270,1.14030,5.18320,1.21760,1.21760,1.25340,0.89030,2.50370,38.67890,20.76280,4.33470,6.38560,6.38560,1.92210,2.98370,12.05460,3.9595,3.5121
2013-06-30,4843.46500,4556.86000,286.60450,153.15300,-0.27800,171.96700,114.63770,0.44500,115.08300,44.76500,70.31800,70.31800,7.30900,77.62700,133.26070,114.63770,46.74300,46.74300,1.66000,1.66000,,,,5.91730,2.36690,2.36690,2.37600,1.60270,,,,,,,,,,1.9963,1.4054
2013-03-31,4357.99200,4151.73100,206.26120,32.23200,-121.23900,171.54100,34.71970,0.17900,34.89800,14.34400,20.55400,20.55400,1.49300,22.04700,52.92370,34.71970,46.74300,46.74300,0.47000,0.47000,,,,4.73290,0.79670,0.79670,0.80080,0.50590,,,,,,,,,,1.95620,0.50720
2012-12-31,,,,,,,,,,,,,,,,,,,,0.00000,,,,,,,,,,,,,,,,,,-2.7511,-1.1407
2012-09-30,4965.98900,4764.24500,201.74370,27.82400,-134.85400,181.99700,19.74660,0.05400,19.80100,8.80000,11.00100,11.00100,,11.00100,19.74660,19.74660,46.74300,46.74300,0.24000,0.24000,,,,4.06250,0.39760,0.39760,0.39870,0.22150,,,,,,,,,,2.7511,1.1407
2011-12-31,,,,,,,,,,,,,,,,,,,,0.00000,,,,,,,,,,,,,,,,,,0,0
