Date,revenue,cost-goods-sold,gross-profit,selling-general-administrative-expenses,other-operating-income-expenses,operating-expenses,operating-income,total-non-operating-income-expense,pre-tax-income,total-provision-income-taxes,income-after-taxes,income-from-continuous-operations,income-from-discontinued-operations,net-income,ebitda,ebit,basic-shares-outstanding,shares-outstanding,eps-basic-net-earnings-per-share,eps-earnings-per-share-diluted,current-ratio,long-term-debt-capital,debt-equity-ratio,gross-margin,operating-margin,ebit-margin,pre-tax-profit-margin,net-profit-margin,asset-turnover,inventory-turnover,receiveable-turnover,days-sales-in-receivables,roe,return-on-tangible-equity,roa,roi,book-value-per-share,operating-cash-flow-per-share,free-cash-flow-per-share
2023-09-30,197.79800,135.41900,62.37900,43.69800,0.02200,43.67600,18.70300,-1.53900,17.16400,4.41700,12.74700,12.74700,,12.74700,24.39000,18.70300,36.81100,36.98000,0.35000,0.34000,1.50970,0.13160,0.24570,31.53670,9.45560,9.45560,8.67750,6.44450,0.37240,1.40720,1.68540,53.40080,4.51670,9.08510,2.40000,3.92250,7.66490,0.5954,0.4861
2023-06-30,208.45300,140.04300,68.41000,52.35100,0.08300,52.26800,16.14200,-1.79000,14.35200,3.74700,10.60500,10.60500,,10.60500,21.89700,16.14200,36.76200,36.89200,0.29000,0.29000,1.56180,0.18340,0.32120,32.81800,7.74370,7.74370,6.88500,5.08750,0.38410,1.42550,1.78390,50.45070,3.86450,8.12070,1.95410,3.15580,7.45870,0.618,0.4554
2023-03-31,215.73900,144.67400,71.06500,52.08100,-0.02700,52.10800,18.95700,-1.64600,17.31100,4.33500,12.97600,12.97600,,12.97600,24.65300,18.95700,36.56500,36.81600,0.35000,0.35000,1.52260,0.21250,0.36980,32.94030,8.78700,8.78700,8.02400,6.01470,0.38790,1.41640,1.65170,54.48920,4.89200,10.81470,2.33300,3.85250,7.22410,0.70040,0.45440
2022-12-31,212.84000,147.76600,65.07400,47.42300,-0.62900,48.05200,17.02200,-1.65400,15.36800,1.94000,13.42800,13.42800,,13.42800,22.71600,17.02200,36.41100,36.79100,0.38000,0.37000,1.86700,0.28630,0.40320,30.57410,7.99760,7.99760,7.22040,6.30900,0.39220,1.58290,1.59170,56.54220,5.23660,12.26100,2.47460,3.73720,7.02540,0.5915,0.4112
2022-09-30,228.06500,156.41700,71.64800,51.75600,0.00500,51.75100,19.89700,-1.71900,18.17800,4.50700,13.67100,13.67100,,13.67100,25.17700,19.89700,36.47200,36.71700,0.37000,0.37000,1.74730,0.30400,0.43890,31.41560,8.72430,8.72430,7.97050,5.99430,0.41490,1.44620,1.77020,50.84300,5.58050,14.19830,2.48690,3.88390,6.71500,0.4459,0.2655
2022-06-30,233.15600,158.44000,74.71600,52.32000,0.22100,52.09900,22.61700,-1.21100,21.40600,5.57500,15.83100,15.83100,,15.83100,27.97900,22.61700,36.39800,36.62300,0.43000,0.43000,1.71590,0.32290,0.47900,32.04550,9.70040,9.70040,9.18100,6.78990,0.42090,1.45490,1.76630,50.95380,6.67250,18.39020,2.85750,4.51810,6.50770,0.7368,0.5881
2022-03-31,225.48600,153.55800,71.92800,47.99000,0.46700,47.52300,24.40500,-1.14700,23.25800,5.92100,17.33700,17.33700,,17.33700,29.72600,24.40500,36.28000,36.51100,0.48000,0.47000,1.70990,0.31220,0.45620,31.89910,10.82330,10.82330,10.31460,7.68870,0.43590,1.54090,1.69940,52.96120,7.73500,20.05880,3.35180,5.31980,6.16950,0.19970,0.09060
2021-12-31,199.57900,147.76300,51.81600,41.30200,0.23600,41.06590,10.75010,-1.15800,9.59200,2.33700,7.25500,7.25500,,7.25500,16.00410,10.75000,36.13900,36.35900,0.20000,0.20000,1.65970,0.32410,0.48190,25.96270,5.38640,5.38630,4.80610,3.63520,0.41190,1.57950,1.93380,46.54160,3.46590,10.31040,1.49730,2.34250,5.77260,0.8632,0.7716
2021-09-30,200.05800,145.86000,54.19800,42.53100,0.15000,42.38100,11.81700,-1.05600,10.76100,2.85800,7.90300,7.90300,,7.90300,16.69600,11.81700,36.19600,36.40200,0.22000,0.22000,1.78500,0.37040,0.59070,27.09110,5.90680,5.90680,5.37890,3.95040,0.40430,1.61390,1.72240,52.25240,3.84530,12.22090,1.59720,2.42110,5.67310,-0.2141,-0.3744
2021-06-30,187.36900,132.37500,54.99400,40.12100,0.99600,39.12500,15.86900,-0.99900,14.87000,3.79500,11.07500,11.07500,,11.07500,21.36000,15.86900,36.12300,36.33600,0.31000,0.30000,1.58250,0.25050,0.33670,29.35060,8.46940,8.46940,7.93620,5.91080,0.43530,1.66550,1.90010,47.36590,5.48320,13.21110,2.57270,4.10940,5.58480,0.4047,0.4012
2021-03-31,174.42900,124.01600,50.41300,39.54800,,39.54800,10.86500,-0.99500,9.87000,2.56500,7.30500,7.30500,,7.30500,16.12600,10.86500,35.99300,36.29100,0.20000,0.20000,1.67780,0.29360,0.41820,28.90170,6.22890,6.22890,5.65850,4.18800,0.41500,1.77550,1.84350,48.82050,3.76060,9.73290,1.73810,2.65640,5.38410,0.18150,0.03720
2020-12-31,137.46700,97.63000,39.83700,34.97100,-0.01000,34.98100,4.85600,-1.22100,3.63500,0.64500,2.99000,2.99000,,2.99000,9.87900,4.85600,35.78600,35.91700,0.09000,0.08000,1.29160,0.16580,0.41020,28.97930,3.53250,3.53250,2.64430,2.17510,0.34370,1.48110,1.62200,55.48610,1.58120,4.34550,0.74750,1.31900,5.26430,0.423,0.2986
2020-09-30,132.25800,85.19100,47.06700,33.92700,0.00000,33.92700,13.14000,-1.20400,11.93600,3.25100,8.68500,8.68500,,8.68500,17.28600,13.14000,35.79600,35.94300,0.24000,0.24000,1.69600,0.16660,0.41300,35.58730,9.93510,9.93510,9.02480,6.56670,0.36100,1.76980,1.75090,51.40340,4.62960,9.07510,2.37050,3.85830,5.23990,0.5437,0.4501
2020-06-30,118.39400,75.82100,42.57300,30.31700,,30.31700,12.25600,-1.19400,11.06200,2.69400,8.36800,8.36800,,8.36800,18.19300,12.25600,35.77400,35.92000,0.23000,0.23000,1.65130,0.17080,0.42590,35.95880,10.35190,10.35190,9.34340,7.06790,0.33360,1.53020,1.66120,54.17760,4.60550,9.38880,2.35820,3.81900,5.07740,0.1878,0.1017
2020-03-31,122.25000,79.76700,42.48300,31.11600,11.93100,19.18500,23.29800,-1.06900,22.22900,5.50300,16.72600,16.72600,,16.72600,29.12200,23.29800,35.72400,35.82800,0.47000,0.47000,1.59190,0.17480,0.43850,34.75090,19.05770,19.05770,18.18320,13.68180,0.35040,1.62370,1.87340,48.04050,9.49140,20.41850,4.79440,7.83200,4.92850,0.14030,0.07080
2019-12-31,116.81800,77.58700,39.23100,30.33800,-0.08700,30.42500,8.80600,-1.02400,7.78200,2.03500,5.74700,5.74700,-0.00900,5.73800,14.70100,8.80600,35.49200,35.65300,0.15000,0.16000,2.23950,0.31650,0.46300,33.58300,7.53820,7.53820,6.66160,4.91190,0.33080,1.75300,1.87150,48.09100,3.44790,8.31040,1.62740,2.35670,4.66750,0.2152,0.0863
2019-09-30,125.48000,85.89400,39.58600,31.51500,-0.01100,31.52600,8.06000,-0.99300,7.06700,1.84800,5.21900,5.21900,,5.21900,13.65100,8.06000,35.49500,35.75900,0.15000,0.15000,2.09900,0.32000,0.47050,31.54770,6.42330,6.42330,5.63200,4.15920,0.35120,1.95170,1.92660,46.71350,3.18580,8.09360,1.46070,2.16650,4.61310,0.6519,0.6164
2019-06-30,134.28500,87.34900,46.93600,36.80900,0.05500,36.75400,10.18200,-1.01700,9.16500,2.55900,6.60600,6.60600,,6.60600,16.24100,10.18200,35.47100,35.74300,0.19000,0.18000,2.25570,0.32160,0.47400,34.95250,7.58240,7.58240,6.82500,4.91940,0.38040,2.06300,1.83650,49.00620,4.06750,8.65540,1.87140,2.75950,4.57700,0.3037,0.3472
2019-03-31,139.11500,93.55600,45.55900,34.46800,-0.87300,35.34100,10.21800,-1.04900,9.16900,2.52600,6.64300,6.64300,0.12700,6.77000,16.25600,10.21800,35.38900,35.69500,0.19000,0.19000,2.09790,0.32670,0.48530,32.74920,7.34500,7.34500,6.59100,4.86650,0.40230,2.20190,1.93450,46.52450,4.19310,9.39760,1.92110,2.82300,4.46850,0.35290,0.39640
2018-12-31,138.38800,96.29200,42.09600,34.97500,-0.08800,35.06300,7.03300,-1.10300,5.93000,2.80400,3.12600,3.12600,-0.79200,2.33800,13.37200,7.03300,33.42700,33.42700,0.02000,0.02000,1.87690,0.33180,0.49660,30.41880,5.08210,5.08210,4.28510,1.68950,0.39690,2.20870,1.77810,50.61700,2.02150,4.78790,0.89660,1.35070,4.37150,0.6408,0.5926
2018-09-30,135.21900,93.12800,42.09100,34.38100,-33.54900,67.93000,-25.83900,-0.88300,-26.72200,-5.58500,-21.13700,-21.13700,0.00200,-21.13900,-19.41200,-25.83900,35.22900,35.22900,-0.60000,-0.60000,1.97310,0.32530,0.48220,31.12800,-19.10900,-19.10900,-19.76200,-15.63320,0.39600,2.10170,1.77240,50.77960,-13.28900,-31.60770,-6.19030,-8.96590,4.49940,0.3391,0.3033
2018-06-30,140.56000,92.56900,47.99100,34.50600,-0.37400,34.88000,13.11100,-1.31300,11.79800,3.19000,8.60800,8.60800,,8.60800,19.82300,13.11100,32.60700,33.08500,0.26000,0.26000,1.90270,0.30260,0.43390,34.14270,9.32770,9.32770,8.39360,6.12410,0.38970,1.87530,1.85570,48.49790,4.74900,9.87460,2.38650,3.31190,5.14920,0.5055,0.478
2018-03-31,152.56800,105.45300,47.11500,35.47300,0.38000,35.09300,12.02200,-1.63900,10.38300,2.62800,7.75500,7.75500,-0.91100,6.84400,18.68300,12.02200,30.51900,30.98900,0.22000,0.22000,1.56470,0.60080,1.50490,30.88130,7.87980,7.87980,6.80550,4.48590,0.43630,2.20430,1.69700,53.03560,8.08440,-1474.33200,2.21790,3.22740,3.13880,0.34700,0.38400
2017-12-31,140.10600,101.84900,38.25700,33.72400,-0.53000,34.25400,4.00300,-3.35200,0.65100,-1.17000,1.82100,1.82100,-20.07400,-18.25300,10.86800,4.00300,30.22200,30.56300,-0.61000,-0.61000,1.52060,0.61700,1.61100,27.30580,2.85710,2.85710,0.46460,-13.02800,0.39360,2.16580,1.56360,57.55900,1.94240,-34.56710,0.51160,0.74390,3.07420,0.2762,0.3559
2017-09-30,135.11300,95.97000,39.14300,35.10700,2.76500,32.34200,6.80100,-1.83800,4.96300,1.88000,3.08300,3.08300,0.17400,3.25700,13.58600,6.80100,30.26700,30.65100,0.11000,0.11000,1.55910,0.61780,1.61680,28.97060,5.03360,5.03360,3.67320,2.41060,0.36180,1.95970,1.53050,58.80280,3.15450,-65.69390,0.82560,1.20550,3.22530,0.4028,0.5112
2017-06-30,135.25200,96.96000,38.29200,32.13300,-0.19100,32.32400,5.96800,-1.86000,4.10800,1.62600,2.48200,2.48200,-0.48900,1.99300,14.57700,5.96800,30.15500,30.47300,0.07000,0.07000,1.64790,0.64210,1.79420,28.31160,4.41250,4.41250,3.03730,1.47350,0.36480,2.00810,1.70730,52.71490,2.61780,-28.14380,0.66940,0.93690,3.13400,0.345,0.3104
2017-03-31,136.57200,94.81100,41.76100,34.53900,0.89400,33.64500,8.11600,-2.13000,5.98600,2.52800,3.45800,3.45800,-0.34400,3.11400,16.68800,8.11600,30.03000,30.29300,0.10000,0.10000,1.68050,0.65730,1.91760,30.57800,5.94270,5.94270,4.38300,2.28010,0.36140,1.87660,1.80690,49.80800,3.69270,-29.94980,0.91520,1.26570,3.11580,0.43080,0.44890
2016-12-31,106.38100,73.10800,33.27300,29.42400,8.23200,21.19200,12.08100,-2.55600,9.52500,0.97300,8.55200,8.55200,-10.01000,-1.45800,17.98000,12.08100,29.75000,29.96800,-0.05000,-0.05000,1.77970,0.67070,2.03710,31.27720,11.35640,11.35640,8.95370,-1.37050,0.27870,1.63240,1.60000,56.25160,9.19240,-65.51240,2.24060,3.02670,3.09900,0.507,0.4809
2016-09-30,132.67600,96.75800,35.91800,32.61700,-0.31500,32.93200,2.98600,-2.01500,0.97100,0.54700,0.42400,0.42400,-0.01000,0.41400,11.61500,2.98600,29.84900,30.07500,0.01000,0.01000,1.81750,0.66710,2.00380,27.07200,2.25060,2.25060,0.73190,0.31200,0.33560,1.99160,1.71160,52.58320,0.42930,-3.77260,0.10720,0.14290,3.30140,0.7206,0.6902
2016-06-30,144.11700,99.58100,44.53600,32.04100,-1.32900,33.37000,11.16600,-2.05300,9.11300,3.42900,5.68400,5.68400,-0.19000,5.49400,19.93100,11.16600,29.62300,30.09000,0.18000,0.18000,2.07850,0.68310,2.15560,30.90270,7.74790,7.74790,6.32330,3.81220,0.35120,1.78790,1.85530,48.50870,5.63500,-48.14500,1.38530,1.78570,3.39920,0.2809,0.1771
2016-03-31,151.20500,103.03400,48.17100,38.49700,-8.54500,47.04200,1.12900,-2.01900,-0.89000,2.44600,-3.33600,-3.33600,-0.05700,-3.39300,9.62800,1.12900,29.54800,29.54800,-0.11000,-0.11000,1.73850,0.69520,2.28070,31.85810,0.74670,0.74670,-0.58860,-2.24400,0.35200,1.71120,1.77180,50.79530,-3.48260,16.64840,-0.77650,-1.06150,3.23880,-0.38300,-0.62440
2015-12-31,108.67600,70.83800,37.83800,31.80100,,32.35700,5.48090,-2.11100,3.37000,0.07700,3.29300,3.29300,-2.52200,0.77100,10.74090,5.48100,30.61600,30.94400,0.04000,0.03000,1.32100,0.66260,1.96390,34.81730,5.04340,5.04340,3.10100,0.70940,0.25340,1.29410,1.39990,64.29180,3.37040,-13.24510,0.76800,1.13710,3.30950,1.3548,1.2576
2015-09-30,141.66100,99.97500,41.68600,39.10800,,39.10800,2.57800,-1.72900,0.84900,0.21800,0.63100,0.63100,-0.29800,0.33300,11.07900,2.57800,30.67500,30.95100,0.01000,0.01000,1.70810,0.67270,2.05490,29.42660,1.81980,1.81980,0.59930,0.23510,0.31810,1.63370,1.60630,56.02880,0.60380,-4.14500,0.14170,0.19770,3.46620,0.3326,0.0651
2015-06-30,164.33500,113.75400,50.58100,30.83900,,30.83900,19.74200,-2.46700,17.27500,6.35000,10.92500,10.92500,0.49400,11.41900,29.18400,19.74200,30.96800,31.28500,0.37000,0.37000,1.61640,0.60780,1.54970,30.77920,12.01330,12.01330,10.51210,6.94860,0.35240,1.72900,1.66830,53.94630,8.40720,583.60230,2.34280,3.29730,4.19240,0.4143,0.2636
2015-03-31,156.34800,110.59100,45.75700,39.04100,0.00000,39.04100,6.71600,-2.70200,4.01400,1.39200,2.62200,2.62200,2.61700,5.23900,15.84300,6.71600,31.02600,31.37100,0.16000,0.16000,1.52210,0.63140,1.71290,29.26610,4.29550,4.29550,2.56740,3.35090,0.33570,1.63590,1.63790,54.94700,2.19440,-26.53310,0.56300,0.80890,3.86130,-0.88230,-1.03030
2014-12-31,158.27100,121.55600,36.71500,31.58800,,31.58800,5.12700,-2.64700,2.48000,0.99100,1.48900,1.48900,-13.85600,-12.36700,14.27500,5.12700,32.23300,32.70400,-0.38000,-0.37000,1.85580,0.61730,1.61310,23.19760,3.23940,3.23940,1.56690,-7.81380,0.28020,1.91920,1.74570,51.55560,1.01590,19.34520,0.26360,0.38880,4.70340,1.7168,1.3209
2014-09-30,162.10900,122.14800,39.96100,42.63900,,42.63900,-2.67800,-2.63700,-5.31500,-1.69700,-3.61800,-3.61800,0.87500,-2.74300,6.85500,-2.67800,31.64200,31.64200,-0.09000,-0.09000,2.39190,0.61140,1.57310,24.65070,-1.65200,-1.65200,-3.27870,-1.69210,0.25730,1.49600,1.56630,57.45860,-2.05570,-12.07890,-0.57430,-0.79890,5.58030,0.1043,-0.0127
2014-06-30,152.78400,110.25200,42.53200,31.24600,,31.24600,11.28600,-1.66700,9.61900,3.29200,6.32700,6.32700,-0.57800,5.74900,17.60800,11.28600,32.42600,32.96300,0.18000,0.17000,2.49710,0.41350,0.70520,27.83800,7.38690,7.38690,6.29580,3.76280,0.30640,1.70320,1.76990,50.85060,3.23930,4.85670,1.26880,1.89970,6.15900,1.1455,1.0086
2014-03-31,150.48500,108.41400,42.07100,33.18800,,33.18800,8.88300,-1.58400,7.29900,2.53600,4.76300,4.76300,-4.08300,0.68000,15.05200,8.88300,33.51900,34.01800,0.02000,0.02000,2.40250,0.33780,0.51020,27.95690,5.90290,5.90290,4.85030,0.45190,0.30290,0.91220,1.15020,78.24680,2.08240,3.22710,0.95860,1.37890,6.82190,-1.78340,-1.85540
2013-12-31,74.68800,50.97800,23.71000,17.52400,,17.52400,6.18600,-1.20700,4.97900,0.68400,4.29500,4.29500,-0.97600,3.31900,12.04900,6.18600,33.58900,34.04300,0.09000,0.09000,1.56000,0.15850,0.18830,31.74540,8.28250,8.28240,6.66640,4.44380,0.15910,0.95960,0.99670,90.29410,1.82370,2.52380,0.91490,1.53470,7.01480,1.4527,1.2379
2013-09-30,141.44200,98.92400,42.51800,30.25300,,30.25300,12.26500,-1.11300,11.15200,4.29300,6.85900,6.85900,-0.37100,6.48800,18.10000,12.26500,33.67100,34.20900,0.19000,0.19000,2.14330,0.23910,0.31420,30.06040,8.67140,8.67140,7.88450,4.58700,0.29500,0.83890,1.30630,68.89830,2.85490,4.38420,1.43070,2.17230,7.12480,0.4797,0.3015
2013-06-30,153.62300,108.61500,45.00800,32.38700,,32.38700,12.62100,-1.11900,11.50200,4.09700,7.40500,7.40500,0.90700,8.31200,15.30000,12.62100,33.55900,33.87800,0.25000,0.25000,2.39140,0.29000,0.40840,29.29770,8.21560,8.21560,7.48720,5.41060,0.31810,1.02360,1.41560,63.57520,3.15080,4.89240,1.53320,2.23710,6.98670,1.0817,0.9994
2013-03-31,214.98000,156.66200,58.31800,45.07400,,45.07400,13.24400,-1.09200,12.15200,4.26900,7.88300,7.88300,,7.88300,22.39500,13.24400,33.50400,33.85900,0.24000,0.23000,2.40890,0.30670,0.44250,27.12720,6.16060,6.16060,5.65260,3.66690,0.44000,1.43180,1.73260,51.94360,3.36750,5.32450,1.61340,2.33450,6.97720,-0.19210,-0.32520
2012-12-31,214.00800,156.81800,57.19000,42.21500,,42.21500,14.97500,-1.18700,13.78800,5.26700,8.52100,8.52100,,8.52100,9.83300,14.97500,33.64600,34.11900,0.25000,0.25000,2.09300,0.28750,0.40350,26.72330,6.99740,6.99740,6.44280,3.98160,0.44140,1.45870,1.85280,48.57630,3.70440,5.95350,1.75740,2.63940,6.87040,1.1023,0.996
2012-09-30,197.29000,144.56100,52.72900,42.95700,,42.95700,9.77200,-1.19400,8.57800,2.78200,5.79600,5.79600,,5.79600,18.13900,9.77200,33.74700,34.41200,0.17000,0.17000,2.25440,0.29610,0.42200,26.72670,4.95310,4.95310,4.34790,2.93780,0.40920,1.20000,1.76200,51.07730,2.53000,3.76170,1.20220,1.78080,6.78720,0.4472,0.2538
2012-06-30,181.10100,133.73700,47.36400,37.37200,,37.37200,9.99200,-1.05400,8.93800,3.28000,5.65800,5.65800,,5.65800,17.94100,9.99200,33.59600,34.27300,0.17000,0.17000,2.75710,0.31410,0.45940,26.15340,5.51740,5.51740,4.93540,3.12420,0.39790,1.24440,1.87890,47.90000,2.54500,3.49920,1.24300,1.74560,6.58990,0.4201,0.2814
2012-03-31,198.78900,140.79100,57.99800,40.88100,,40.88100,17.11700,-1.08100,16.03600,6.05100,9.98500,9.98500,,9.98500,25.41900,17.11700,33.43900,33.91200,0.30000,0.29000,2.26560,0.26940,0.37010,29.17570,8.61060,8.61060,8.06680,5.02290,0.45350,1.36820,1.73180,51.96840,4.61090,6.44210,2.27800,3.36880,6.47200,-0.18900,-0.24230
2011-12-31,192.54900,140.65400,51.89500,40.53700,,41.78600,10.10900,-1.06800,9.04100,3.12700,5.91400,5.91400,,5.91400,18.01100,10.10890,34.58500,34.74400,0.18000,0.18000,1.97420,0.26340,0.35910,26.95160,5.25010,5.25010,4.69540,3.07140,0.44910,1.47720,1.81940,49.46640,2.86890,4.10110,1.37930,2.11320,6.16820,0.6792,0.435
2011-09-30,190.33200,142.54300,47.78900,40.53000,,40.53000,7.25900,-1.26400,5.99500,-1.21900,7.21400,7.21400,,7.21400,16.03300,7.25900,34.35400,34.46100,0.21000,0.21000,2.06640,0.28250,0.39520,25.10820,3.81390,3.81390,3.14980,3.79020,0.44690,1.37460,1.87890,47.90000,3.55350,5.12490,1.69370,2.54970,6.04710,0.9195,0.7275
2011-06-30,177.26600,132.77200,44.49400,35.82100,,35.82100,8.67300,-1.15300,7.52000,2.86200,4.65800,4.65800,,4.65800,17.46800,8.67300,35.25000,35.25000,0.13000,0.13000,2.39540,0.29240,0.41460,25.10010,4.89270,4.89270,4.24220,2.62770,0.40630,1.24440,1.74510,51.57180,2.12850,2.90940,1.06770,1.50620,6.25520,0.2598,0.1679
2011-03-31,195.50700,141.41600,54.09100,41.72300,,41.72300,12.36800,-1.23700,11.13100,4.41200,6.71900,6.71900,,6.71900,21.11100,12.36800,35.32100,35.45100,0.19000,0.19000,2.14090,0.29290,0.41560,27.66700,6.32610,6.32610,5.69340,3.43670,0.43180,1.34570,1.68830,53.30940,3.07420,4.21900,1.48380,2.17380,6.18730,-0.01150,-0.08320
2010-12-31,188.24500,144.06100,44.18400,36.57900,,108.59300,-64.40900,1.99500,-62.41400,-11.93000,-50.48400,-50.48400,,-50.48400,-55.55800,-64.40900,35.30500,35.30500,-1.43000,-1.43000,2.01110,0.28280,0.39580,23.47150,-34.21550,-34.21550,-33.15570,-26.81820,0.43540,1.49430,1.90530,47.23580,-23.83510,-33.15950,-11.67540,-17.09380,5.99740,0.8818,0.7105
2010-09-30,187.04500,145.56800,41.47700,35.18300,,35.18300,6.29400,-1.72200,4.57200,1.35300,3.21900,3.21900,,3.21900,14.48900,6.29400,35.31100,35.38200,0.09000,0.09000,1.30420,0.13640,0.40870,22.17490,3.36500,3.36500,2.44430,1.72100,0.36570,1.64200,1.78700,50.36380,1.22810,2.47010,0.62940,1.06050,7.42320,0.4851,0.3401
2010-06-30,175.90600,141.95500,33.95100,33.96000,,33.96000,-0.00900,-1.85100,-1.86000,-0.76100,-1.09900,-1.09900,,-1.09900,8.18200,-0.00900,35.30400,35.30400,-0.03000,-0.03000,1.37370,0.16620,0.45280,19.30070,-0.00510,-0.00510,-1.05740,-0.62480,0.35250,1.55680,1.97920,45.47380,-0.42600,-0.86170,-0.22020,-0.35520,7.30720,0.1943,0.0853
2010-03-31,186.42200,141.51000,44.91200,34.43100,,34.43100,10.48100,-1.80000,8.68100,3.15100,5.53000,5.53000,,5.53000,18.79400,10.48100,35.29000,35.38800,0.16000,0.16000,1.35450,0.17160,0.45530,24.09160,5.62220,5.62220,4.65660,2.96640,0.35430,1.46520,1.79510,50.13670,2.09760,4.19320,1.05100,1.73760,7.47000,-0.26850,-0.27720
2009-12-31,188.29400,150.71000,37.58400,31.77200,-1.43100,33.20300,4.38100,-1.82200,2.55900,0.51600,2.04300,2.04300,-1.10100,0.94200,13.13000,4.38100,35.26700,35.26700,0.03000,0.03000,1.22200,0.13100,0.40430,19.96030,2.32670,2.32670,1.35900,0.50030,0.36920,1.50410,2.17240,41.42810,0.79190,1.62060,0.40060,0.68810,7.31160,0.9866,0.874
2009-09-30,165.41200,128.88600,36.52600,34.43000,-1.86900,36.29900,0.22700,-1.98200,-1.75500,-1.17500,-0.58000,-0.58000,-4.74600,-5.32600,9.18500,0.22700,35.27400,35.27400,-0.15000,-0.15000,2.69900,0.36060,0.56530,22.08180,0.13720,0.13720,-1.06100,-3.21980,0.30770,1.27880,1.96590,45.78130,-0.22620,-0.46810,-0.10790,-0.14460,7.27030,0.2046,0.1907
2009-06-30,165.43900,124.13400,41.30500,40.51000,-0.89100,41.40100,-0.09600,-2.09900,-2.19500,-1.47000,-0.72500,-0.72500,-0.67600,-1.40100,9.24300,-0.09600,35.26600,35.26600,-0.04000,-0.04000,2.70110,0.37790,0.62480,24.96690,-0.05800,-0.05800,-1.32680,-0.84680,0.30190,1.24840,1.81990,49.45300,-0.28170,-0.57450,-0.13230,-0.17520,7.29780,0.9271,0.877
2009-03-31,182.68900,127.20900,55.48000,41.58400,-1.27100,42.85500,12.62500,-2.40100,10.22400,3.96700,6.25700,6.25700,-1.15500,5.10200,21.84700,12.62500,35.24700,35.24700,0.14000,0.14000,2.86850,0.41610,0.71470,30.36860,6.91070,6.91070,5.59640,2.79270,0.31970,1.26820,1.58220,56.88220,2.45670,5.05730,1.09490,1.43440,7.22530,-0.06710,-0.10590
