Date,revenue,cost-goods-sold,gross-profit,selling-general-administrative-expenses,operating-expenses,operating-income,total-non-operating-income-expense,pre-tax-income,total-provision-income-taxes,income-after-taxes,income-from-continuous-operations,net-income,ebitda,ebit,basic-shares-outstanding,shares-outstanding,eps-basic-net-earnings-per-share,eps-earnings-per-share-diluted,current-ratio,long-term-debt-capital,debt-equity-ratio,gross-margin,operating-margin,ebit-margin,pre-tax-profit-margin,net-profit-margin,asset-turnover,inventory-turnover,receiveable-turnover,days-sales-in-receivables,roe,return-on-tangible-equity,roa,roi,book-value-per-share,operating-cash-flow-per-share,free-cash-flow-per-share
2023-06-30,,,,,,,,,,,,,,,,,,0.00000,,,,,,,,,,,,,,,,,,,
2021-12-31,-80.98300,-62.47600,-18.50700,2.62300,2.62300,-21.13000,-1.64700,-22.77700,0.41400,-23.19100,-23.08200,4.65300,-21.13000,-21.13000,56.41750,56.41750,-0.68000,-0.58000,0.67220,,,22.85290,26.09190,26.09190,28.12570,-5.74570,-0.28610,-10.19180,-63.16930,-1.42470,-31.10190,-52.53310,-8.15400,-31.10200,1.32360,0.3409,0.2164
2021-09-30,42.81000,39.74000,3.07000,5.73200,5.73200,-2.66200,0.28700,-2.37500,-0.25700,-2.11800,-2.13000,-2.22800,-2.66200,-2.66200,2.84670,2.84670,-0.80000,-0.80000,0.65570,,,7.17120,-6.21820,-6.21820,-5.54780,-5.20440,0.13890,6.11290,18.85070,4.77440,-2.96020,-17.09610,-0.69090,-2.96020,,0,0
2021-06-30,53.39900,38.87000,14.52900,5.90500,5.90500,8.62400,0.93600,9.56000,2.10800,7.45200,7.34900,6.20500,8.62400,8.62400,2.84070,2.90420,2.20000,2.10000,0.65270,,,27.20840,16.15010,16.15010,17.90300,11.62010,0.17420,6.66840,24.92950,3.61020,9.93850,52.99250,2.39770,9.93850,,0,0
2021-03-31,36.67900,33.26600,3.41300,5.67000,5.67000,-2.25700,1.12500,-1.13200,0.58100,-1.71300,-1.71400,-1.84000,-2.25700,-2.25700,2.83770,2.83770,-0.60000,-0.60000,0.61780,,,9.30510,-6.15340,-6.15340,-3.08620,-5.01650,0.11730,5.43560,17.63410,5.10370,-2.58830,-25.76280,-0.54810,-2.58830,,0.00000,
2020-12-31,47.07300,35.14200,11.93100,8.61400,19.21600,-7.28500,7.90000,0.61500,-8.29800,8.91300,10.86500,9.31500,-7.28500,-7.28500,2.81230,2.81230,3.50000,3.50000,0.54620,,0.00010,25.34570,-15.47600,-15.47600,1.30650,19.78840,0.15560,6.08730,25.52770,3.52560,16.05370,147.76280,3.59180,16.05370,24.33360,-2.3205,-3.537
2020-09-30,32.55200,30.53300,2.01900,5.54000,5.54000,-3.52100,1.03700,-2.48400,3.72500,-6.20900,-6.33700,-7.13100,-3.52100,-3.52100,2.77370,2.77370,-2.60000,-2.60000,0.55280,,0.00050,6.20240,-10.81660,-10.81660,-7.63090,-21.90650,0.10890,4.81900,19.28440,4.66700,-11.44790,145.37720,-2.11990,-11.44790,,0,0
2020-06-30,12.77100,22.31500,-9.54400,5.40100,5.40100,-14.94500,1.92600,-13.01900,0.56600,-13.58500,-13.70100,-12.84700,-14.94500,-14.94500,2.76950,2.76950,-4.60000,-4.60000,0.54430,,0.00070,-74.73180,-117.02290,-117.02290,-101.94190,-100.59510,0.04440,3.20480,5.96220,15.09510,-22.16670,-564.98810,-4.76350,-22.16670,,0,0
2020-03-31,17.31900,28.91100,-11.59200,6.04300,6.04300,-17.63500,-8.26000,-25.89500,4.22200,-30.11700,-32.01000,-26.61700,-17.63500,-17.63500,2.76820,2.76820,-9.60000,-9.60000,0.61230,,0.00080,-66.93230,-101.82460,-101.82460,-149.51790,-153.68670,0.05760,4.02880,7.07760,12.71610,-42.41420,-199.72550,-10.64410,-42.41420,,0.00000,
2019-12-31,50.73500,40.87700,9.85800,6.53500,6.53500,3.32300,0.54700,3.87000,3.00800,0.86200,0.65800,0.23100,3.32300,3.32300,2.80750,2.80750,0.00000,0.10000,0.72730,,0.00080,19.43040,6.54970,6.54970,7.62790,0.45530,0.15100,5.63350,16.09100,5.59320,0.60970,1.75330,0.19580,0.60970,39.11980,4.624,0.4089
2019-09-30,43.73300,40.61200,3.12100,7.56400,7.56400,-4.44300,0.24100,-4.20200,-0.82800,-3.37400,-3.53800,-3.25900,-4.44300,-4.44300,2.75860,2.75860,-1.20000,-1.20000,0.77790,0.00020,0.00100,7.13650,-10.15940,-10.15940,-9.60830,-7.45200,0.12630,5.49630,15.74260,5.71700,-3.39770,-10.02100,-1.02200,-3.39690,,0,0
2019-06-30,53.55100,41.61900,11.93200,6.61100,6.61100,5.32100,0.03400,5.35500,1.79800,3.55700,3.37400,2.94300,5.32100,5.32100,2.79050,2.92390,1.10000,1.00000,0.84420,0.00040,0.00120,22.28160,9.93630,9.93630,9.99980,5.49570,0.15670,5.92020,20.61240,4.36630,3.10060,8.92850,0.98730,3.09930,,0,0
2019-03-31,34.26400,32.42600,1.83800,5.87300,5.87300,-4.03500,1.02700,-3.00800,-0.43700,-2.57100,-2.68400,-2.34900,-4.03500,-4.03500,2.90340,2.90340,-0.80000,-0.80000,0.92570,,,5.36420,-11.77620,-11.77620,-8.77890,-6.85560,0.10570,5.26480,32.38560,2.77900,-2.50670,-3.52560,-0.82830,-2.50670,,0.00000,
2018-12-31,45.00400,37.10400,7.90000,8.03400,8.03400,-0.13400,2.17600,2.04200,1.90700,0.13500,0.06800,0.55800,-0.13400,-0.13400,2.92140,2.92140,0.20000,0.30000,1.12240,,,17.55400,-0.29770,-0.29770,4.53740,1.23990,0.18490,7.71230,51.37440,1.75180,0.06000,0.08120,0.02790,0.06000,38.79650,0.2834,-3.371
2018-09-30,35.25700,34.03600,1.22100,6.47200,6.47200,-5.25100,0.55900,-4.69200,-0.84300,-3.84900,-3.98300,-4.34400,-5.25100,-5.25100,2.94070,2.94070,-1.50000,-1.50000,,,,3.46310,-14.89350,-14.89350,-13.30800,-12.32100,,,,,,,,,,0,0
2018-06-30,47.48400,31.59400,15.89000,8.38500,8.38500,7.50500,0.70400,8.20900,2.87400,5.33500,5.30000,4.71700,7.50500,7.50500,2.93500,3.13440,1.60000,1.50000,1.66650,,,33.46390,15.80530,15.80530,17.28790,9.93390,0.20390,6.94980,52.99550,1.69830,4.70030,5.13240,2.27540,4.70030,,0,0
2018-03-31,28.75300,28.13000,0.62300,5.77000,5.77000,-5.14700,0.62500,-4.52200,-1.47900,-3.04300,-3.09800,-2.72000,-5.14700,-5.14700,2.92140,2.92140,-0.90000,-0.90000,1.64300,,,2.16670,-17.90070,-17.90070,-15.72710,-9.45990,0.12090,6.82100,30.23450,2.97670,-2.93540,-2.94780,-1.30310,-2.93540,,0.00000,
2017-12-31,39.06100,31.58400,7.47700,7.64100,7.64100,-0.16400,0.87800,0.71400,0.48600,0.22800,0.11100,0.20000,-0.16400,-0.16400,2.47350,2.65670,-0.10000,0.00000,1.78110,,,19.14190,-0.41990,-0.41990,1.82790,0.51200,0.17000,8.89940,38.03410,2.36630,0.10540,0.10580,0.04830,0.10540,36.04230,9.4474,5.0288
2017-09-30,37.40400,28.39600,9.00800,6.25700,6.25700,2.75100,0.29000,3.04100,1.52900,1.51200,1.48200,1.58800,2.75100,2.75100,2.33430,2.52560,0.70000,0.60000,1.82340,,,24.08300,7.35480,7.35480,8.13010,4.24550,0.15190,7.69540,27.93430,3.22180,1.44230,1.44820,0.60170,1.44230,,-8.2311,-5.7653
2017-06-30,37.81000,28.45800,9.35200,3.50400,3.50400,5.84800,-0.03700,5.81100,1.54000,4.27100,4.23000,4.28400,8.74800,5.84800,2.31640,2.51850,1.80000,1.70000,0.88470,,,24.73420,15.46680,15.46680,15.36900,11.33030,0.29380,7.00940,32.12400,2.80160,51.70520,54.30740,3.28740,51.59170,,8.2311,5.7653
2017-03-31,26.52800,22.83900,3.68900,2.79000,2.79000,0.89900,0.12700,1.02600,0.25700,0.76900,0.71800,1.04300,0.89900,0.89900,2.31640,2.50730,0.50000,0.40000,,,,13.90610,3.38890,3.38890,3.86760,3.93170,,,,,,,,,,0.00000,
2016-12-31,,,,,,,,,,,,,,,,,,0.00000,,,,,,,,,,,,,,,,,,0,0
2016-09-30,26.94300,22.40600,4.53700,2.04900,2.04900,2.48800,0.12600,2.61400,0.68400,1.93000,1.93000,2.20200,2.48800,2.48800,2.31640,2.47930,1.00000,0.90000,,,,16.83930,9.23430,9.23430,9.70200,8.17280,,,,,,,,,,0,0
