Date,revenue,cost-goods-sold,gross-profit,research-development-expenses,selling-general-administrative-expenses,other-operating-income-expenses,operating-expenses,operating-income,total-non-operating-income-expense,pre-tax-income,income-after-taxes,income-from-continuous-operations,income-from-discontinued-operations,net-income,ebitda,ebit,basic-shares-outstanding,shares-outstanding,eps-basic-net-earnings-per-share,eps-earnings-per-share-diluted,current-ratio,long-term-debt-capital,debt-equity-ratio,gross-margin,operating-margin,ebit-margin,pre-tax-profit-margin,net-profit-margin,asset-turnover,inventory-turnover,receiveable-turnover,days-sales-in-receivables,roe,return-on-tangible-equity,roa,roi,book-value-per-share,operating-cash-flow-per-share,free-cash-flow-per-share
2023-09-30,3.74200,1.54800,2.19400,0.20500,2.13700,,2.39700,-0.20300,0.02100,-0.18200,-0.18200,-0.18200,,-0.18200,-0.14700,-0.20300,10.46100,10.46100,-0.02000,-0.02000,4.65320,,,58.63180,-5.42490,-5.42490,-4.86370,-4.86370,0.34270,0.68250,2.59320,34.70600,-2.11090,-2.53840,-1.66680,-2.11090,0.82230,0.0529,0.0529
2023-06-30,3.54500,1.46600,2.07900,0.22100,2.23900,,2.51400,-0.43500,0.00200,-0.43300,-0.43300,-0.43300,,-0.43300,-0.38100,-0.43500,10.29700,10.29700,-0.04000,-0.04000,6.61150,,,58.64600,-12.27080,-12.27080,-12.21440,-12.21440,0.34130,0.68960,2.24940,40.01130,-5.00290,-6.04830,-4.16910,-5.00290,0.82550,0.022,0.022
2023-03-31,3.69700,1.58600,2.11100,0.23900,2.12400,,2.41700,-0.30600,,-0.30600,-0.30600,-0.30600,,-0.30600,-0.25300,-0.30600,10.29700,10.29700,-0.03000,-0.03000,5.88270,,,57.10040,-8.27700,-8.27700,-8.27700,-8.27700,0.33830,0.67550,1.88330,47.78740,-3.44050,-4.16040,-2.80040,-3.44050,0.84830,0.02680,0.02680
2022-12-31,2.55700,1.03600,1.52100,0.35800,1.78800,,2.21400,-0.69300,-0.02600,-0.71900,-0.71900,-0.71900,-0.12900,-0.91800,-0.63800,-0.69300,10.29700,10.29700,-0.13000,-0.13000,5.85060,0.00010,0.00810,59.48380,-27.10200,-27.10200,-28.11890,-35.90140,0.23250,0.32860,1.98830,45.26400,-8.09590,-9.85340,-6.53700,-8.09500,0.86250,-0.0192,-0.0192
2022-09-30,2.40900,1.64700,0.76200,0.25200,1.74300,,2.04300,-1.28100,0.03100,-1.25000,-1.25000,-1.25000,-1.90400,-3.23100,-1.18100,-1.28100,10.30400,10.30400,-0.30000,-0.30000,5.87880,0.00020,0.01490,31.63140,-53.17560,-53.17560,-51.88880,-134.12210,0.21250,0.47220,1.75330,51.33250,-13.04670,-15.71540,-11.02780,-13.04390,0.92980,-0.0163,-0.0163
2022-06-30,2.85000,1.45500,1.39500,0.27300,1.88500,,2.20900,-0.81400,0.06700,-0.74700,-0.74700,-0.74700,-0.39000,-1.20300,-0.71000,-0.81400,10.29900,10.29900,-0.11000,-0.11000,5.26860,0.00020,0.01710,48.94740,-28.56140,-28.56140,-26.21050,-42.21050,0.19060,0.31200,1.33930,67.20000,-5.98510,-7.62790,-4.99570,-5.98370,1.20960,-0.1027,-0.1126
2022-03-31,2.15900,1.10600,1.05300,0.37200,2.17700,,2.60000,-1.54700,-0.01400,-1.56100,-1.56100,-1.56100,-0.40600,-2.03000,-1.45500,-1.54700,10.21400,10.21400,-0.19000,-0.19000,6.66880,0.00200,0.02090,48.77260,-71.65350,-71.65350,-72.30200,-94.02500,0.13900,0.23640,1.66980,53.90000,-11.64750,-14.66690,-10.05280,-11.62410,1.29880,-0.17590,-0.17930
2021-12-31,2.63700,1.22600,1.41100,0.06000,1.62400,,1.72600,-0.31500,-0.00400,-0.31900,-0.31900,-0.31900,-0.72300,-1.10300,-0.22500,-0.31500,10.01800,10.01800,-0.12000,-0.12000,5.70460,0.00670,0.02350,53.50780,-11.94540,-11.94540,-12.09710,-41.82780,0.14940,0.27480,1.60690,56.00680,-2.16290,-2.45590,-1.80740,-2.14840,1.43780,-0.0337,-0.0337
2021-09-30,2.57800,1.21800,1.36000,0.39500,1.71800,,2.16200,-0.80200,0.00000,-0.80200,-0.80200,-0.80200,-0.36000,-1.22200,-0.74900,-0.80200,10.04500,10.04500,-0.11000,-0.11000,7.47180,0.01060,0.02690,52.75410,-31.10940,-31.10940,-31.10940,-47.40110,0.14470,0.26200,1.65790,54.28630,-5.23160,-6.45270,-4.50060,-5.17620,1.49810,-0.0904,-0.0917
2021-06-30,2.26600,0.99100,1.27500,0.48700,1.85400,,2.39200,-1.11700,-0.00900,-1.12600,-1.12600,-1.12600,,-1.18600,-1.06100,-1.11700,9.94300,9.94300,-0.12000,-0.12000,6.83870,0.01560,0.03170,56.26660,-49.29390,-49.29390,-49.69110,-52.33890,0.12600,0.19480,1.63970,54.88970,-7.51120,-8.56660,-6.25870,-7.39430,1.48600,-0.0117,-0.0117
2021-03-31,2.73600,1.14900,1.58700,0.55600,1.99900,,2.60500,-1.01800,0.48100,-0.53700,-0.53700,-0.53700,,-0.59600,-0.96500,-1.01800,9.88300,9.88300,-0.06000,-0.06000,10.41690,0.01890,0.03420,58.00440,-37.20760,-37.20760,-19.62720,-21.78360,0.15250,0.24560,1.59250,56.51320,-3.45630,-3.93520,-2.99400,-3.39100,1.56120,-0.00560,-0.00790
2020-12-31,2.33400,1.03200,1.30200,0.60900,1.36200,0.00000,2.02100,-0.71900,-0.04000,-0.75900,-0.75900,-0.75900,,-0.82000,-0.66500,-0.71900,9.07900,9.07900,-0.08000,-0.08000,11.43700,0.05150,0.06900,55.78410,-30.80550,-30.80550,-32.51930,-35.13280,0.12610,0.19460,1.71110,52.59640,-4.87380,-5.56530,-4.10050,-4.62270,1.57730,-0.1655,-0.1655
2020-09-30,2.12100,0.89600,1.22500,0.75100,1.54400,0.18700,2.15700,-0.93200,-0.08000,-1.01200,-1.01200,-1.01200,,-1.07200,-0.87900,-0.93200,9.04000,9.04000,-0.12000,-0.12000,4.94120,0.04800,0.09970,57.75580,-43.94150,-43.94150,-47.71330,-50.54220,0.13920,0.16640,2.35410,38.23200,-8.84620,-10.69650,-6.63950,-8.42140,1.26550,-0.1986,-0.1999
2020-06-30,1.57700,0.68200,0.89500,0.83600,1.61000,,2.49300,-1.59800,-0.05900,-1.65700,-1.65700,-1.65700,,-1.71700,-1.54700,-1.59800,8.98600,8.98600,-0.19000,-0.19000,4.72690,0.05390,0.09760,56.75330,-101.33160,-101.33160,-105.07290,-108.87760,0.09470,0.14300,1.81260,49.65120,-13.49790,-16.16110,-9.95260,-12.76970,1.35800,-0.182,-0.2071
2020-03-31,2.52900,1.03800,1.49100,0.56300,1.95000,0.04200,2.51700,-1.02600,-0.07200,-1.09800,-1.09800,-1.09800,,-1.15700,-0.97600,-1.02600,8.59000,8.59000,-0.13000,-0.13000,4.76480,0.03900,0.20810,58.95610,-40.56940,-40.56940,-43.41640,-45.74930,0.13820,0.28450,1.58360,56.83270,-8.05220,-9.49090,-6.00200,-7.73840,1.51230,-0.21420,-0.21420
2019-12-31,3.16100,1.26100,1.90000,0.76400,1.42600,0.04300,2.19100,-0.29100,-0.07800,-0.36900,-0.14400,-0.14400,,-0.20500,-0.24300,-0.29100,7.54200,7.54200,-0.01000,-0.01000,3.41800,0.07380,0.18000,60.10760,-9.20600,-9.20600,-11.67350,-6.48530,0.27180,0.49220,3.02490,29.75330,-1.87280,-2.58160,-1.23830,-1.73450,0.95410,0.0409,0.0409
2019-09-30,3.09500,1.27600,1.81900,0.77700,1.78700,0.09400,2.51400,-0.69500,-0.04900,-0.74400,-0.74400,-0.74400,,-0.80400,-0.64700,-0.69500,7.70300,7.70300,-0.10000,-0.10000,2.60490,0.09210,0.27830,58.77220,-22.45560,-22.45560,-24.03880,-25.97740,0.26790,0.59960,1.63410,55.07590,-11.06810,-16.29080,-6.43930,-10.04860,0.86350,-0.0685,-0.0703
2019-06-30,2.30900,0.94200,1.36700,0.79300,1.40300,0.00900,2.23500,-0.86800,-0.07400,-0.94200,-0.94200,-0.94200,,-1.00300,-0.81600,-0.86800,7.38800,7.38800,-0.14000,-0.14000,2.56290,0.09690,0.28710,59.20310,-37.59200,-37.59200,-40.79690,-43.43870,0.19220,0.40710,1.50030,59.98700,-13.84070,-20.44720,-7.84090,-12.50000,0.88700,-0.1764,-0.1764
2019-03-31,1.76900,0.77100,0.99800,0.75600,1.50300,0.01000,2.29900,-1.30100,-0.04800,-1.34900,-1.34900,-1.34900,,-1.40800,-1.24900,-1.30100,7.13000,7.13000,-0.20000,-0.20000,2.30610,0.12310,0.33760,56.41610,-73.54440,-73.54440,-76.25780,-79.59300,0.17450,0.37790,1.41630,63.54440,-24.07210,-40.13690,-13.30640,-21.10780,0.78070,-0.09780,-0.09780
2018-12-31,1.61200,0.65800,0.95400,0.54600,1.09700,,1.68300,-0.72900,-0.02800,-0.75700,-0.66400,-0.66400,,-0.72500,-0.68900,-0.72900,6.84700,6.84700,-0.05000,-0.05000,3.07950,0.11030,0.29850,59.18120,-45.22340,-45.22330,-46.96030,-44.97520,0.15270,0.35300,1.18620,75.87470,-9.76760,-14.68380,-6.28910,-8.69000,0.94610,-0.0952,-0.0952
2018-09-30,1.72400,0.77200,0.95200,0.35200,1.06900,,1.46300,-0.51100,-0.03900,-0.55000,-0.55000,-0.55000,,-0.56600,-0.46900,-0.51100,7.13000,7.13000,-0.08000,-0.08000,5.81670,0.11260,0.17700,55.22040,-29.64040,-29.64040,-31.90260,-32.83060,0.18330,0.52910,1.14320,78.72390,-7.78260,-9.02230,-5.84860,-6.90610,0.99130,-0.1533,-0.1533
2018-06-30,1.36600,0.53600,0.83000,0.35200,1.09100,,1.48300,-0.65300,-0.02900,-0.68200,-0.68200,-0.68200,,-0.68200,-0.61300,-0.65300,7.02800,7.02800,-0.10000,-0.10000,4.13400,0.17450,0.28700,60.76130,-47.80380,-47.80380,-49.92680,-49.92680,0.19960,0.39640,1.59770,56.33240,-15.16230,-19.52480,-9.96350,-12.51610,0.63090,-0.1779,-0.1779
2018-03-31,0.98500,0.51800,0.46700,0.28900,1.26000,,1.59000,-1.12300,-0.30600,-1.42900,-1.42900,-1.42900,,-1.42900,-1.04800,-1.12300,6.17370,6.17370,-0.27000,-0.27000,2.03000,0.34570,0.70440,47.41120,-114.01020,-114.01020,-145.07610,-145.07610,0.21270,0.55820,1.45280,61.94920,-75.29010,-166.16280,-30.85060,-49.25890,0.29880,-0.10840,-0.10840
2017-12-31,1.30000,0.51200,0.78800,0.25700,0.89500,,1.19100,-0.40300,-0.09700,-0.50000,1.28900,1.28900,,1.28900,-0.33100,-0.40300,5.88120,5.88120,0.09000,0.09000,2.03580,0.32850,0.85380,60.61540,-31.00000,-31.00000,-38.46150,99.15380,0.26090,0.75960,1.55500,57.87690,66.10250,146.81100,25.86800,44.38710,0.31740,0.2979,0.2979
2017-09-30,0.91600,0.38400,0.53200,0.23700,0.75300,,1.05000,-0.51800,-0.11400,-0.63200,-0.63200,-0.63200,,-0.63200,-0.42900,-0.51800,6.01530,6.01530,-0.09000,-0.09000,1.13950,0.77670,5.60380,58.07860,-56.55020,-56.55020,-68.99560,-68.99560,0.32440,0.66090,1.21970,73.78820,-238.48790,75.23810,-22.37960,-53.24350,0.04400,-0.1166,-0.1166
2017-06-30,0.85900,0.34200,0.51700,0.27700,0.88000,,1.21700,-0.70000,-0.08600,-0.78600,-0.78600,-0.78600,,-0.78600,-0.61200,-0.70000,5.95800,5.95800,-0.09000,-0.09000,1.68260,0.53250,1.13920,60.18630,-81.49010,-81.49010,-91.50170,-91.50170,0.30240,0.56720,1.47090,61.18740,-100.38310,210.16040,-27.66630,-46.92540,0.13010,-0.0748,-0.0748
2017-03-31,0.73400,0.27900,0.45500,0.23100,0.77000,,1.06000,-0.60500,-0.07500,-0.68000,-0.68000,-0.68000,,-0.68000,-0.52000,-0.60500,5.51080,5.51080,-0.09000,-0.09000,2.47180,0.38610,0.62880,61.98910,-82.42510,-82.42510,-92.64300,-92.64300,0.22380,0.69580,1.26120,71.36240,-49.49060,-414.63410,-20.73800,-30.38430,0.22830,-0.11960,-0.11960
2016-12-31,0.74600,0.36000,0.38600,0.31500,0.62100,,0.99500,-0.60900,-0.04600,-0.65500,-0.65500,-0.65500,,-0.65500,-0.49700,-0.60900,5.39760,5.39760,-0.09000,-0.09000,1.41230,0.55680,1.25640,51.74260,-81.63540,-81.63550,-87.80160,-87.80160,0.27860,0.75160,1.92270,46.80970,-98.20120,110.08410,-24.45860,-43.52160,0.12060,-0.099,-0.099
2016-09-30,0.47500,0.15900,0.31600,0.24100,0.65200,,0.95300,-0.63700,-0.06900,-0.70600,-0.70600,-0.70600,,-0.70600,-0.58300,-0.63700,5.41980,5.41980,-0.09000,-0.09000,2.23980,0.40080,0.66890,66.52630,-134.10530,-134.10530,-148.63160,-148.63160,0.15780,0.46630,1.52730,58.92630,-58.01130,-58.01150,-23.45520,-34.76120,0.22260,-0.1451,-0.146
2016-06-30,0.50900,0.21200,0.29700,0.25400,0.80400,,1.11400,-0.81700,-0.01800,-0.83500,-0.83500,-0.83500,,-0.83500,-0.75500,-0.81700,5.39350,5.39350,-0.18000,-0.18000,2.01480,0.32100,0.47280,58.34970,-160.51080,-160.51080,-164.04710,-164.04710,0.12740,0.51330,1.47110,61.17880,-49.91040,-49.91030,-20.90110,-33.88800,0.30840,-0.0497,-0.0522
2016-03-31,0.59000,0.29500,0.29500,0.26900,0.77700,,1.10100,-0.80600,-0.03000,-0.83600,-0.83600,-0.83600,,-0.83600,-0.75100,-0.80600,5.35210,5.35210,-0.18000,-0.18000,1.69660,,,50.00000,-136.61020,-136.61020,-141.69490,-141.69490,0.17220,0.61970,1.03690,86.79660,-41.94670,-41.94680,-24.39450,-41.94680,0.36740,-0.09750,-0.10240
2015-12-31,0.51300,0.25900,0.25400,0.24400,0.89100,,1.18800,-0.93400,-0.00100,-0.93500,-0.93500,-0.93500,,-1.00800,-0.88100,-0.93400,3.86420,3.86420,-0.18000,0.09000,2.56930,,,49.51260,-182.06620,-182.06620,-182.26110,-196.49120,0.12920,0.43820,1.29220,69.64910,-35.09760,-78.50550,-23.55160,-35.09760,0.49360,-0.2768,-0.2801
2015-09-30,0.32000,0.15400,0.16600,0.22600,0.97400,,1.25300,-1.08700,0.50600,-0.58100,-0.58100,-0.58100,,-0.58100,-1.03400,-1.08700,3.62430,3.62430,-0.18000,-0.18000,2.42070,,,51.87500,-339.68750,-339.68750,-181.56250,-181.56250,0.07430,0.23160,1.48150,60.75000,-20.80950,-20.80950,-13.49590,-20.80950,0.55810,-0.2918,-0.2918
2015-06-30,0.56700,0.20900,0.35800,0.16400,0.73500,,0.95200,-0.59400,-1.22100,-1.81500,-1.81500,-1.81500,,-1.81500,-0.54100,-0.59400,3.46530,3.46530,-0.54010,-0.54010,1.32840,,,63.13930,-104.76190,-104.76190,-320.10580,-320.10580,0.16720,0.49880,1.92200,46.82540,30.61230,30.61230,-53.52400,30.61230,-1.65590,-0.1961,-0.1961
2015-03-31,0.54400,0.26200,0.28200,0.19200,0.84300,,1.08800,-0.80600,1.04900,0.24300,0.24300,0.24300,,0.24300,-0.75300,-0.80600,3.36190,4.11980,0.09000,-0.18000,0.78900,,,51.83820,-148.16170,-148.16170,44.66910,44.66910,0.20750,1.25960,1.62870,55.25740,-4.49090,-4.49090,9.26770,-4.49090,-1.60250,-0.22260,-0.22260
2014-12-31,0.34300,0.12600,0.21700,0.26000,0.69400,,1.00700,-0.79000,-0.45400,-1.24400,-1.24400,-1.24400,,-1.24400,-0.59100,-0.79000,2.64610,2.64610,-0.18000,0.99010,1.35040,,,63.26530,-230.32060,-230.32060,-362.68210,-362.68210,0.10180,0.67740,3.11820,28.86300,21.89760,21.89760,-36.92490,21.89760,-1.68250,-0.4957,-0.4957
2014-09-30,0.49100,0.17500,0.31600,0.17800,0.76500,,0.99700,-0.68100,3.40400,2.72300,2.72300,2.72300,,2.72300,-0.59600,-0.68100,2.80400,3.72090,0.99010,-0.18000,0.44720,,-4.15540,64.35850,-138.69650,-138.69650,554.58250,554.58250,0.15810,1.62040,2.74300,32.81060,-705.44120,-705.44060,87.69730,-705.44040,-0.13760,-0.1371,-0.1371
2014-06-30,0.44100,0.14200,0.29900,0.18000,0.70000,,0.93500,-0.63600,-4.70300,-5.33900,-5.33900,-5.33900,,-5.33900,-0.58100,-0.63600,2.79610,2.79610,-1.89020,-1.89020,0.33250,,,67.80050,-144.21770,-144.21770,-1210.65800,-1210.65800,0.18750,0.87120,3.90270,23.06120,-2471.70400,-2471.75900,-226.99830,-2471.75900,0.07710,-0.0126,-0.0126
2014-03-31,0.47300,0.10600,0.36700,0.16300,0.71100,,0.92900,-0.56200,-2.94900,-3.51100,-3.51100,-3.51100,,-3.51100,-0.36500,-0.56200,2.09060,2.09060,-1.71020,-1.71020,0.52860,,,77.58990,-118.81610,-118.81610,-742.28330,-742.28330,0.15460,0.55210,0.99580,90.38060,-458.35460,-458.35500,-114.77610,-458.35510,0.27330,-0.29750,-0.29750
2013-12-31,0.22600,0.28700,-0.06100,0.18100,0.77600,,1.01200,-1.07300,4.91900,3.84600,3.84600,3.84600,,3.84600,-0.96600,-1.07300,1.73590,2.30640,2.34020,0.00000,0.28240,,-0.36520,-26.99110,-474.77880,-474.77880,1701.77000,1701.77000,0.07820,1.77160,1.85250,48.58410,-103.41490,-103.41490,133.12570,-103.41490,-1.85130,-0.1892,-0.1894
2013-09-30,0.41800,0.18900,0.22900,0.20400,0.57800,,0.83700,-0.60800,-0.00300,-0.61100,-0.61100,-0.61100,,-0.61100,-0.55300,-0.60800,1.97610,1.97610,-0.27000,-0.27000,0.30770,,,54.78470,-145.45450,-145.45450,-146.17230,-146.17230,0.16350,0.64950,4.01920,22.39230,-142.09460,-142.09300,-23.90450,-142.09300,0.21460,0.2175,0.2177
2013-06-30,0.57500,0.22600,0.34900,0.25900,0.66000,,0.97700,-0.62800,-0.04300,-0.67100,-0.67100,-0.67100,,-0.67100,-0.56900,-0.62800,1.61720,1.61720,-0.45000,-0.45000,0.51510,,,60.69570,-109.21740,-109.21740,-116.69570,-116.69570,0.19950,1.53740,1.61970,55.56520,-79.78610,-79.78600,-23.28240,-79.78600,0.42090,-0.8855,-0.8857
2013-03-31,0.52100,0.19600,0.32500,0.22300,1.05500,,1.33300,-1.00800,-0.23400,-1.24200,-1.24200,-1.24200,,-1.24200,-0.74900,-1.00800,1.33420,1.33420,-0.90010,-0.90010,0.17090,,-0.76650,62.38000,-193.47410,-193.47410,-238.38770,-238.38770,0.19040,1.03700,3.72140,24.18430,73.23100,73.23110,-45.37820,73.23110,-1.26950,-0.69630,-0.69480
2012-12-31,0.36800,0.28900,0.07900,0.08000,1.05600,,1.19100,-1.11200,0.01400,-1.09800,-1.09800,-1.09800,,-1.09800,-1.05700,-1.11200,1.24700,1.24700,-0.90010,-0.90010,0.41070,,,21.46740,-302.17380,-302.17370,-298.36940,-298.36960,0.10430,0.92630,0.39360,228.66840,184.53850,184.53780,-31.12240,184.53780,-0.44820,-0.3927,-0.3495
2012-09-30,0.60400,0.19100,0.41300,0.20800,1.00600,,1.26600,-0.85300,,-0.85300,-0.85300,-0.85300,,-0.85300,-0.80100,-0.85300,1.28430,1.28430,-0.63010,-0.63010,0.64570,,,68.37750,-141.22520,-141.22520,-141.22520,-141.22520,0.15270,0.65190,0.56450,159.43710,-264.08180,-264.08650,-21.56220,-264.08670,0.25000,-0.5426,-0.5424
2012-06-30,0.30200,0.03500,0.26700,0.19900,0.83800,,1.07900,-0.81200,0.05800,-0.75400,-0.75400,-0.75400,,-0.75400,-0.77000,-0.81200,1.21850,1.21850,-0.63010,-0.63010,0.91520,,,88.41060,-268.87420,-268.87420,-249.66890,-249.66890,0.06940,0.13060,0.33930,265.23180,-84.05780,-84.05800,-17.33730,-84.05800,0.70920,-0.6674,-0.6731
2012-03-31,0.53300,0.22200,0.31100,0.14500,0.72000,,0.86700,-0.55600,-0.00100,-0.55700,-0.55700,-0.55700,,-0.55700,-0.55400,-0.55600,1.17380,1.17380,-0.45000,-0.45000,2.66870,,,58.34900,-104.31520,-104.31520,-104.50280,-104.50280,0.14810,0.92500,0.51250,175.60980,-53.86840,-53.86850,-15.47650,-53.86850,0.87440,0.36210,0.36210
2011-12-31,0.48900,0.34000,0.14900,0.12000,0.68000,,0.83000,-0.68100,0.00400,-0.65000,-0.65000,-0.63800,0.00000,-0.63800,-0.66200,-0.68100,1.18130,1.18130,-0.54010,-0.54010,2.71790,,,34.76480,-139.26380,-139.26380,-132.92430,-130.47040,0.12240,1.37650,0.41790,215.33740,-44.89790,-44.89800,-15.97400,-44.89800,1.21800,-0.4848,-0.4848
2011-09-30,0.40700,0.09800,0.30900,0.13700,0.57400,,0.73400,-0.42500,0.01200,-0.41300,-0.41300,-0.41300,,-0.41300,-0.40200,-0.42500,1.11820,1.11820,-0.36000,-0.36000,2.75730,,,75.92140,-104.42260,-104.42260,-101.47420,-101.47420,0.14130,0.25130,2.03500,44.22600,-22.44560,-22.32430,-14.34030,-22.32430,,0.3658,0.3658
2011-06-30,0.63700,0.43400,0.20300,0.11700,0.66000,,0.80100,-0.59800,-0.00400,-0.60200,-0.60200,-0.60200,,-0.60200,-0.57400,-0.59800,1.11820,1.11820,-0.54010,-0.54010,4.87500,,,31.86810,-93.87760,-93.87760,-94.50550,-94.50550,0.22830,1.31520,1.09830,81.94660,-26.99550,-26.99550,-21.57710,-27.11710,,0.2688,0.2688
2011-03-31,0.68100,0.48200,0.19900,0.09200,0.72900,,0.84500,-0.64600,-0.06100,-0.70700,-0.70700,-0.70700,,-0.70700,-0.58200,-0.64600,0.44130,0.44130,-1.62020,-1.62020,4.13950,,,29.22170,-94.86050,-94.86050,-103.81790,-103.81790,0.18710,0.77740,1.19470,75.33040,-25.43160,-25.43170,-19.42310,-25.43170,,-1.24180,-1.24180
2010-12-31,0.51700,0.38000,0.13700,0.11000,0.63000,,0.77000,-0.63300,-0.04000,-0.68000,-0.68000,-0.66500,0.00000,-0.66500,-0.56300,-0.63300,0.08240,0.08240,-8.10080,-8.10080,1.02070,,3.84620,30.94780,-122.43710,-122.43710,-131.52800,-128.62670,0.32520,0.52780,1.61560,55.70600,-511.53610,-475.00010,-41.82390,-511.53850,0.55960,-12.9002,-13.2385
2010-09-30,0.62200,0.31000,0.31200,0.11000,0.55000,,0.69000,-0.37800,0.01000,-0.37000,-0.37000,-0.37500,0.00000,-0.37500,-0.34800,-0.37800,0.23230,0.23230,-1.80020,-1.80020,1.75000,,,48.23150,-60.77170,-60.77170,-59.48550,-60.28940,0.37020,0.51670,1.41360,63.66560,-47.46840,-46.87500,-22.32140,-47.46840,,0.3079,0.2821
2010-06-30,0.80900,0.52000,0.28900,0.07000,0.54000,,0.64000,-0.35100,0.00100,-0.36000,-0.36000,-0.36500,0.00000,-0.36500,-0.32100,-0.35100,0.23180,0.23180,-1.80020,-1.80020,2.06980,,,34.61060,-43.38690,-43.38690,-44.49940,-45.11740,0.41700,0.75360,1.24460,72.31150,-33.79630,-33.79630,-18.81440,-34.11220,,-1.5969,-1.5969
2010-03-31,0.98900,0.60000,0.38900,0.07000,0.80000,,0.90000,-0.51100,-0.00100,-0.52000,-0.52000,-0.52800,0.00000,-0.52800,-0.48100,-0.51100,0.29330,0.29330,-1.80020,-1.80020,2.40230,,,38.42270,-51.66840,-51.66840,-52.57840,-53.38730,0.43380,0.76920,1.62130,55.51060,-37.44690,-37.44680,-23.15790,-37.44680,,-1.46610,-1.46610
2009-12-31,0.79200,1.29000,-0.49800,0.23000,2.03000,,2.42000,-2.91800,0.37300,-2.52000,-2.52000,-0.48300,0.00000,-0.48300,-2.68800,-2.91800,0.24390,0.24390,-1.80020,-1.80020,3.50720,,,-61.86870,-368.43430,-368.43430,-318.18180,-60.98490,0.29890,1.98460,1.27740,70.45450,-24.76930,-24.64290,-18.22640,-24.76920,8.43830,-10.7011,-10.7831
2009-09-30,0.71100,,0.71100,0.00000,,,,0.71100,,0.71000,0.71000,-0.39500,0.00000,-0.39500,0.71100,0.71100,0.22460,0.22460,-1.80020,-1.80020,,,,99.85930,100.00000,100.00000,99.85930,-55.55560,,,,,,,,,,0,0
2009-06-30,0.52700,,0.52700,0.00000,,,,0.52700,,0.52000,0.52000,-0.41300,0.00000,-0.41300,0.45700,0.52700,0.22940,0.22940,-1.80020,-1.80020,,,,98.67170,100.00000,100.00000,98.67170,-78.36810,,,,,,,,,,0,0
2009-03-31,0.63000,0.45000,0.18000,0.05000,0.78000,,0.90000,-0.72000,0.00500,-0.73000,-0.73000,-0.73000,0.00000,-0.73000,-0.65000,-0.72000,,,,0.00000,2.00000,,,26.98410,-114.28570,-114.28570,-115.87300,-115.87300,0.19870,0.77590,1.46510,61.42860,-41.71440,-41.47730,-23.02840,-41.47730,,0.00000,
