Date,revenue,cost-goods-sold,gross-profit,selling-general-administrative-expenses,other-operating-income-expenses,operating-expenses,operating-income,pre-tax-income,total-provision-income-taxes,income-after-taxes,income-from-continuous-operations,net-income,ebitda,ebit,basic-shares-outstanding,shares-outstanding,eps-basic-net-earnings-per-share,eps-earnings-per-share-diluted,long-term-debt-capital,debt-equity-ratio,operating-margin,ebit-margin,pre-tax-profit-margin,net-profit-margin,asset-turnover,roe,return-on-tangible-equity,roa,roi,book-value-per-share,operating-cash-flow-per-share,free-cash-flow-per-share
2023-12-31,151.38000,8.23200,143.14800,,-29.90100,37.96700,105.18100,105.18100,21.76800,83.41300,83.41300,83.41300,117.30900,113.24700,82.40700,83.85400,1.03000,1.01000,0.17110,0.20640,69.48140,74.80980,69.48150,55.10170,0.05150,4.33090,4.33910,2.83670,3.58980,23.81280,0.351,0.3336
2023-09-30,148.15900,4.81200,143.34700,,-27.98800,36.04700,107.30000,107.30000,23.34500,83.95500,83.95500,83.95500,116.59500,115.35900,82.09600,83.67000,1.02000,1.00000,0.18150,0.22180,72.42220,77.86160,72.42220,56.66550,0.05360,4.68770,4.69720,3.03960,3.83680,21.94000,1.4582,1.4179
2023-06-30,142.68500,2.87300,139.81200,,-27.71500,35.76300,104.04900,104.04900,23.76500,80.28400,80.28400,80.28400,116.53800,112.09700,82.95800,84.19000,0.97000,0.95000,0.18490,0.22690,72.92220,78.56260,72.92220,56.26660,0.05300,4.59040,4.60000,2.98470,3.74150,21.25360,1.2186,1.1824
2023-03-31,136.77900,6.70100,130.07800,,-25.86600,33.90500,96.17300,96.17300,21.71500,74.45800,74.45800,74.45800,108.45600,104.21200,83.60000,84.84000,0.89000,0.88000,0.18850,0.23230,70.31270,76.19010,70.31270,54.43670,0.05190,4.36270,4.37200,2.82700,3.54030,20.49370,1.05890,1.04100
2022-12-31,133.10700,3.45000,129.65700,,-26.84200,34.87700,94.78000,94.78000,21.84000,72.94000,72.94000,72.94000,107.03800,102.81500,84.92100,85.99900,0.87000,0.86000,0.19710,0.24540,71.20590,77.24240,71.20590,54.79800,0.05290,4.52000,4.53020,2.89900,3.62930,19.31450,0.35,0.3178
2022-09-30,130.57700,-3.38900,133.96600,,-27.34100,35.37700,98.58900,98.58900,21.75100,76.83800,76.83800,76.83800,111.55300,106.62500,84.44400,85.48500,0.91000,0.90000,0.20590,0.25930,75.50260,81.65680,75.50260,58.84500,0.05430,5.03570,5.04770,3.19650,3.99880,18.20930,1.2863,1.2569
2022-06-30,132.22000,-3.03600,135.25600,,-30.01600,38.06700,97.18900,97.18900,21.74500,75.44400,75.44400,75.44400,110.27500,105.24000,85.73400,86.57700,0.88000,0.86000,0.20590,0.25920,73.50550,79.59460,73.50550,57.05950,0.05530,4.94680,4.95870,3.15360,3.92850,18.00560,1.0881,1.0493
2022-03-31,127.44100,-0.61900,128.06000,,-33.27200,41.31300,86.74700,86.74700,19.06700,67.68000,67.68000,67.68000,100.03900,94.78800,85.95300,87.31000,0.79000,0.77000,0.20460,0.25730,68.06840,74.37790,68.06840,53.10690,0.05260,4.40900,4.41950,2.79210,3.50670,17.84120,0.91980,0.89720
2021-12-31,125.07200,-0.50100,125.57300,,-39.38100,47.41000,78.16300,78.16300,17.63900,60.52400,60.52400,60.52400,91.39900,86.19200,85.62000,86.88500,0.71000,0.70000,0.20130,0.25200,62.49440,68.91390,62.49440,48.39130,0.05100,3.86540,3.87440,2.46980,3.08730,18.25070,0.5102,0.4741
2021-09-30,124.04100,3.20400,120.83700,,-35.45600,43.38600,77.45100,77.45100,17.25800,60.19300,60.19300,60.19300,90.47400,85.38100,85.72100,86.88000,0.70000,0.69000,0.20640,0.26000,62.43980,68.83290,62.43980,48.52670,0.05170,3.96990,3.97950,2.50980,3.15060,17.68320,1.1361,1.101
2021-06-30,120.76500,4.64000,116.12500,,-34.54800,42.47000,73.65500,73.65500,16.13300,57.52200,57.52200,57.52200,86.34900,81.57700,85.64700,86.81900,0.67000,0.65000,0.21250,0.26980,60.99040,67.55020,60.99040,47.63140,0.05240,3.94010,3.95000,2.49460,3.10280,17.03450,1.1144,1.0731
2021-03-31,115.19400,4.96200,110.23200,,-34.86100,42.77600,67.45600,67.45600,14.56500,52.89100,52.89100,52.89100,80.12500,75.37100,85.31700,86.48700,0.62000,0.61000,0.22190,0.28520,58.55860,65.42960,58.55860,45.91470,0.05270,3.83180,3.84190,2.41750,2.98160,16.12510,0.98820,0.95980
2020-12-31,109.90300,3.54900,106.35400,,-36.83200,44.73800,61.61600,61.61600,13.34800,48.26800,48.26800,48.26800,74.06200,69.52200,78.02300,79.26300,0.54000,0.58000,0.22310,0.28720,56.06400,63.25760,56.06400,43.91870,0.05070,3.52430,3.53360,2.22780,2.73800,16.08200,0.6754,0.6283
2020-09-30,107.78300,15.66700,92.11600,,-34.96300,42.75900,49.35700,49.35700,11.17800,38.17900,38.17900,38.17900,61.43700,57.15300,84.80500,85.59900,0.45000,0.45000,0.23110,0.30060,45.79290,53.02600,45.79290,35.42210,0.05180,2.91990,2.92800,1.83390,2.24510,15.41770,0.7944,0.7507
2020-06-30,107.94800,34.33400,73.61400,,-32.69600,38.63700,34.97700,34.97700,8.12900,26.84800,26.84800,26.84800,46.71100,40.91800,73.61700,74.17400,0.36000,0.36000,0.23810,0.31250,32.40170,37.90530,32.40170,24.87120,0.05270,2.13580,2.14200,1.31160,1.62730,14.82270,1.0373,0.9959
2020-03-31,107.64900,5.69700,101.95200,,-27.05200,29.79600,72.15600,72.15600,13.88500,58.27100,58.27100,58.27100,77.91700,74.90000,68.56300,70.40100,0.85000,0.74000,0.12990,0.14930,67.02900,69.57800,67.02900,54.13060,0.07760,5.97720,5.99960,4.19870,5.20090,14.15470,0.67970,0.65850
2019-12-31,104.89700,4.26900,100.62800,,-34.86500,37.83900,62.78900,62.78900,12.59400,50.19500,50.19500,50.19500,68.96700,65.76300,67.57300,69.72100,0.74000,0.74000,0.13540,0.15670,59.85780,62.69290,59.85780,47.85170,0.07690,5.39490,5.41600,3.67780,4.66420,13.61100,0.9956,0.959
2019-09-30,101.58800,2.57200,99.01600,,-32.10500,35.08400,63.93200,63.93200,14.16900,49.76300,49.76300,49.76300,69.80900,66.91100,67.84900,70.13700,0.73000,0.69000,0.14320,0.16720,62.93260,65.86510,62.93260,48.98510,0.07810,5.69710,5.72090,3.82360,4.88110,12.85920,0.7351,0.6934
2019-06-30,91.18000,2.92300,88.25700,,-34.22800,37.29900,50.95800,50.95800,11.85800,39.10000,39.10000,39.10000,56.82400,54.02900,67.59000,69.59000,0.58000,0.56000,0.15260,0.18000,55.88730,59.25530,55.88730,42.88220,0.07470,4.81300,4.83470,3.20390,4.07870,11.98770,0.8449,0.8058
2019-03-31,81.10600,2.74300,78.36300,,-36.32800,39.38900,38.97400,38.97400,6.07500,32.89900,32.89900,32.89900,44.70000,42.03500,66.69200,68.99600,0.49000,0.48000,0.16310,0.19480,48.05320,51.82720,48.05320,40.56300,0.07070,4.37560,4.39680,2.86700,3.66200,11.13870,0.40990,0.38450
2018-12-31,76.25900,2.14100,74.11800,,-25.84600,28.87400,45.24400,45.24400,9.72400,35.52000,35.52000,35.52000,50.85000,48.27200,65.01900,67.65200,0.54000,0.53000,0.17300,0.20920,59.32940,63.30010,59.32940,46.57810,0.06980,5.06340,5.08980,3.25260,4.18740,10.57770,0.7129,0.6712
2018-09-30,71.76100,1.09900,70.66200,,-35.84300,38.81500,31.84700,31.84700,7.03600,24.81100,24.81100,24.81100,37.49000,34.81900,65.94800,68.84400,0.38000,0.36000,0.18210,0.22260,44.37930,48.52080,44.37930,34.57450,0.06820,3.75640,3.77720,2.35740,3.07260,9.96430,0.5489,0.5193
2018-06-30,67.45300,0.64300,66.81000,,-28.91100,34.47100,32.33900,32.33900,7.09800,25.24100,25.24100,25.24100,42.71200,37.89900,65.66400,68.61600,0.38000,0.37000,0.18950,0.23390,47.94300,56.18580,47.94300,37.42010,0.06640,4.00880,4.03210,2.48320,3.24890,9.57570,0.5726,0.5456
2018-03-31,59.55200,1.56900,57.98300,,-28.03300,31.45200,26.53100,26.53100,4.17600,22.35500,22.35500,22.35500,32.60800,29.95000,62.09900,65.69700,0.36000,0.34000,0.19290,0.23900,44.55100,50.29220,44.55100,37.53860,0.06030,3.71380,3.73640,2.26360,2.99740,9.18030,0.32160,0.30080
2017-12-31,54.53800,2.37400,52.16400,,-31.72300,35.10500,17.05900,17.05900,18.82500,-1.76600,-1.76600,-1.76600,22.99300,20.44100,59.81600,62.18600,-0.03000,-0.04000,0.22040,0.28260,31.27910,37.48030,31.27910,-3.23810,0.06090,-0.34690,-0.34940,-0.19740,-0.27050,8.41200,0.4275,0.3995
2017-09-30,48.95300,0.95700,47.99600,,-25.14700,28.49900,19.49700,19.49700,7.18500,12.31200,12.31200,12.31200,25.38400,22.84900,59.88400,63.08900,0.21000,0.20000,0.21980,0.28170,39.82800,46.67540,39.82800,25.15070,0.05520,2.40930,2.42650,1.38870,1.87970,8.52730,0.4306,0.3989
2017-06-30,42.19800,1.37300,40.82500,,-28.02900,31.32900,9.49600,9.49600,3.48400,6.01200,6.01200,6.01200,15.18200,12.79600,59.82300,63.01000,0.10000,0.10000,0.22530,0.29090,22.50340,30.32370,22.50340,14.24710,0.04890,1.21440,1.22340,0.69660,0.94080,8.27020,0.2651,0.2371
2017-03-31,37.05400,0.63500,36.41900,,-26.18500,29.67900,6.74000,6.74000,1.24800,5.49200,5.49200,5.49200,12.49600,10.23400,59.18400,62.33900,0.09000,0.09000,0.22930,0.29760,18.18970,27.61920,18.18970,14.82160,0.04410,1.13490,1.14350,0.65370,0.87460,8.09440,-0.03350,-0.08270
2016-12-31,36.62900,0.80000,35.82900,,-24.99400,28.77000,7.05900,7.05900,-52.66300,59.72200,59.72200,59.72200,12.99800,10.83500,59.07100,60.82900,1.02000,0.99000,0.23290,0.30360,19.27160,29.58040,19.27160,163.04570,0.04360,12.55960,12.65630,7.11060,9.63470,8.03970,0.3166,0.2682
2016-09-30,35.52000,0.66400,34.85600,,-24.83400,28.56700,6.28900,6.28900,0.11400,6.17500,6.17500,6.17500,12.83000,10.02200,59.13000,60.28500,0.10000,0.10000,0.25110,0.33520,17.70550,28.21510,17.70550,17.38460,0.04480,1.43510,1.44740,0.77950,1.07480,7.27560,0.4054,0.3686
2016-06-30,29.48100,0.47000,29.01100,,-23.29300,27.00000,2.01100,2.01100,,2.01100,2.01100,2.01100,7.84600,5.71800,59.10560,59.83090,0.03000,0.03000,0.25440,0.34110,6.82130,19.39560,6.82130,6.82130,0.04110,0.47600,0.48020,0.28070,0.35500,7.14440,0.4482,0.3842
2016-03-31,22.18500,0.45800,21.72700,,-22.00200,25.63400,-3.90700,-3.90700,,-3.90700,-3.90700,-3.90700,1.45900,-0.27500,58.93700,58.93700,-0.07000,-0.07000,0.25990,0.35110,-17.61100,-1.23960,-17.61100,-17.61100,0.03240,-0.95280,-0.96130,-0.57090,-0.70520,6.94070,0.01250,-0.02690
2015-12-31,18.86200,0.37100,18.49100,,-21.25500,23.31200,-4.82100,-4.82100,,-4.82100,-4.82100,-4.82100,-3.35500,-2.76400,58.68300,58.68300,-0.08000,-0.08000,0.26330,0.35740,-25.55930,-14.65380,-25.55930,-25.55930,0.02850,-1.19710,-1.20800,-0.72780,-0.88190,6.84820,0.4313,0.3977
2015-09-30,14.70300,0.18100,14.52200,,-19.32100,19.32100,-4.79900,-4.79900,,-4.79900,-4.79900,-4.79900,-3.67800,-4.79900,58.74100,58.74100,-0.08000,-0.08000,,,-32.63960,-32.63960,-32.63960,-32.63960,0.03020,-1.17560,-1.18620,-0.98560,-1.17560,6.94880,0.2986,0.2747
2015-06-30,10.89800,-0.00600,10.90400,,-21.01600,21.01600,-10.11200,-10.11200,0.24100,-10.35300,-10.35300,-10.35300,-8.68600,-10.11200,58.72000,58.72000,-0.18000,-0.18000,,,-92.78770,-92.78770,-92.78770,-94.99910,0.02340,-2.51480,-2.53720,-2.22130,-2.51480,7.00860,0.1057,0.0811
2015-03-31,9.14500,0.10400,9.04100,,-17.10200,17.10200,-8.06100,-8.06100,-0.24100,-7.82000,-7.82000,-7.82000,-6.96200,-8.06100,58.48600,58.48600,-0.13000,-0.13000,,,-88.14650,-88.14650,-88.14650,-85.51120,0.01980,-1.84780,-1.86380,-1.69360,-1.84780,7.23180,-0.12900,-0.15150
2014-12-31,5.08600,0.08100,5.00500,,-15.83700,15.83700,-10.83200,-10.83200,-0.81200,-10.02000,-10.02000,-10.02000,-9.35500,-10.83200,58.28100,58.28100,-0.17000,-0.17000,,,-212.97680,-212.97680,-212.97680,-197.01140,0.01100,-2.34680,-2.36700,-2.16290,-2.34680,7.30730,-0.0248,-0.052
2014-09-30,5.37600,-0.02600,5.40200,,-16.65500,16.65500,-11.25300,-11.25300,-0.27700,-10.97600,-10.97600,-10.97600,-8.92000,-11.25300,58.36300,58.36300,-0.19000,-0.19000,,,-209.31920,-209.31920,-209.31920,-204.16670,0.01150,-2.52670,-2.54800,-2.35750,-2.52670,7.44300,-0.0264,-0.067
2014-06-30,4.51300,0.02800,4.48500,,-18.63700,18.63700,-14.15200,-14.15200,-1.29700,-12.85500,-12.85500,-12.85500,-11.83400,-14.15200,58.29000,58.29000,-0.22000,-0.22000,,,-313.58290,-313.58290,-313.58300,-284.84380,0.00970,-2.89590,-2.91980,-2.75760,-2.89590,7.60600,-0.1021,-0.1466
2014-03-31,4.24700,,4.24700,,-19.30200,,-15.05500,-15.05500,,-15.05500,-15.05500,-15.05500,-13.10300,-15.05500,58.06100,58.06100,-0.26000,-0.26000,,,-354.48550,-354.48550,-354.48550,-354.48550,0.00900,-3.32010,-3.34690,-3.19510,-3.32010,7.80910,-0.20650,-0.23520
2013-12-31,3.70900,,3.70900,,-16.79300,,-13.08400,-13.08400,,-13.08400,-13.08400,-13.08400,-10.37800,-13.08400,56.00500,56.00500,-0.23000,-0.23000,,,-352.76350,-352.76340,-352.76340,-352.76340,0.00770,-2.82460,-2.84690,-2.71890,-2.82460,7.97930,-0.1221,-0.1445
2013-09-30,2.16100,,2.16100,,-16.03400,,-13.87300,-13.87300,,-13.87300,-13.87300,-13.87300,-11.17600,-13.87300,55.63700,55.63700,-0.25000,-0.25000,,,-641.97130,-641.97130,-641.97130,-641.97130,0.00470,-3.10460,-3.13000,-3.00460,-3.10460,7.99570,-0.114,-0.1555
2013-06-30,0.74600,,0.74600,,-17.02000,,-16.27400,-16.27400,,-16.27400,-16.27400,-16.27400,-13.62000,-16.27400,55.63000,55.63000,-0.29000,-0.29000,,,-2181.50100,-2181.50100,-2181.50100,-2181.50100,0.00160,-3.56510,-3.59370,-3.47030,-3.56510,8.20460,-0.1737,-0.1981
2013-03-31,0.47300,,0.47300,,-12.42600,,-11.95300,-11.95300,,-11.95300,-11.95300,-11.95300,-11.89400,-11.95300,55.50000,55.50000,-0.22000,-0.22000,,,-2527.06200,-2527.06200,-2527.06200,-2527.06200,,,,,,,-0.23860,-0.26970
2012-12-31,,,,,,,,,,,,,,,,,,0.00000,,,,,,,,,,,,,0.1597,0.1715
2012-09-30,0.00090,,0.00090,6.22870,-1.88490,,-8.11270,-8.11270,,-8.11270,-8.11270,-8.11270,-8.11270,-8.11270,55.50000,55.50000,-0.15000,-0.15000,,,,,,,,,,,,,-0.0429,-0.0528
2012-06-30,,,,2.90200,-1.67470,,-6.19630,-6.19630,,-6.19630,-6.19630,-6.19630,-4.57680,-4.57680,40.25300,40.25300,-0.15000,-0.15000,,,,,,,,,,,,,-0.1168,-0.1187
2011-12-31,,,,,,,,,,,,,,,,,,0.00000,,,,,,,,,,,,,0,0
