Date,revenue,cost-goods-sold,gross-profit,research-development-expenses,selling-general-administrative-expenses,operating-expenses,operating-income,total-non-operating-income-expense,pre-tax-income,total-provision-income-taxes,income-after-taxes,income-from-continuous-operations,net-income,ebitda,ebit,basic-shares-outstanding,shares-outstanding,eps-basic-net-earnings-per-share,eps-earnings-per-share-diluted,current-ratio,long-term-debt-capital,debt-equity-ratio,gross-margin,operating-margin,ebit-margin,pre-tax-profit-margin,net-profit-margin,asset-turnover,receiveable-turnover,days-sales-in-receivables,roe,return-on-tangible-equity,roa,roi,book-value-per-share,operating-cash-flow-per-share,free-cash-flow-per-share
2024-03-31,1.04600,2.76100,-1.71500,4.67000,8.44600,14.43500,-16.15000,-15.41600,-31.56600,0.04400,-31.61000,-31.61000,-31.61000,-13.38900,-16.15000,111.06100,111.06100,-0.28000,-0.28000,4.00940,0.46560,0.87120,-163.95790,-1543.97700,-1543.97700,-3017.78200,-3021.98900,0.00630,0.69920,128.71890,-55.19560,-107.78830,-19.08470,-29.49820,0.50870,-0.06290,-0.06320
2023-12-31,1.20500,3.34600,-2.14100,4.92400,11.60200,17.78800,-19.92900,3.59500,-16.33400,0.06200,-16.39600,-16.39600,-16.39600,-17.28700,-19.92900,107.97200,107.97200,-0.15000,-0.15000,9.30530,0.37690,0.60490,-177.67640,-1653.85900,-1653.85900,-1355.51800,-1360.66300,0.00740,0.51670,174.17420,-20.47040,-31.84060,-10.11110,-12.75530,0.72070,-0.1005,-0.1024
2023-09-30,1.02700,3.23200,-2.20500,5.00700,6.15200,12.41500,-14.62000,-8.57600,-23.19600,0.02400,-23.22000,-23.22000,-23.22000,-12.07300,-14.62000,108.04500,108.04500,-0.21000,-0.21000,9.11940,0.35880,0.55960,-214.70300,-1423.56400,-1423.56400,-2258.61700,-2260.95400,0.00590,0.37510,239.94160,-27.60830,-41.08430,-13.41260,-17.70200,0.77180,-0.0786,-0.0803
2023-06-30,0.80000,3.14200,-2.34200,4.99400,6.51600,12.68800,-15.03000,-0.59200,-15.62200,0.14800,-15.77000,-15.77000,-15.77000,-13.37200,-15.03000,106.74900,106.74900,-0.15000,-0.15000,9.27810,0.26360,0.35800,-292.75000,-1878.75000,-1878.75000,-1952.75000,-1971.25000,0.00500,0.43720,205.87500,-16.58640,-23.63470,-9.76660,-12.21340,0.87880,-0.0793,-0.0932
2023-03-31,0.83000,3.02300,-2.19300,4.57800,6.05400,11.75700,-13.95000,-2.41200,-16.36200,-0.01300,-16.34900,-16.34900,-16.34900,-12.82500,-13.95000,106.40500,106.40500,-0.15000,-0.15000,6.33490,,,-264.21690,-1680.72300,-1680.72300,-1971.32500,-1969.75900,0.00710,0.69810,128.92770,-17.67080,-25.50670,-13.97200,-17.67080,0.86340,-0.06980,-0.07780
2022-12-31,0.80300,2.93800,-2.13500,4.33400,7.05200,12.40000,-14.53500,1.96400,-12.57100,-0.06900,-12.50200,-12.50200,-12.50200,-13.52100,-14.53500,101.02900,101.02900,-0.13000,-0.13000,6.88530,,,-265.87790,-1810.08600,-1810.08600,-1565.50400,-1556.91100,0.00650,0.37040,242.98880,-12.03690,-16.45560,-10.09950,-12.03690,0.97600,-0.1188,-0.1312
2022-09-30,0.50300,2.83000,-2.32700,4.56700,10.15200,15.61000,-17.93700,-0.77800,-18.71500,0.01500,-18.73000,-18.73000,-18.73000,-17.04600,-17.93700,101.39700,101.39700,-0.18000,-0.18000,8.31350,,,-462.62420,-3566.00400,-3566.00400,-3720.67600,-3723.65800,0.00440,0.34880,258.01190,-20.26160,-21.21370,-16.44770,-20.26160,0.91170,-0.0846,-0.0953
2022-06-30,1.42100,3.00100,-1.58000,4.17000,10.38200,15.43600,-17.01600,17.83500,0.81900,-0.00800,0.82700,0.82700,0.82700,-16.13200,-17.01600,101.07100,102.38100,0.01000,0.01000,11.14900,,,-111.18930,-1197.46700,-1197.46700,57.63550,58.19850,0.01150,1.46340,61.49900,0.79110,0.82340,0.66720,0.79110,1.03110,-0.1034,-0.1079
2022-03-31,1.19900,3.03700,-1.83800,3.98800,9.34000,14.21000,-16.04800,6.37100,-9.67700,0.03400,-9.71100,-9.71100,-9.71100,-15.16600,-16.04800,100.86800,100.86800,-0.10000,-0.10000,10.61750,,,-153.29440,-1338.44900,-1338.44900,-807.08920,-809.92500,0.00880,32.40540,2.77730,-10.01770,-10.45540,-7.13320,-10.01770,1.00400,-0.06040,-0.06210
2021-12-31,0.02000,6.72200,-6.70200,2.57100,4.17000,7.45400,-14.15600,-32.03300,-46.18900,0.01300,-46.20200,-46.20200,-46.20200,-4.85700,-14.15600,23.56100,23.56100,8.55000,8.55000,15.91800,,,-33509.93000,-70779.84000,-70779.85000,-230944.50000,-231009.50000,0.00010,0.01150,7829.98400,-46.22190,-48.19640,-33.76770,-46.22190,1.03530,1.9685,2.0416
2021-09-30,0.27600,2.06800,-1.79200,1.98000,2.85600,5.23400,-7.02600,-25.38400,-32.41000,0.01100,-32.42100,-32.42100,-32.42100,-6.41800,-7.02600,7.35200,7.35200,-4.41000,-4.41000,0.14370,-0.01470,-0.01450,-649.27540,-2545.65200,-2545.65200,-11742.75000,-11746.74000,0.00140,45.32020,1.98590,78.36430,78.36440,-15.94580,79.51750,-8.27440,-1.0545,-1.05
2021-06-30,0.21600,2.20200,-1.98600,2.53100,3.79200,6.65100,-8.63700,-30.32500,-38.96200,0.01300,-38.97500,-38.97500,-44.61800,-8.07000,-8.63700,7.34600,7.34600,-6.07000,-6.07000,0.30110,0.05660,0.06000,-919.44440,-3998.61100,-3998.61100,-18037.96000,-20656.48000,0.00110,,,-779.49990,-779.50480,-19.14630,-735.37730,0.56920,-1.7976,-1.7985
2021-03-31,0.25100,7.39800,-7.14700,2.38300,2.73700,5.46300,-12.61000,-14.44300,-27.05300,0.01500,-27.06800,-27.06800,-35.25600,-12.04500,-12.61000,7.34600,7.34600,-4.80000,-4.80000,1.98850,,,-2847.41000,-5023.90400,-5023.90400,-10778.09000,-14046.22000,0.00120,,,-541.35990,-541.35670,-13.27420,-541.35990,0.64390,-1.15080,-1.27090
2020-12-31,,,,,,,,,,,,,,,,,,,0.00000,,,,,,,,,,,,,,,,,0,0
2020-09-30,,,,,,,,,,,,,,,,,,,0.00000,,,,,,,,,,,,,,,,,0,0
