Date,revenue,cost-goods-sold,gross-profit,research-development-expenses,selling-general-administrative-expenses,operating-expenses,operating-income,total-non-operating-income-expense,pre-tax-income,total-provision-income-taxes,income-after-taxes,income-from-continuous-operations,net-income,ebitda,ebit,basic-shares-outstanding,shares-outstanding,eps-basic-net-earnings-per-share,eps-earnings-per-share-diluted,current-ratio,long-term-debt-capital,debt-equity-ratio,gross-margin,operating-margin,ebit-margin,pre-tax-profit-margin,net-profit-margin,asset-turnover,inventory-turnover,receiveable-turnover,days-sales-in-receivables,roe,return-on-tangible-equity,roa,roi,book-value-per-share,operating-cash-flow-per-share,free-cash-flow-per-share
2023-09-30,12.15800,6.78900,5.36900,12.78800,28.56300,41.35100,-35.98200,-31.16400,-67.14600,-0.27300,-66.87300,-66.87300,-66.60400,-34.39400,-35.98200,256.16900,256.16900,-0.26000,-0.26000,24.56750,0.00060,0.00060,44.16020,-295.95330,-295.95330,-552.27840,-547.82030,0.01130,0.31910,0.80220,112.18540,-6.54240,-6.55680,-6.23200,-6.53870,,-0.0493,-0.0533
2023-06-30,14.73700,8.24200,6.49500,16.38600,20.53900,36.92500,-30.43000,21.10200,-9.32800,0.07800,-9.40600,-9.40600,-9.11900,-28.89000,-30.43000,227.97500,227.97500,-0.04000,-0.04000,33.88280,0.00060,0.00060,44.07270,-206.48710,-206.48710,-63.29650,-61.87830,0.01230,0.42170,0.82410,109.21290,-0.81820,-0.81820,-0.78770,-0.81780,,-0.1329,-0.1482
2023-03-31,14.96500,8.39900,6.56600,19.25000,18.51900,37.76900,-31.20300,53.23600,22.03300,0.07400,21.95900,21.95900,22.22200,-29.78000,-31.20300,246.91100,246.91100,0.09000,0.09000,30.00730,0.00060,0.00060,43.87570,-208.50650,-208.50650,147.23020,148.49310,0.01240,0.41910,0.92220,97.59570,1.89230,1.89230,1.81460,1.89120,,-0.11320,-0.12920
2022-12-31,12.10400,4.43300,7.67100,20.99300,18.84900,80.36500,-72.69400,-14.20000,-86.89400,1.00600,-87.90000,-87.90000,-87.66700,-71.49500,-72.69400,257.79400,257.89000,-0.34000,-0.34000,28.73970,0.00060,0.00060,63.37580,-600.57850,-600.57840,-717.89510,-724.28140,0.01010,0.22850,0.94320,95.42050,-7.64150,-7.64150,-7.30400,-7.63670,,-0.1015,-0.1143
2022-09-30,9.99800,8.19900,1.79900,18.53500,17.06900,35.60400,-33.80500,-33.28100,-67.08600,0.04700,-67.13300,-67.13300,-66.93100,-30.57700,-33.80500,257.42700,257.42700,-0.26000,-0.26000,34.50230,0.00060,0.00060,17.99360,-338.11760,-338.11760,-670.99420,-669.44390,0.00780,0.45970,1.12920,79.70190,-5.45100,-5.59540,-5.26150,-5.44750,,-0.0915,-0.098
2022-06-30,11.10100,7.52100,3.58000,18.36500,17.32200,35.68700,-32.10700,-8.20100,-40.30800,-0.33400,-39.97400,-39.97400,-39.73200,-30.39200,-32.10700,264.88000,264.88000,-0.15000,-0.15000,36.70120,0.00070,0.00070,32.24940,-289.22620,-289.22620,-363.10240,-357.91370,0.00830,0.47060,0.89060,101.05850,-3.09400,-3.14380,-2.97770,-3.09190,,-0.0797,-0.089
2022-03-31,10.43000,9.42900,1.00100,17.87000,16.05000,33.92000,-32.91900,-0.82400,-33.74300,-0.45500,-33.28800,-33.28800,-33.09300,-31.77800,-32.91900,254.56200,254.56200,-0.13000,-0.13000,29.36160,,,9.59730,-315.61840,-315.61840,-323.51870,-317.28670,0.00750,0.62600,0.76980,116.91370,-2.51930,-2.56070,-2.39880,-2.51930,,-0.08430,-0.09210
2021-12-31,7.53100,7.21900,0.31200,15.09900,14.16000,169.54900,-169.23700,5.32600,-163.91100,-4.25800,-159.65300,-159.65300,-159.62400,-166.83200,-169.23700,247.33500,248.13200,-0.64000,-0.66000,41.00180,0.00080,0.00080,4.14290,-2247.20500,-2247.20500,-2176.48400,-2119.55900,0.00540,0.64460,0.80770,111.42740,-11.87690,-11.87690,-11.48620,-11.86720,5.22280,-0.0642,-0.0952
2021-09-30,1.34000,0.97700,0.36300,13.72600,11.14400,24.87000,-24.50700,5.75400,-18.75300,-0.49800,-18.25500,-18.25500,-18.23700,-22.11500,-24.50700,260.52900,260.52900,-0.07000,-0.07000,95.88560,,,27.08960,-1828.88000,-1828.88000,-1399.47800,-1360.97000,0.00090,0.24210,0.28620,314.46270,-1.22090,-1.32430,-1.19790,-1.22090,,-0.046,-0.0505
2021-06-30,0.81100,0.62600,0.18500,9.12900,10.91500,20.04400,-19.85900,6.10700,-13.75200,-0.15000,-13.60200,-13.60200,-13.60200,-18.06000,-19.85900,272.04000,272.04000,-0.05000,-0.05000,90.06730,,,22.81130,-2448.70500,-2448.70500,-1695.68400,-1677.18900,0.00050,0.15190,0.19400,463.98270,-0.90520,-0.98250,-0.88550,-0.90520,,-0.0339,-0.0345
2021-03-31,0.81100,0.54900,0.26200,3.73200,6.13800,9.87000,-9.60800,0.29400,-9.31400,,-9.31400,-9.31400,-9.31400,-8.82100,-9.60800,186.28000,186.28000,-0.05000,-0.05000,197.25430,,,32.30580,-1184.71000,-1184.71000,-1148.45900,-1148.45900,0.00050,0.17350,0.41150,218.73000,-0.63370,-0.63560,-0.62490,-0.63370,,-0.02780,-0.03100
2020-12-31,1.97100,0.86500,1.10600,3.72500,5.91200,9.63700,-8.53100,-8.90800,-17.43900,,-17.43900,-17.43900,-17.43900,-8.53100,-8.53100,42.94700,42.94700,-0.09000,-0.09000,101.12910,,,56.11370,-432.82610,-432.82610,-884.77950,-884.77950,0.00290,0.26100,1.07180,83.97260,-2.61410,-2.63160,-2.53010,-2.61410,3.87720,-0.2246,-0.2562
2020-09-30,0.43800,0.49400,-0.05600,2.55600,17.28000,19.83600,-19.89200,-0.82400,-20.71600,,-20.71600,-20.71600,-20.71600,-19.89200,-19.89200,46.03600,46.03600,-0.45000,-0.45000,8.10360,,,-12.78540,-4541.55300,-4541.55300,-4729.68000,-4729.68000,0.00690,0.12250,0.35640,252.53430,-39.31600,-43.10630,-32.74430,-39.31600,,0.1381,0.143
2020-06-30,0.28800,0.36700,-0.07900,1.89500,1.83800,3.73300,-3.81200,-4.45300,-8.26500,,-8.26500,-8.26500,-8.26500,-3.81200,-3.81200,30.61100,30.61100,-0.27000,-0.27000,12.54310,,,-27.43060,-1323.61100,-1323.61100,-2869.79200,-2869.79200,0.00430,0.09280,0.27590,326.25000,-14.34800,-15.65990,-12.45180,-14.34800,,-0.1381,-0.143
2020-03-31,0.70200,0.60800,0.09400,1.70200,1.85400,3.55600,-3.46200,1.38800,-2.07400,,-2.07400,-2.07400,-2.07400,-3.46200,-3.46200,6.48130,6.48130,-0.32000,-0.32000,2.45300,,,13.39030,-493.16240,-493.16240,-295.44160,-295.44160,0.03080,0.16530,0.33570,268.07690,-13.53790,-20.13400,-9.11330,-13.53790,,0.00000,
2019-12-31,1.97700,1.32200,0.65500,1.52500,2.26200,3.78700,-3.13200,1.75100,-1.38100,,-1.38100,-1.38100,-1.38100,-3.13200,-3.13200,3.51300,3.51300,-0.79000,-0.79000,2.22690,,,33.13100,-158.42180,-158.42180,-69.85330,-69.85330,0.08650,0.37310,0.82860,108.61910,-11.90310,-21.60850,-6.04160,-11.90310,2.77630,-3.6106,-3.7817
2019-09-30,2.24300,1.41700,0.82600,2.08300,2.01600,4.09900,-3.27300,-1.03500,-4.30800,,-4.30800,-4.30800,-4.30800,-3.27300,-3.27300,3.56000,3.56000,-1.21000,-1.21000,3.03000,,,36.82570,-145.92060,-145.92060,-192.06420,-192.06420,0.08390,0.39140,0.79940,112.59030,-39.44330,-78.07180,-16.12340,-39.44330,,2.3047,2.3925
2019-06-30,1.16100,1.03400,0.12700,2.32200,2.53000,4.85200,-4.72500,3.53700,-1.18800,,-1.18800,-1.18800,-1.18800,-4.72500,-4.72500,3.60000,3.60000,-0.33000,-0.33000,2.77820,,,10.93890,-406.97670,-406.97670,-102.32560,-102.32560,0.04840,0.26070,0.66460,135.42640,-7.89000,-12.55810,-4.95560,-7.89000,,-2.3047,-2.3925
2019-03-31,1.68900,1.31100,0.37800,2.15200,1.93100,4.08300,-3.70500,2.22900,-1.47600,,-1.47600,-1.47600,-1.47600,-3.70500,-3.70500,29.52000,29.52000,-0.05000,-0.05000,3.59090,,,22.38010,-219.36060,-219.36060,-87.38900,-87.38900,0.05760,0.39930,0.70460,127.72650,-9.14210,-14.25400,-5.03170,-9.14210,,0.00000,
2018-12-31,1.70500,1.57100,0.13400,1.88300,2.04300,3.92600,-3.79200,-0.17500,-3.96700,,-3.96700,-3.96700,-3.96700,-3.79200,-3.79200,1.83600,1.83600,-1.90000,-1.90000,2.44240,,,7.85920,-222.40470,-222.40470,-232.66860,-232.66860,0.08400,0.50420,0.90550,99.39590,-25.47520,-41.37030,-19.53900,-25.47520,8.01850,-7.3242,-8.042
2018-09-30,1.67200,1.28500,0.38700,2.12900,1.85200,3.98100,-3.59400,-0.03400,-3.62800,,-3.62800,-3.62800,-3.62800,-3.59400,-3.59400,1.90950,1.90950,-1.90000,-1.90000,3.86720,,,23.14590,-214.95210,-214.95210,-216.98560,-216.98560,0.07050,0.48600,0.94360,95.38280,-18.59270,-27.20250,-15.29190,-18.59270,,3.6021,3.7867
2018-06-30,1.08800,0.98100,0.10700,2.06300,1.69500,3.75800,-3.65100,-0.11900,-3.77000,,-3.77000,-3.77000,-3.77000,-3.65100,-3.65100,1.88500,1.88500,-2.00000,-2.00000,4.97900,,,9.83460,-335.56980,-335.56980,-346.50730,-346.50730,0.03980,0.39430,0.84930,105.96510,-16.36360,-22.61550,-13.79130,-16.36360,,-3.6021,-3.7867
2018-03-31,0.63500,0.52900,0.10600,2.54800,1.67100,4.21900,-4.11300,-0.01000,-4.12300,,-4.12300,-4.12300,-4.12300,-4.11300,-4.11300,1.52700,1.52700,-2.70000,-2.70000,8.24280,,,16.69290,-647.71660,-647.71660,-649.29140,-649.29140,0.02110,0.23480,0.54740,164.40950,-15.42000,-20.43520,-13.67130,-15.42000,,0.00000,
2017-12-31,0.42700,0.46300,-0.03600,2.46200,1.63100,4.09300,-4.12900,-0.03100,-4.16000,,-4.16000,-4.16000,-4.16000,-4.12900,-4.12900,1.13080,1.13080,-2.60000,-2.60000,4.20180,,,-8.43090,-966.97920,-966.97920,-974.23910,-974.23910,0.01990,0.19820,0.63070,142.69320,-22.89990,-36.45610,-19.35240,-22.89990,14.53050,-13.9698,-17.0755
2017-09-30,0.14200,0.24200,-0.10000,2.89400,1.14200,4.03600,-4.13600,0.01900,-4.11700,,-4.11700,-4.11700,-4.11700,-4.13600,-4.13600,1.05600,1.05600,-3.90000,-3.90000,4.09080,,,-70.42250,-2912.67600,-2912.67600,-2899.29600,-2899.29600,0.00540,0.12420,0.24480,367.60560,-18.99250,-27.72020,-15.57050,-18.99250,,0,0
2017-06-30,0.14200,0.22100,-0.07900,2.95500,1.50300,4.45800,-4.53700,-0.20000,-4.73700,,-4.73700,-4.73700,-4.73700,-4.53700,-4.53700,1.05300,1.05300,-4.50000,-4.50000,6.01630,,,-55.63380,-3195.07000,-3195.07000,-3335.91500,-3335.91500,0.00480,,0.10470,859.43650,-18.52350,-25.61650,-15.96020,-18.52340,,0,0
2017-03-31,0.11800,0.22600,-0.10800,2.50800,1.27000,3.77800,-3.88600,-0.60300,-4.48900,,-4.48900,-4.48900,-4.48900,-3.88600,-3.88600,0.99760,0.99760,-4.50000,-4.50000,3.44860,,,-91.52540,-3293.22000,-3293.22000,-3804.23700,-3804.23700,0.00580,,0.16210,555.25420,-27.38530,-47.79600,-22.24260,-27.38530,,0.00000,
2016-12-31,,,,2.44600,1.37500,,-4.01400,0.18400,-3.78400,,-3.78400,-3.78400,-3.78400,-4.01400,-3.96800,0.81520,0.81520,-4.00000,-4.00000,6.76980,,,,,,,,,,,,-19.60420,-30.23570,-17.02510,-19.60420,19.24620,-7.2547,-8.6396
2016-09-30,,,,0.67400,1.04900,,-1.72300,-0.00400,-1.72700,,-1.72700,-1.72700,-1.72700,-1.72300,-1.72300,0.69080,0.69080,-2.50000,-2.50000,9.34210,,,,,,,,,,,,-8.10570,-12.39590,-7.36180,-8.10530,,0,0
2016-06-30,,,,0.50300,1.19700,,-1.70000,0.03600,-1.66400,,-1.66400,-1.66400,-1.66400,-1.70000,-1.70000,0.83200,0.83200,-2.00000,-2.00000,4.16690,,,,,,,,,,,,-14.39700,-28.96940,-12.18160,-14.39700,,0,0
2016-03-31,,,,0.43600,1.17600,,-1.61200,-0.17800,-1.79000,,-1.79000,-1.79000,-1.79000,-1.61200,-1.61200,0.71600,0.71600,-2.50000,-2.50000,6.42000,,,,,,,,,,,,-14.39490,-22.56680,-12.73660,-14.39490,,0.00000,
2015-12-31,,,,,,,,,,,,,,,,,,,0.00000,,,,,,,,,,,,,,,,,,0,0
2015-09-30,,,,,,,,,,,,-0.88800,-0.88800,,,0.57170,0.57170,-1.60000,-1.60000,,,,,,,,,,,,,,,,,,0,0
