Date,revenue,cost-goods-sold,gross-profit,selling-general-administrative-expenses,other-operating-income-expenses,operating-expenses,operating-income,total-non-operating-income-expense,pre-tax-income,total-provision-income-taxes,income-after-taxes,income-from-continuous-operations,income-from-discontinued-operations,net-income,ebitda,ebit,basic-shares-outstanding,shares-outstanding,eps-basic-net-earnings-per-share,eps-earnings-per-share-diluted,current-ratio,long-term-debt-capital,debt-equity-ratio,gross-margin,operating-margin,ebit-margin,pre-tax-profit-margin,net-profit-margin,asset-turnover,inventory-turnover,receiveable-turnover,days-sales-in-receivables,roe,return-on-tangible-equity,roa,roi,book-value-per-share,operating-cash-flow-per-share,free-cash-flow-per-share
2024-03-31,10133.00000,8000.00000,2133.00000,1062.00000,,1062.00000,1071.00000,60.00000,1131.00000,187.00000,944.00000,944.00000,,944.00000,1370.00000,1071.00000,148.90000,149.30000,6.34000,6.32000,1.12670,0.50900,1.03650,21.05000,10.56940,10.56940,11.16160,9.31610,0.21190,5.83940,1.22350,73.55970,6.63710,-26.35400,1.97420,3.25910,96.04420,-4.72870,-6.53720
2023-12-31,10638.00000,10153.00000,485.00000,878.00000,,878.00000,-393.00000,-364.00000,-757.00000,-222.00000,-535.00000,-535.00000,,-535.00000,7.00000,-393.00000,151.50000,152.00000,-3.50000,-3.49000,1.14770,0.48230,0.93180,4.55910,-3.69430,-3.69430,-7.11600,-5.02910,0.22860,9.15510,1.48850,60.46530,-3.61610,17.67430,-1.14950,-1.87190,98.56170,15.968,10.6978
2023-09-30,9775.00000,7734.00000,2041.00000,1025.00000,,1025.00000,1016.00000,102.00000,1118.00000,181.00000,937.00000,937.00000,,937.00000,1333.00000,1016.00000,151.20000,151.70000,6.20000,6.18000,1.27610,0.46410,0.86600,20.87980,10.39390,10.39390,11.43730,9.58570,0.21770,5.70770,1.21670,73.97030,5.88270,-49.05760,2.08700,3.15270,105.57780,8.0996,5.7198
2023-06-30,9576.00000,7536.00000,2040.00000,1073.00000,,1073.00000,967.00000,20.00000,987.00000,175.00000,812.00000,812.00000,,812.00000,1290.00000,967.00000,151.70000,152.20000,5.35000,5.34000,1.20010,0.47110,0.89090,21.30330,10.09820,10.09820,10.30700,8.47950,0.21000,5.85550,1.20210,74.86840,5.24340,-34.18950,1.78040,2.77300,102.29280,6.008,3.9974
2023-03-31,9301.00000,7316.00000,1985.00000,1038.00000,,1038.00000,947.00000,51.00000,998.00000,156.00000,842.00000,842.00000,,842.00000,1245.00000,947.00000,152.60000,153.20000,5.52000,5.50000,1.22200,0.47640,0.90980,21.34180,10.18170,10.18170,10.73000,9.05280,0.21020,6.56140,1.12390,80.08170,5.56290,-30.68510,1.90310,2.91290,99.61170,-4.58220,-6.59920
2022-12-31,10033.00000,8209.00000,1824.00000,918.00000,,918.00000,906.00000,1546.00000,2452.00000,372.00000,2080.00000,2080.00000,,2080.00000,1288.00000,906.00000,154.90000,155.60000,13.48000,13.42000,1.07780,0.43530,0.77100,18.18000,9.03020,9.03020,24.43940,20.73160,0.22930,8.39370,1.33880,67.22420,13.58410,-80.37090,4.75370,7.67050,99.97520,14.4586,10.759
2022-09-30,8971.00000,7153.00000,1818.00000,974.00000,,974.00000,844.00000,246.00000,1090.00000,175.00000,915.00000,915.00000,,915.00000,1171.00000,844.00000,154.60000,155.30000,5.92000,5.89000,1.13740,0.45840,0.84650,20.26530,9.40810,9.40810,12.15030,10.19950,0.20990,7.23260,1.07230,83.93040,6.56240,-22.84070,2.14120,3.55400,90.48370,8.5764,7.2997
2022-06-30,8801.00000,6842.00000,1959.00000,1005.00000,,1005.00000,954.00000,196.00000,1150.00000,204.00000,946.00000,946.00000,,946.00000,1284.00000,954.00000,155.40000,156.00000,6.09000,6.06000,1.29650,0.48460,0.94020,22.25880,10.83970,10.83970,13.06670,10.74880,0.21000,7.52700,1.02360,87.92410,6.92990,-21.74710,2.25700,3.57180,88.14090,-1.2748,-2.9667
2022-03-31,8797.00000,6924.00000,1873.00000,976.00000,,976.00000,897.00000,247.00000,1144.00000,189.00000,955.00000,955.00000,,955.00000,1200.00000,897.00000,156.00000,156.60000,6.12000,6.10000,1.30580,0.49120,0.96520,21.29140,10.19670,10.19670,13.00440,10.85600,0.20990,8.26250,1.12340,80.11710,7.18750,-20.02520,2.27910,3.65730,85.40190,-3.11620,-4.67430
2021-12-31,8639.00000,7088.00000,1551.00000,809.00000,,809.00000,742.00000,2603.00000,3345.00000,635.00000,2710.00000,2710.00000,,2710.00000,1073.00000,742.00000,160.30000,160.90000,17.15000,17.06000,1.30390,0.49710,0.98850,17.95350,8.58900,8.58900,38.71980,31.36940,0.20290,8.73980,1.24140,72.49800,20.96550,-52.44820,6.36460,10.54350,82.70840,8.921,4.3768
2021-09-30,8720.00000,6786.00000,1934.00000,891.00000,,891.00000,1043.00000,232.00000,1275.00000,212.00000,1063.00000,1063.00000,,1063.00000,1357.00000,1043.00000,159.80000,160.40000,6.65000,6.63000,1.46590,0.52800,1.11890,22.17890,11.96100,11.96100,14.62160,12.19040,0.20590,7.78210,1.20040,74.97250,9.31070,-15.79960,2.51030,4.39420,71.91310,7.2914,5.9101
2021-06-30,9151.00000,7108.00000,2043.00000,999.00000,,999.00000,1044.00000,258.00000,1302.00000,265.00000,1037.00000,1037.00000,,1037.00000,1344.00000,1044.00000,161.00000,161.50000,6.44000,6.42000,1.48550,0.53330,1.14250,22.32540,11.40860,11.40860,14.22800,11.33210,0.21710,8.23640,1.24880,72.07080,9.28210,-14.75950,2.46070,4.33240,69.65780,6.3604,5.2674
2021-03-31,9157.00000,7417.00000,1740.00000,898.00000,1980.00000,-1082.00000,2822.00000,194.00000,3016.00000,821.00000,2195.00000,2195.00000,,2195.00000,3116.00000,2822.00000,163.10000,163.50000,13.46000,13.43000,1.46440,0.54810,1.21270,19.00190,30.81800,30.81800,32.93660,23.97070,0.22110,8.62440,1.26670,71.05060,20.85510,-28.41420,5.29900,9.42510,65.38890,-0.40370,-1.65750
2020-12-31,10212.00000,8122.00000,2090.00000,938.00000,,938.00000,1152.00000,-847.00000,305.00000,-25.00000,330.00000,330.00000,,330.00000,1497.00000,1152.00000,167.10000,167.60000,1.97000,1.98000,1.60170,0.57410,1.34800,20.46610,11.28090,11.28090,2.98670,3.23150,0.22960,10.70090,1.53770,58.52820,3.11940,-4.27350,0.74210,1.32850,63.45480,9.5296,7.2294
2020-09-30,9083.00000,7243.00000,1840.00000,855.00000,,855.00000,985.00000,182.00000,1167.00000,181.00000,986.00000,986.00000,,986.00000,1302.00000,985.00000,166.80000,167.30000,5.91000,5.89000,1.43950,0.57670,1.36240,20.25760,10.84440,10.84440,12.84820,10.85540,0.20290,8.49120,1.18250,76.10810,9.42010,-10.84950,2.20230,3.98750,62.78340,8.1231,6.4076
2020-06-30,8884.00000,7058.00000,1826.00000,832.00000,,832.00000,994.00000,209.00000,1203.00000,198.00000,1005.00000,1005.00000,,1005.00000,1302.00000,994.00000,166.90000,167.30000,6.02000,6.01000,1.35490,0.59480,1.46820,20.55380,11.18870,11.18870,13.54120,11.31250,0.20430,8.48320,1.19260,75.46260,10.34800,-10.14740,2.31170,4.19260,58.25760,13.9302,12.3117
2020-03-31,8620.00000,6898.00000,1722.00000,788.00000,,788.00000,934.00000,119.00000,1053.00000,185.00000,868.00000,868.00000,,868.00000,1231.00000,934.00000,167.70000,168.40000,5.18000,5.15000,1.29000,0.61210,1.57790,19.97680,10.83530,10.83530,12.21580,10.06960,0.19950,8.78730,1.07030,84.09050,9.57850,-8.18100,2.00910,3.71560,54.23130,-5.89670,-7.51190
2019-12-31,8721.00000,6615.00000,2106.00000,970.00000,,970.00000,1136.00000,-1705.00000,-569.00000,-160.00000,-409.00000,-409.00000,,-409.00000,1477.00000,1136.00000,169.30000,170.00000,-2.39000,-2.39000,1.13260,0.59150,1.44800,24.14860,13.02600,13.02600,-6.52450,-4.68980,0.21220,8.44830,1.30950,68.73070,-4.63770,3.74230,-0.99540,-1.89450,52.54160,14.4878,11.72
2019-09-30,8475.00000,6748.00000,1727.00000,776.00000,,776.00000,951.00000,104.00000,1055.00000,122.00000,933.00000,933.00000,,933.00000,1269.00000,951.00000,169.10000,169.90000,5.52000,5.49000,1.28750,0.58690,1.42080,20.37760,11.22120,11.22120,12.44840,11.00890,0.20900,8.33090,1.07440,83.76640,9.58790,-9.23850,2.30070,3.96060,57.68160,6.7135,5.1934
2019-06-30,8456.00000,6726.00000,1730.00000,784.00000,,784.00000,946.00000,82.00000,1028.00000,167.00000,861.00000,861.00000,,861.00000,1250.00000,946.00000,169.70000,170.30000,5.07000,5.06000,1.24570,0.60030,1.50180,20.45890,11.18730,11.18730,12.15710,10.18210,0.21360,8.30370,1.12910,79.70790,9.34450,-8.04670,2.17510,3.73500,54.42220,9.4238,7.9401
2019-03-31,8189.00000,6493.00000,1696.00000,760.00000,,760.00000,936.00000,98.00000,1034.00000,171.00000,863.00000,863.00000,,863.00000,1238.00000,936.00000,170.00000,170.70000,5.08000,5.06000,1.18390,0.61340,1.58630,20.71070,11.43000,11.43000,12.62670,10.53850,0.20600,8.34580,1.02990,87.38430,9.87530,-7.67250,2.17100,3.81820,51.44400,-5.34860,-7.01230
2018-12-31,8156.00000,6469.00000,1687.00000,744.00000,,744.00000,943.00000,-540.00000,403.00000,47.00000,356.00000,356.00000,,356.00000,1209.00000,943.00000,173.70000,174.60000,2.10000,2.09000,1.16990,0.62900,1.69570,20.68420,11.56200,11.56200,4.94110,4.36490,0.21660,9.89140,1.25980,71.43940,4.34840,-3.00240,0.94550,1.61300,47.98750,13.6282,10.9687
2018-09-30,8085.00000,6096.00000,1989.00000,817.00000,,817.00000,1172.00000,192.00000,1364.00000,120.00000,1244.00000,1244.00000,,1244.00000,1425.00000,1172.00000,174.10000,174.90000,7.15000,7.11000,1.26040,0.60410,1.52580,24.60110,14.49600,14.49600,16.87080,15.38650,0.21310,8.47840,1.10720,81.28390,13.66580,-11.31010,3.27860,5.41060,52.39830,4.6531,3.0325
2018-06-30,7119.00000,5563.00000,1556.00000,739.00000,,739.00000,817.00000,159.00000,976.00000,187.00000,789.00000,789.00000,,789.00000,976.00000,817.00000,174.50000,175.40000,4.52000,4.50000,1.24120,0.63620,1.74880,21.85700,11.47630,11.47630,13.70980,11.08300,0.19050,8.06230,1.00450,89.59550,9.59040,-6.65880,2.11090,3.48900,47.21270,4.9886,3.8541
2018-03-31,6735.00000,5176.00000,1559.00000,711.00000,,711.00000,848.00000,151.00000,999.00000,159.00000,840.00000,840.00000,,840.00000,970.00000,848.00000,174.30000,175.40000,4.82000,4.79000,2.51860,0.65200,1.87400,23.14770,12.59090,12.59090,14.83300,12.47220,0.19360,11.89890,1.31800,68.28510,10.93750,-17.59160,2.41410,3.80570,44.04120,-1.35120,-3.09010
2017-12-31,6552.00000,5257.00000,1295.00000,649.00000,,649.00000,646.00000,1201.00000,1847.00000,826.00000,1021.00000,1021.00000,,1021.00000,798.00000,646.00000,174.40000,175.60000,5.86000,5.82000,2.33880,0.66880,2.01890,19.76500,9.85960,9.85960,28.18990,15.58300,0.18650,13.20850,1.44990,62.07420,14.31580,-18.99540,2.90650,4.74200,40.96830,9.1417,7.5649
2017-09-30,6569.00000,5053.00000,1516.00000,679.00000,,679.00000,837.00000,-55.00000,782.00000,139.00000,643.00000,643.00000,,643.00000,947.00000,837.00000,174.20000,175.30000,3.69000,3.67000,1.20620,0.48950,0.95900,23.07810,12.74170,12.74170,11.90440,9.78840,0.24780,5.01790,1.48820,60.47500,9.90300,-10.78320,2.42520,5.05500,37.29940,5.3512,4.1106
2017-06-30,6473.00000,4914.00000,1559.00000,686.00000,,686.00000,873.00000,-61.00000,812.00000,257.00000,555.00000,555.00000,,555.00000,982.00000,873.00000,174.50000,175.50000,3.18000,3.16000,1.10960,0.51240,1.05070,24.08470,13.48680,13.48680,12.54440,8.57410,0.25080,4.72950,1.51240,59.50870,9.37660,-8.49400,2.15010,4.57240,33.98780,2.8804,1.6397
2017-03-31,6410.00000,4850.00000,1560.00000,698.00000,,698.00000,862.00000,-74.00000,788.00000,138.00000,650.00000,650.00000,,650.00000,966.00000,862.00000,174.80000,176.10000,3.72000,3.69000,1.27090,0.55950,1.27020,24.33700,13.44770,13.44770,12.29330,10.14040,0.25220,5.19830,1.57420,57.17320,11.69490,-9.42580,2.55770,5.15140,31.81890,-2.49290,-3.71950
2016-12-31,6595.00000,4986.00000,1609.00000,694.00000,,694.00000,915.00000,-409.00000,506.00000,138.00000,368.00000,368.00000,,368.00000,1049.00000,915.00000,178.90000,180.50000,2.10000,2.09000,1.21780,0.57300,1.34210,24.39730,13.87420,13.87420,7.67250,5.58000,0.25750,6.11030,1.99910,45.02050,6.99750,-5.11750,1.43670,2.98770,30.03980,8.4464,6.7347
2016-09-30,6155.00000,4667.00000,1488.00000,662.00000,,662.00000,826.00000,-57.00000,769.00000,167.00000,602.00000,602.00000,,602.00000,939.00000,826.00000,178.10000,179.60000,3.38000,3.35000,1.13020,0.52550,1.10750,24.17550,13.42000,13.42000,12.49390,9.78070,0.25540,5.85570,1.68220,53.50280,10.43870,-8.98910,2.49790,4.95310,32.62170,4.1409,3.3506
2016-06-30,6000.00000,4583.00000,1417.00000,620.00000,,620.00000,797.00000,-67.00000,730.00000,213.00000,517.00000,517.00000,,517.00000,903.00000,797.00000,180.10000,181.50000,2.87000,2.85000,1.13380,0.52930,1.12430,23.61670,13.28330,13.28330,12.16670,8.61670,0.24920,4.71020,1.72270,52.24500,9.10050,-7.62310,2.14690,4.28410,31.74510,3.3244,2.3542
2016-03-31,5956.00000,4561.00000,1395.00000,656.00000,,656.00000,739.00000,-63.00000,676.00000,120.00000,556.00000,556.00000,,556.00000,842.00000,739.00000,181.30000,183.40000,3.07000,3.03000,1.15160,0.53190,1.13630,23.42180,12.40770,12.40770,11.34990,9.33510,0.24890,5.07910,1.78000,50.56080,9.89150,-8.12750,2.32320,4.63020,31.08460,-0.32720,-1.95200
2015-12-31,5694.00000,4378.00000,1316.00000,627.00000,,627.00000,689.00000,-68.00000,621.00000,162.00000,459.00000,459.00000,,459.00000,827.00000,689.00000,189.40000,191.60000,2.51000,2.49000,1.16070,0.53630,1.15650,23.11210,12.10050,12.10050,10.90620,8.06110,0.23310,5.42500,2.00420,44.90520,8.31220,-6.61570,1.87930,3.85460,30.45730,8.4686,7.7879
2015-09-30,5979.00000,4522.00000,1457.00000,663.00000,,663.00000,794.00000,-65.00000,729.00000,213.00000,516.00000,516.00000,,516.00000,907.00000,794.00000,185.80000,187.90000,2.78000,2.75000,1.15940,0.52970,1.12640,24.36860,13.27980,13.27980,12.19270,8.63020,0.24950,5.28270,1.82960,49.19220,9.05740,-7.63200,2.15310,4.25950,31.16130,2.9599,2.3801
2015-06-30,5896.00000,4442.00000,1454.00000,641.00000,,641.00000,813.00000,-77.00000,736.00000,205.00000,531.00000,531.00000,,531.00000,930.00000,813.00000,191.80000,193.70000,2.77000,2.74000,1.25340,0.50980,1.03990,24.66080,13.78900,13.78900,12.48300,9.00610,0.24010,5.18930,1.87120,48.09870,8.60480,-8.43790,2.16280,4.21830,32.75810,3.1172,2.5031
2015-03-31,5957.00000,4542.00000,1415.00000,635.00000,,635.00000,780.00000,-76.00000,704.00000,220.00000,484.00000,484.00000,,484.00000,879.00000,780.00000,197.70000,200.50000,2.45000,2.41000,1.35180,0.48750,0.95110,23.75360,13.09380,13.09380,11.81800,8.12490,0.23580,5.55260,1.90260,47.30400,7.17250,-8.46750,1.91560,3.67610,34.58530,-3.26180,-3.84540
2014-12-31,6108.00000,4653.00000,1455.00000,693.00000,,693.00000,762.00000,-61.00000,701.00000,195.00000,506.00000,506.00000,,506.00000,902.00000,762.00000,208.80000,212.10000,2.53000,2.49000,1.32040,0.45020,0.81890,23.82120,12.47540,12.47540,11.47680,8.28420,0.22990,6.27090,2.17680,41.34580,6.99380,-9.67310,1.90430,3.84500,36.36960,6.9529,5.6703
2014-09-30,5984.00000,4635.00000,1349.00000,580.00000,,580.00000,769.00000,-75.00000,694.00000,221.00000,473.00000,473.00000,,473.00000,874.00000,769.00000,206.20000,209.20000,2.29000,2.26000,1.47380,0.37460,0.59900,22.54350,12.85090,12.85090,11.59760,7.90440,0.23890,6.90760,1.85090,48.62470,4.78120,-18.40470,1.88880,2.99010,48.69150,4.4825,3.938
2014-06-30,6039.00000,4629.00000,1410.00000,590.00000,,590.00000,820.00000,-64.00000,756.00000,245.00000,511.00000,511.00000,,511.00000,928.00000,820.00000,212.40000,215.20000,2.41000,2.37000,1.54970,0.36600,0.57720,23.34820,13.57840,13.57840,12.51860,8.46170,0.23820,6.24700,1.84120,48.88230,4.97660,-23.22730,2.01570,3.15530,49.09910,2.614,2.0683
2014-03-31,5848.00000,4461.00000,1387.00000,542.00000,,542.00000,845.00000,-59.00000,786.00000,207.00000,579.00000,579.00000,,579.00000,954.00000,845.00000,216.30000,220.40000,2.68000,2.63000,1.63230,0.35930,0.56080,23.71750,14.44940,14.44940,13.44050,9.90080,0.22900,5.71190,1.80830,49.77090,5.47830,-30.48970,2.26750,3.50990,49.15650,-1.82400,-2.09620
2013-12-31,6157.00000,4828.00000,1329.00000,561.00000,,561.00000,768.00000,-61.00000,707.00000,229.00000,478.00000,478.00000,,478.00000,918.00000,768.00000,229.60000,233.90000,2.16000,2.13000,1.63160,0.35820,0.55820,21.58520,12.47360,12.47360,11.48290,7.76350,0.23340,6.91690,2.29310,39.24800,4.50090,-26.29260,1.81190,2.88860,48.80540,5.117,4.326
2013-09-30,6106.00000,4761.00000,1345.00000,555.00000,,555.00000,790.00000,-70.00000,720.00000,223.00000,497.00000,497.00000,,497.00000,910.00000,790.00000,228.20000,232.60000,2.18000,2.14000,1.66450,0.38790,0.63360,22.02750,12.93810,12.93810,11.79170,8.13950,0.22280,6.07270,2.03330,44.26300,5.31210,-16.12590,1.81350,3.25180,41.80970,4.1134,3.7187
2013-06-30,6294.00000,4906.00000,1388.00000,582.00000,,582.00000,806.00000,-82.00000,724.00000,236.00000,488.00000,488.00000,,488.00000,921.00000,806.00000,234.00000,237.50000,2.09000,2.05000,1.69600,0.38280,0.62030,22.05280,12.80590,12.80590,11.50300,7.75340,0.22880,6.58520,2.01470,44.67110,5.10570,-16.95030,1.77400,3.15100,41.41210,1.3812,1.1765
2013-03-31,6104.00000,4787.00000,1317.00000,558.00000,,558.00000,759.00000,-47.00000,712.00000,223.00000,489.00000,489.00000,,489.00000,869.00000,759.00000,236.40000,241.00000,2.07000,2.03000,1.41240,0.29370,0.41580,21.57600,12.43450,12.43450,11.66450,8.01110,0.23550,5.14730,2.00130,44.97050,5.16420,-16.47570,1.88700,3.64760,40.27600,0.00410,-0.16180
2012-12-31,6476.00000,4915.00000,1561.00000,737.00000,,737.00000,824.00000,-37.00000,787.00000,254.00000,533.00000,533.00000,,533.00000,963.00000,824.00000,248.60000,253.40000,2.19000,2.15000,1.38570,0.29230,0.41310,24.10440,12.72390,12.72390,12.15260,8.23040,0.24400,6.15910,2.26590,39.71900,5.60230,-18.27220,2.00810,3.96460,39.77260,4.139,3.6103
2012-09-30,6270.00000,4962.00000,1308.00000,572.00000,,572.00000,736.00000,-41.00000,695.00000,236.00000,459.00000,459.00000,,459.00000,864.00000,736.00000,247.20000,252.10000,1.86000,1.82000,1.38880,0.26420,0.35910,20.86120,11.73840,11.73840,11.08450,7.32060,0.24820,7.91390,2.10900,42.67460,4.19290,-32.18790,1.81700,3.08510,44.55580,3.2522,2.993
2012-06-30,6274.00000,4920.00000,1354.00000,580.00000,,580.00000,774.00000,-47.00000,727.00000,247.00000,480.00000,480.00000,,480.00000,897.00000,774.00000,250.80000,254.70000,1.91000,1.88000,1.37300,0.26850,0.36700,21.58110,12.33660,12.33660,11.58750,7.65060,0.24870,6.98860,2.01150,44.74180,4.47970,-29.46590,1.90280,3.27710,43.19890,3.4341,3.2297
2012-03-31,6198.00000,4841.00000,1357.00000,561.00000,,561.00000,796.00000,-40.00000,756.00000,250.00000,506.00000,506.00000,,506.00000,916.00000,796.00000,253.10000,258.00000,2.00000,1.96000,1.31570,0.27170,0.37310,21.89420,12.84290,12.84290,12.19750,8.16390,0.24740,6.02110,1.91830,46.91680,4.80030,-27.60500,2.01970,3.49590,41.79440,-0.40700,-0.72090
2011-12-31,6506.00000,5070.00000,1436.00000,637.00000,,637.00000,799.00000,-17.00000,782.00000,232.00000,550.00000,550.00000,-2.00000,548.00000,956.00000,799.00000,276.80000,281.60000,2.10000,2.06000,1.26260,0.27570,0.38070,22.07190,12.28100,12.28100,12.01970,8.42300,0.25600,5.80760,2.19500,41.00220,5.32120,-26.98720,2.16440,3.85400,40.71050,4.6679,4.0879
2011-09-30,6612.00000,5198.00000,1414.00000,589.00000,,589.00000,825.00000,-70.00000,755.00000,235.00000,520.00000,520.00000,,520.00000,957.00000,825.00000,274.90000,279.30000,1.89000,1.86000,1.34350,0.24770,0.33260,21.38540,12.47730,12.47730,11.41860,7.86450,0.26340,5.88010,1.98680,45.29950,4.35110,-88.28520,2.07170,3.27310,45.00620,3.379,2.9674
2011-06-30,6560.00000,5163.00000,1397.00000,556.00000,,556.00000,841.00000,-53.00000,788.00000,268.00000,520.00000,520.00000,,520.00000,975.00000,841.00000,282.60000,287.20000,1.84000,1.81000,1.34840,0.24470,0.32750,21.29570,12.82010,12.82010,12.01220,7.92680,0.25850,5.72390,1.88830,47.66160,4.28020,-129.67580,2.04910,3.23260,43.70430,-0.132,-0.4733
2011-03-31,6734.00000,5355.00000,1379.00000,568.00000,,568.00000,811.00000,-53.00000,758.00000,262.00000,496.00000,496.00000,34.00000,530.00000,932.00000,811.00000,291.80000,296.90000,1.82000,1.79000,1.47230,0.23710,0.31380,20.47820,12.04340,12.04340,11.25630,7.87050,0.25140,6.23400,1.89000,47.61950,3.91260,420.33900,1.85140,2.98510,43.32550,-0.40420,-0.81850
2010-12-31,6903.00000,5580.00000,1323.00000,648.00000,,648.00000,675.00000,-265.00000,410.00000,104.00000,306.00000,306.00000,70.00000,376.00000,835.00000,675.00000,296.90000,301.10000,1.30000,1.28000,1.37370,0.22670,0.35160,19.16560,9.77840,9.77840,5.93940,5.44690,0.21980,6.22770,2.07360,43.40290,2.27750,35.25350,0.97420,1.76110,46.17870,4.5648,3.6333
2010-09-30,7071.00000,5774.00000,1297.00000,574.00000,,574.00000,723.00000,-51.00000,672.00000,224.00000,448.00000,448.00000,49.00000,497.00000,859.00000,723.00000,293.50000,297.60000,1.69000,1.67000,1.15970,0.20670,0.31900,18.34250,10.22490,10.22490,9.50360,7.02870,0.23430,4.83990,1.69490,53.10140,3.39550,-39.85770,1.48460,2.69380,45.14970,3.2923,2.8668
2010-06-30,7255.00000,5884.00000,1371.00000,621.00000,,621.00000,750.00000,-75.00000,675.00000,-65.00000,740.00000,740.00000,-29.00000,711.00000,880.00000,750.00000,299.60000,303.80000,2.37000,2.34000,1.09370,0.21040,0.32640,18.89730,10.33770,10.33770,9.30390,9.80010,0.24430,5.12540,1.74400,51.60580,5.73510,-51.49620,2.49210,4.52850,43.74210,2.0244,1.775
2010-03-31,6914.00000,5611.00000,1303.00000,624.00000,,624.00000,679.00000,-70.00000,609.00000,199.00000,410.00000,410.00000,59.00000,469.00000,808.00000,679.00000,302.50000,306.10000,1.55000,1.53000,1.11770,0.21390,0.33350,18.84580,9.82070,9.82070,8.80820,6.78330,0.23230,4.35300,1.64740,54.63260,3.24370,-23.79570,1.37760,2.54980,42.01930,-1.73470,-2.07120
2009-12-31,2820.00000,2030.00000,790.00000,368.00000,,368.00000,422.00000,-47.00000,375.00000,139.00000,236.00000,236.00000,177.00000,413.00000,435.00000,422.00000,319.20000,323.30000,1.32000,1.30000,1.23620,0.24830,0.33850,28.01420,14.96450,14.96450,13.29790,14.64540,0.09320,1.73500,0.83090,108.31920,1.86020,-13.85790,0.78010,1.39830,41.34390,2.8484,2.7453
2009-09-30,8350.00000,6987.00000,1363.00000,744.00000,,744.00000,619.00000,-35.00000,584.00000,120.00000,464.00000,464.00000,26.00000,490.00000,803.00000,619.00000,317.10000,320.60000,1.55000,1.53000,1.11200,0.25230,0.37920,16.32340,7.41320,7.41320,6.99400,5.86830,0.27070,5.62110,2.11340,42.58560,3.73320,-15.48730,1.50430,2.79130,39.49260,1.7296,1.2813
2009-06-30,8545.00000,7190.00000,1355.00000,741.00000,,741.00000,614.00000,-57.00000,557.00000,189.00000,368.00000,368.00000,26.00000,394.00000,793.00000,614.00000,322.00000,325.80000,1.22000,1.21000,1.00180,0.21550,0.31730,15.85720,7.18550,7.18550,6.51840,4.61090,0.28340,6.54230,2.01010,44.77360,3.01910,-11.24690,1.22060,2.36850,38.19140,2.5375,2.1137
2009-03-31,7935.00000,6598.00000,1337.00000,718.00000,,718.00000,619.00000,-65.00000,554.00000,188.00000,366.00000,366.00000,23.00000,389.00000,793.00000,619.00000,326.90000,332.10000,1.19000,1.17000,0.96580,0.21750,0.32690,16.84940,7.80090,7.80090,6.98170,4.90230,0.26330,5.60100,1.79690,50.08700,3.03560,-10.80280,1.21430,2.37520,37.13560,-0.51790,-1.00570
