Date,revenue,cost-goods-sold,gross-profit,research-development-expenses,selling-general-administrative-expenses,other-operating-income-expenses,operating-expenses,operating-income,total-non-operating-income-expense,pre-tax-income,total-provision-income-taxes,income-after-taxes,income-from-continuous-operations,net-income,ebitda,ebit,basic-shares-outstanding,shares-outstanding,eps-basic-net-earnings-per-share,eps-earnings-per-share-diluted,current-ratio,long-term-debt-capital,debt-equity-ratio,gross-margin,operating-margin,ebit-margin,pre-tax-profit-margin,net-profit-margin,asset-turnover,receiveable-turnover,days-sales-in-receivables,roe,return-on-tangible-equity,roa,roi,book-value-per-share,operating-cash-flow-per-share,free-cash-flow-per-share
2023-12-31,133.70000,13.80000,119.90000,20.30000,95.00000,,115.30000,4.60000,0.70000,5.30000,7.60000,-2.30000,-2.30000,-2.30000,16.80000,4.60000,76.70000,76.70000,-0.02000,-0.02000,5.31900,,,89.67840,3.44060,3.44050,3.96410,-1.72030,0.31940,1.77090,50.82270,-0.62690,-1.10310,-0.54950,-0.62690,4.76870,0.3916,0.2664
2023-09-30,152.80000,13.30000,139.50000,20.70000,114.80000,,135.50000,4.00000,0.70000,4.70000,5.20000,-0.50000,-0.50000,-0.50000,16.10000,4.00000,77.50000,77.50000,-0.01000,-0.01000,4.32890,,,91.29580,2.61780,2.61780,3.07590,-0.32720,0.36310,1.81040,49.71200,-0.13730,-0.24700,-0.11880,-0.13730,4.73020,0.4651,0.4049
2023-06-30,143.30000,13.10000,130.20000,20.00000,114.40000,,134.40000,-4.20000,0.60000,-3.60000,7.10000,-10.70000,-10.70000,-10.70000,8.00000,-4.20000,76.80000,76.80000,-0.14000,-0.14000,5.17710,,,90.85830,-2.93090,-2.93090,-2.51220,-7.46690,0.34900,1.55090,58.03210,-2.93150,-5.38770,-2.60590,-2.93150,4.70820,-0.1225,-0.2263
2023-03-31,169.60000,13.80000,155.80000,19.50000,137.10000,,156.60000,-0.80000,0.70000,-0.10000,-1.80000,1.70000,1.70000,1.70000,10.90000,-0.80000,75.80000,79.70000,0.02000,0.02000,2.73500,,,91.86320,-0.47170,-0.47170,-0.05900,1.00240,0.37510,1.73950,51.73940,0.46990,0.89050,0.37600,0.46990,4.71640,0.20580,0.11040
2022-12-31,142.00000,12.20000,129.80000,19.40000,101.90000,-0.60000,121.90000,7.90000,-0.30000,7.60000,-1.30000,8.90000,8.90000,8.90000,19.30000,7.90000,70.60000,70.60000,0.15000,0.15000,2.61330,,,91.40840,5.56340,5.56340,5.35210,6.26760,0.33360,1.63220,55.14080,2.60460,5.34860,2.09070,2.60460,4.54870,0.2888,0.1633
2022-09-30,142.60000,11.70000,130.90000,20.70000,118.60000,-0.40000,139.70000,-8.80000,-0.40000,-9.20000,-9.90000,0.70000,0.70000,0.70000,2.00000,-8.80000,73.40000,75.00000,0.01000,0.01000,2.91150,0.18010,0.21970,91.79520,-6.17110,-6.17110,-6.45160,0.49090,0.29380,1.63530,55.03510,0.21970,0.50140,0.14420,0.18010,4.28680,0.2789,0.1843
2022-06-30,125.20000,8.20000,117.00000,20.10000,104.10000,-1.80000,126.00000,-9.00000,-0.10000,-9.10000,0.20000,-9.30000,-9.30000,-9.30000,-1.40000,-9.00000,67.40000,67.40000,-0.14000,-0.14000,3.16790,,,93.45050,-7.18850,-7.18850,-7.26840,-7.42810,0.36180,1.64520,54.70450,-3.52940,-4.72080,-2.68790,-3.52940,3.83900,-0.2375,-0.3465
2022-03-31,129.10000,7.70000,121.40000,17.40000,109.20000,-3.90000,130.50000,-9.10000,-0.20000,-9.30000,1.20000,-10.50000,-10.50000,-10.50000,-1.90000,-9.10000,66.90000,66.90000,-0.16000,-0.16000,3.28110,,,94.03560,-7.04880,-7.04880,-7.20370,-8.13320,0.34330,1.78070,50.54220,-4.11120,-5.63610,-2.79180,-4.11120,3.80410,0.02390,-0.10310
2021-12-31,99.50000,7.20000,92.30000,18.60000,83.10000,-8.00000,101.70000,-9.40000,1.30000,-8.10000,-0.20000,-7.90000,-7.90000,-7.90000,-2.20000,-9.40000,60.76900,60.76900,-0.13000,-0.13000,3.69000,,,92.76380,-9.44720,-9.44720,-8.14070,-7.93970,0.27330,1.72740,52.10050,-3.06680,-4.24280,-2.16970,-3.06680,3.86080,0.1486,0.0974
2021-09-30,98.50000,7.50000,91.00000,16.60000,65.70000,-2.40000,84.70000,6.30000,-0.50000,5.80000,13.60000,-7.80000,-7.80000,-7.80000,13.40000,6.30000,49.80000,49.80000,-0.16000,-0.16000,,,,92.38580,6.39590,6.39590,5.88830,-7.91880,,,,,,,,,0.337,0.2288
2021-06-30,91.60000,7.30000,84.30000,14.80000,91.50000,-0.70000,107.00000,-22.70000,0.90000,-21.80000,-7.90000,-13.90000,-13.90000,-13.90000,-16.10000,-22.70000,49.30000,49.30000,-0.28000,-0.28000,,,,92.03060,-24.78170,-24.78170,-23.79910,-15.17470,,,,,,,,,-0.2929,-0.4006
2021-03-31,90.00000,6.50000,83.50000,12.20000,77.50000,-7.00000,96.70000,-13.20000,-0.40000,-13.60000,-0.70000,-12.90000,-12.90000,-12.90000,-7.00000,-13.20000,48.50000,48.50000,-0.27000,-0.27000,,,,92.77780,-14.66670,-14.66670,-15.11110,-14.33330,,,,,,,,,-0.07420,-0.18560
2020-12-31,,,,,,,,,,,,,,,,,,,,0.00000,,,,,,,,,,,,,,,,,0,0
2019-12-31,,,,,,,,,,,,,,,,,,,,0.00000,,,,,,,,,,,,,,,,,0,0
