Date,revenue,cost-goods-sold,gross-profit,research-development-expenses,selling-general-administrative-expenses,other-operating-income-expenses,operating-expenses,operating-income,total-non-operating-income-expense,pre-tax-income,total-provision-income-taxes,income-after-taxes,income-from-continuous-operations,net-income,ebitda,ebit,basic-shares-outstanding,shares-outstanding,eps-basic-net-earnings-per-share,eps-earnings-per-share-diluted,current-ratio,long-term-debt-capital,debt-equity-ratio,gross-margin,operating-margin,ebit-margin,pre-tax-profit-margin,net-profit-margin,asset-turnover,inventory-turnover,receiveable-turnover,days-sales-in-receivables,roe,return-on-tangible-equity,roa,roi,book-value-per-share,operating-cash-flow-per-share,free-cash-flow-per-share
2023-09-30,172.20500,165.05700,7.14800,8.15600,19.99300,,28.38400,-21.23600,1.89300,-19.34300,-0.40100,-18.94200,-18.94200,-18.94200,-21.00100,-21.23600,143.86700,143.86700,-0.13000,-0.13000,4.15990,,,4.15090,-12.33180,-12.33180,-11.23250,-10.99970,0.57300,33.32470,6.13440,14.67140,-7.94920,-7.98110,-6.30270,-7.94920,1.66120,-0.1634,-0.2206
2023-06-30,39.68000,35.73300,3.94700,10.21800,21.86400,,32.30800,-28.36100,2.20300,-26.15800,0.00400,-26.16200,-26.16200,-26.16200,-28.13500,-28.36100,142.75600,142.75600,-0.18000,-0.18000,2.58870,,,9.94710,-71.47430,-71.47430,-65.92240,-65.93250,0.10570,8933.25000,6.17400,14.57740,-10.56780,-10.56780,-6.97030,-10.56780,1.73480,-0.1365,-0.185
2023-03-31,11.42200,9.00300,2.41900,11.24100,24.12000,,35.36100,-32.94200,1.77500,-31.16700,,-31.16700,-31.16700,-31.16700,-32.73300,-32.94200,139.66900,139.66900,-0.22000,-0.22000,2.94990,,,21.17840,-288.40830,-288.40830,-272.86820,-272.86820,0.02990,1.83770,2.11010,42.65190,-11.78400,-11.78400,-8.14910,-11.78400,1.87060,-0.50670,-0.59000
2022-12-31,100.32200,84.38600,15.93600,20.11000,27.91000,,41.67600,-25.74000,2.53200,-23.20800,0.06900,-23.27700,-23.27700,-23.27700,-25.55900,-25.74000,123.24100,123.24100,-0.13000,-0.13000,3.11250,,,15.88490,-25.65740,-25.65740,-23.13350,-23.20230,0.24070,19.27500,2.57500,34.95150,-8.09040,-8.09040,-5.58590,-8.09040,2.07690,0.1513,0.1372
2022-09-30,1.69400,1.62300,0.07100,11.65500,16.63600,-2.82800,36.27700,-36.20600,7.62600,-28.58000,0.18500,-28.76500,-28.76500,-28.76500,-31.04800,-36.20600,140.30200,140.30200,-0.21000,-0.21000,9.55890,0.00010,0.00020,4.19130,-2137.30800,-2137.30800,-1687.13100,-1698.05200,0.00500,,0.07420,1212.60900,-9.57840,-9.57840,-8.49660,-9.57770,2.17870,-0.14,-0.1423
2022-06-30,0.97700,0.57100,0.40600,8.63200,12.56200,,22.38000,-21.97400,15.84100,-6.13300,0.04500,-6.17800,-6.17800,-6.17800,-20.78800,-21.97400,133.77700,133.77700,-0.05000,-0.05000,44.01050,0.00000,0.00020,41.55580,-2249.13000,-2249.13000,-627.73800,-632.34390,0.00280,,0.17580,512.08800,-2.01510,-2.01510,-1.78800,-2.01500,2.28050,0.0073,0.0059
2022-03-31,42.88400,,42.88400,9.66100,12.38600,,,20.83700,-40.78800,-19.95100,0.12800,-20.07900,-20.07900,-20.07900,22.05500,20.83700,80.80600,80.80600,-0.25000,-0.25000,61.62250,0.00010,0.00020,100.00000,48.58920,48.58920,-46.52320,-46.82170,0.12200,,1.42940,62.96470,-6.81660,-6.80100,-5.71180,-6.80040,2.20930,-0.20800,-0.20910
2021-12-31,,,,2.99200,9.83800,0.00900,,-12.82100,0.07300,-12.74800,,-12.74900,-12.74900,-12.74900,-11.47700,-12.82100,12.78000,12.78000,0.49000,0.51000,15.07050,0.00030,0.00070,,,,,,,,,,18.56670,-11.17910,-10.17530,-11.17580,5.58160,-0.6915,-0.6992
2021-09-30,,,,1.69700,3.92800,0.01100,,-5.61400,-0.54900,-6.16300,,-6.16300,-6.16300,-6.16300,-5.08500,-5.61400,13.59800,13.59800,-0.45000,-0.45000,3.99940,,,,,,,,,,,,40.14970,40.14970,-2.13600,40.14970,-2.13550,-0.3691,-0.3692
2021-06-30,,,,2.20200,3.19500,-2.74400,,-8.14100,24.71000,16.56900,,16.56900,16.56900,16.56900,-7.71100,-8.14100,11.79200,13.42600,0.18000,0.16000,8.84410,,,,,,,,,,,,331.37980,331.38000,5.73850,331.37980,0.53590,-0.1132,-0.1184
2021-03-31,,,,1.02100,1.94000,,,-2.96100,-26.03400,-28.99500,,-28.99500,-28.99500,-28.99500,-2.94400,-2.96100,10.86100,10.86100,-2.67000,-2.67000,10.36220,,,,,,,,,,,,-579.89930,-579.90000,-10.03250,-579.89930,0.53600,-0.55280,-0.55310
2020-12-31,,,,,,,,,,,,,,,,,,,,0.00000,,,,,,,,,,,,,,,,,,0,0
2020-06-30,,,,,,-0.46170,,-0.46170,-1.17260,-1.63430,,-1.63430,-1.63430,-1.63430,-0.46170,-0.46170,8.62800,8.62800,-0.19000,-0.19000,,,,,,,,,,,,,,,,,,0,0
