Date,revenue,cost-goods-sold,gross-profit,research-development-expenses,selling-general-administrative-expenses,operating-expenses,operating-income,total-non-operating-income-expense,pre-tax-income,total-provision-income-taxes,income-after-taxes,income-from-continuous-operations,net-income,ebitda,ebit,basic-shares-outstanding,shares-outstanding,eps-basic-net-earnings-per-share,eps-earnings-per-share-diluted,current-ratio,long-term-debt-capital,debt-equity-ratio,gross-margin,operating-margin,ebit-margin,pre-tax-profit-margin,net-profit-margin,asset-turnover,inventory-turnover,receiveable-turnover,days-sales-in-receivables,roe,return-on-tangible-equity,roa,roi,book-value-per-share,operating-cash-flow-per-share,free-cash-flow-per-share
2023-09-30,1.55600,1.11800,0.43800,2.11000,3.96700,6.07700,-5.63900,0.46100,-5.17800,,-5.17800,-5.17800,-5.17800,-5.58100,-5.63900,33.98500,33.98500,-0.15000,-0.15000,9.96330,,,28.14910,-362.40360,-362.40360,-332.77640,-332.77640,0.03110,0.60560,1.10510,81.43960,-11.97030,-11.97030,-10.35190,-11.97030,2.02140,0.028,0.0263
2023-06-30,1.64900,1.15800,0.49100,1.99300,3.81300,5.80600,-5.31500,0.23800,-5.07700,,-5.07700,-5.07700,-5.07700,-5.25700,-5.31500,21.07420,21.07420,-0.24000,-0.24000,10.46180,,,29.77560,-322.31650,-322.31650,-307.88360,-307.88360,0.03070,0.68560,0.92540,97.25900,-10.84530,-10.84530,-9.46530,-10.84530,2.20900,0.2099,0.2101
2023-03-31,1.23900,0.86600,0.37300,1.84300,2.91100,4.75400,-4.38100,0.12500,-4.25600,,-4.25600,-4.25600,-4.25600,-4.32600,-4.38100,8.09330,8.09330,-0.53000,-0.53000,3.81090,,,30.10490,-353.59160,-353.59160,-343.50280,-343.50280,0.06220,0.51030,0.71740,125.44790,-31.69970,-31.69970,-21.36440,-31.69970,1.61230,-0.59690,-0.60000
2022-12-31,1.02600,0.82800,0.19800,2.01300,3.12100,5.13400,-4.93600,0.11900,-4.81700,,-4.84500,-4.84500,-4.84500,-4.88200,-4.93600,7.87180,7.87180,-0.61000,-0.61000,4.20630,,,19.29820,-481.09160,-481.09170,-469.49320,-472.22220,0.04160,0.51080,0.82280,109.38590,-27.85600,-27.85600,-19.65280,-27.85600,2.08770,-0.3992,-0.4111
2022-09-30,1.43100,1.06500,0.36600,2.06100,2.91500,4.97600,-4.61000,0.08100,-4.52900,,-4.52900,-4.52900,-4.52900,-4.56000,-4.61000,7.83850,7.83850,-0.58000,-0.58000,6.23380,,,25.57650,-322.15240,-322.15240,-316.49200,-316.49200,0.05100,0.75320,1.04220,86.35220,-20.70870,-20.70870,-16.13980,-20.70870,2.62360,-0.6475,-0.6763
2022-06-30,1.53100,1.10000,0.43100,2.05600,3.05600,5.11200,-4.68100,0.04500,-4.63600,,-4.63600,-4.63600,-4.63600,-4.63800,-4.68100,7.80780,7.80780,-0.59000,-0.59000,6.26060,,,28.15150,-305.74790,-305.74790,-302.80860,-302.80860,0.04670,0.75650,1.13070,79.59500,-18.00950,-18.00950,-14.14880,-18.00950,3.09290,-0.398,-0.4126
2022-03-31,1.18300,1.06100,0.12200,1.68000,2.92800,4.60800,-4.48600,0.00500,-4.48100,,-4.48100,-4.48100,-4.48100,-4.44500,-4.48600,7.80420,7.80420,-0.57000,-0.57000,8.84100,,,10.31280,-379.20540,-379.20540,-378.78280,-378.78280,0.03360,0.82500,0.98260,91.59760,-15.08550,-15.08550,-12.74060,-15.08550,3.57110,-0.52970,-0.53450
2021-12-31,1.38000,1.08600,0.29400,1.53400,2.69100,4.22500,-3.93100,-0.12100,-4.05200,,-4.09700,-4.09700,-4.09700,-3.89100,-3.93100,7.34600,7.34600,-0.51000,-0.51000,8.53320,,,21.30440,-284.85520,-284.85520,-293.62330,-296.88420,0.03480,0.95010,0.99350,90.58700,-12.21820,-12.21820,-10.31680,-12.21820,4.04190,-0.4663,-0.4825
2021-09-30,1.07100,0.97900,0.09200,1.49500,2.62800,4.12300,-4.03100,-0.04000,-4.07100,,-4.07100,-4.07100,-4.07100,-3.99400,-4.03100,7.73950,7.73950,-0.53000,-0.53000,10.77720,,,8.59010,-376.37730,-376.37730,-380.11210,-380.11210,0.02510,0.86260,0.96310,93.44540,-10.98400,-10.98400,-9.55500,-10.98400,4.69150,-0.5313,-0.5515
2021-06-30,1.03800,0.77600,0.26200,1.29000,2.41200,3.70200,-3.44000,-0.06700,-3.50700,,-3.50700,-3.50700,-3.50700,-3.40700,-3.44000,7.70470,7.70470,-0.46000,-0.46000,11.93860,,,25.24090,-331.40650,-331.40650,-337.86130,-337.86130,0.02240,0.57820,0.94540,95.20230,-8.58930,-8.58930,-7.56230,-8.58930,5.15920,-0.206,-0.2122
2021-03-31,1.00600,0.90000,0.10600,0.83900,2.58100,3.42000,-3.31400,0.07100,-3.24300,,-3.24300,-3.24300,-3.24300,-3.26300,-3.31400,6.12270,6.12270,-0.53000,-0.53000,16.13750,,,10.53680,-329.42350,-329.42350,-322.36580,-322.36580,0.02070,0.76010,1.21940,73.80720,-7.37820,-7.37820,-6.66800,-7.37820,5.59710,-0.59470,-0.59890
2020-12-31,0.15800,0.54800,-0.39000,0.72000,2.60800,3.32800,-3.71800,-0.13100,-3.84900,,-3.85300,-3.85300,-3.85300,-3.68900,-3.71800,1.51240,1.51240,3.34000,3.34000,4.14010,,,-246.83560,-2353.16700,-2353.16700,-2436.07800,-2438.60900,0.00890,0.38730,0.16720,538.29160,-31.67800,-31.67800,-21.67410,-31.67800,3.70370,-3.0454,-3.0778
2020-09-30,0.98000,0.68200,0.29800,0.54600,1.94700,2.49300,-2.19500,-0.03800,-2.23300,,-2.23300,-2.23300,-2.23300,-2.16100,-2.19500,2.32560,2.32560,-0.96000,-0.96000,5.19110,,,30.40820,-223.97960,-223.97960,-227.85710,-227.85710,0.06280,0.49140,1.09250,82.37760,-19.79610,-19.79610,-14.30590,-19.79610,4.69000,1.5796,1.5684
2020-06-30,0.31300,0.43300,-0.12000,0.44400,1.88200,2.32600,-2.44600,-0.03400,-2.48000,,-2.48000,-2.48000,-2.48000,-2.40900,-2.44600,0.84550,0.84550,-2.93000,-2.93000,4.88490,,,-38.33870,-781.46960,-781.46960,-792.33230,-792.33230,0.01760,0.30880,0.55110,163.32270,-18.76800,-18.76800,-13.97970,-18.76800,5.93880,3.0994,3.0994
2020-03-31,1.03400,0.73900,0.29500,0.52300,1.79300,2.31600,-2.02100,0.04300,-1.97800,,-1.97800,-1.97800,-1.97800,-1.97000,-2.02100,0.30820,0.30820,-6.42000,-6.42000,2.08840,,,28.53000,-195.45450,-195.45450,-191.29590,-191.29590,0.14000,0.61480,1.00390,89.65180,-56.88800,-56.88810,-26.78400,-56.88810,12.01400,-7.63780,-7.63780
2019-12-31,1.01300,0.75400,0.25900,0.52200,2.24300,2.76500,-2.50600,-0.02700,-2.53300,,-2.55700,-2.55700,-2.55700,-2.46200,-2.50600,0.13940,0.13940,28.03600,28.03600,2.50720,,,25.56760,-247.38400,-247.38400,-250.04930,-252.41850,0.10250,0.61000,1.04110,86.44620,-47.50140,-47.50140,-25.88060,-47.50140,20.60900,4.5943,4.6581
2019-09-30,0.93900,0.81100,0.12800,0.44200,1.68300,2.12500,-1.99700,-0.07300,-2.07000,,-2.07000,-2.07000,-2.07000,-1.95600,-1.99700,0.10990,0.10990,-18.89060,-18.89060,4.12140,,,13.63150,-212.67300,-212.67300,-220.44730,-220.44730,0.08080,0.63210,0.95620,94.12140,-26.21580,-26.21580,-17.81110,-26.21580,34.24380,-5.7944,-6.1071
2019-06-30,1.35400,0.91200,0.44200,0.86500,1.76000,2.62500,-2.18300,-0.02300,-2.20600,0.00000,-2.20600,-2.20600,-2.20600,-2.14500,-2.18300,0.09230,0.09230,-23.83810,-23.83810,3.71310,,,32.64400,-161.22600,-161.22600,-162.92470,-162.92470,0.14580,0.74880,1.19090,75.57610,-39.57670,-39.57660,-23.76130,-39.57660,59.81980,-6.9369,-7.5467
2019-03-31,0.41500,0.48800,-0.07300,1.12500,1.93200,3.05700,-3.13000,-0.07700,-3.20700,,-3.20700,-3.20700,-3.20700,-3.09500,-3.13000,0.05600,0.05600,-57.27140,-57.27140,3.02240,,,-17.59040,-754.21690,-754.21690,-772.77110,-772.77110,0.04130,0.33720,0.63850,140.96390,-56.86170,-56.86170,-31.88820,-56.86170,96.96990,-62.23570,-63.41430
2018-12-31,0.82200,0.59500,0.22700,0.63700,1.79600,2.43300,-2.20600,-0.00700,-2.21300,,-2.21300,-2.21300,-2.21300,-2.16900,-2.20600,0.03080,0.03080,711.54430,711.54430,3.91060,,,27.61560,-268.36980,-268.36980,-269.22140,-269.22140,0.06690,0.52470,1.00240,89.78100,-25.25390,-25.25390,-18.00940,-25.25390,170.84440,-140.3579,-141.9827
2018-09-30,0.76900,0.57100,0.19800,0.41600,1.76100,2.17700,-1.97900,-0.03200,-2.01100,0.00000,-2.01100,-2.01100,-2.01100,-1.94300,-1.97900,0.05440,0.05440,-37.03150,-37.03150,5.51500,,,25.74770,-257.34720,-257.34720,-261.50850,-261.50850,0.05520,0.69980,0.87490,102.87390,-18.36200,-18.36190,-14.43340,-18.36190,223.73940,334.9258,337.4859
2018-06-30,1.00300,0.72600,0.27700,0.23000,1.52000,1.75000,-1.47300,0.84600,-0.62700,0.00000,-0.62700,-0.62700,-0.62700,-1.43500,-1.47300,0.00900,0.00900,-114.84260,-114.84260,3.32300,,,27.61720,-146.85940,-146.85940,-62.51250,-62.51250,0.10590,1.13970,0.91930,97.89630,-15.30010,-15.30020,-6.62020,-15.30020,476.05210,150.3585,147.5793
2018-03-31,1.00700,0.71400,0.29300,0.25200,1.99400,2.24600,-1.95300,-0.43600,-2.38900,,-2.38900,-2.38900,-2.38900,-1.91200,-1.95300,0.00300,0.00300,-809.59520,-809.59520,2.09780,,,29.09630,-193.94240,-193.94240,-237.23930,-237.23930,0.13820,1.38100,1.01510,88.65940,-228.83000,-228.83150,-32.79340,-228.83140,223.53860,-591.99760,-592.33010
2017-12-31,0.83400,0.62300,0.21100,0.23500,1.42500,1.66000,-1.44900,-0.02400,-1.47300,0.02600,-1.49900,-1.49900,-6.08900,-1.39800,-1.44900,0.00050,0.00050,5389.80500,5389.80500,2.07700,,,25.29980,-173.74110,-173.74100,-176.61870,-730.09590,0.13660,1.16890,0.98120,91.72660,-54.96910,-54.96890,-24.54560,-54.96890,1.83940,-1.8384,-1.7855
2017-09-30,0.71800,0.56500,0.15300,0.28800,1.95000,2.23800,-2.08500,-0.00100,-2.08600,,-2.08600,-2.08600,-2.08600,-2.04200,-2.08500,0.00040,0.00040,-4917.54200,-4917.54200,2.26040,,,21.30920,-290.39000,-290.39000,-290.52920,-290.52920,0.10090,0.98090,1.01840,88.37050,-55.18500,-55.46400,-29.32660,-55.18520,0.50680,-6.1447,-6.3679
2017-06-30,0.64000,0.49300,0.14700,0.40300,2.03800,2.44100,-2.29400,,-2.29400,,-2.29400,-2.29400,-2.29400,-2.25200,-2.29400,0.00040,0.00040,-5472.26400,-5472.26400,3.08250,,,22.96880,-358.43750,-358.43750,-358.43750,-358.43750,0.07190,1.14920,1.04580,86.06250,-39.95120,-40.12590,-25.75500,-39.95120,0.76970,10.6151,11.4503
2017-03-31,0.56900,0.49500,0.07400,0.35000,2.12800,2.47800,-2.40400,-0.15400,-2.55800,0.00100,-2.55900,-2.55900,-2.55900,-2.36200,-2.40400,0.00020,0.00020,-21221.89000,-21221.89000,4.24360,,,13.00530,-422.49560,-422.49560,-449.56060,-449.73640,0.05410,1.50460,0.86210,104.39370,-33.17340,-33.31160,-24.34360,-33.17350,1.13060,-24.48440,-25.84270
2016-12-31,0.32200,0.37800,-0.05600,0.34500,1.69300,2.03800,-2.09400,-0.17400,-2.26800,,-2.26800,-2.26800,-2.26800,-2.04600,-2.09400,0.00010,0.00010,169562.30000,169562.30000,1.80660,,0.66250,-17.39130,-650.31050,-650.31040,-704.34780,-704.34790,0.03420,0.75600,0.58440,154.00620,-56.06930,-56.06920,-24.10200,-56.06920,94.16390,-181.7921,-182.9907
2016-09-30,0.46900,0.43900,0.03000,0.28900,1.49900,1.78800,-1.75800,-0.23700,-1.99500,,-1.99500,-1.99500,-1.99500,-1.71000,-1.75800,0.00010,0.00010,-22279.07000,-22279.07000,2.06600,,0.58690,6.39660,-374.84010,-374.84010,-425.37310,-425.37310,0.03760,1.20270,0.68870,130.68230,-32.03280,-32.29200,-16.01510,-32.03280,4.65240,3.8341,3.8542
2016-06-30,0.54000,0.47800,0.06200,0.27800,1.55000,1.82800,-1.76600,-0.18000,-1.94600,,-1.94600,-1.94600,-1.94600,-1.71900,-1.76600,0.00000,0.00000,-119520.70000,-119520.70000,0.25160,,-0.76950,11.48150,-327.03700,-327.03700,-360.37040,-360.37040,0.17880,1.23510,0.96090,93.66670,38.20930,37.74240,-64.43710,38.20930,-0.47710,-0.4361,-0.4618
2016-03-31,0.56300,0.49700,0.06600,0.37900,1.71700,2.09600,-2.03000,-0.22100,-2.25100,0.00100,-2.25200,-2.25200,-2.25200,-1.98200,-2.03000,0.00000,0.00000,-183474.70000,-183474.70000,0.47090,,-1.26480,11.72290,-360.56840,-360.56840,-399.82240,-400.00000,0.13270,0.97260,0.75070,119.89340,66.33280,64.89910,-53.06310,66.33280,-0.31820,-5.79770,-5.79770
2015-12-31,0.51600,0.65200,-0.13600,0.76200,1.69500,2.47500,-2.61100,-0.24000,-2.85100,0.00300,-2.85400,-2.85400,-2.85400,-2.56500,-2.61100,0.00000,0.00000,-1151171.00000,-1151171.00000,0.67780,-0.59500,-1.78140,-26.35660,-506.00780,-506.00800,-552.51950,-553.10080,0.09060,0.86590,0.94330,95.40700,96.87720,94.09830,-50.13170,154.52080,-9.39160,-10.8387,-10.8567
2015-09-30,0.63200,0.54300,0.08900,0.78100,2.30100,3.50000,-3.41100,-0.22800,-3.63900,0.00200,-3.64100,-3.64100,-3.64100,-3.35100,-3.41100,0.00000,0.00000,-312693.30000,-312693.30000,1.13690,1.36490,-10.92340,14.08230,-539.71520,-539.71520,-575.79110,-576.10760,0.06470,0.50230,0.73230,122.89560,634.32330,543.43250,-37.30150,-231.46850,-0.07520,-29.8309,-29.8702
2015-06-30,0.68500,0.89700,-0.21200,0.74700,2.58200,3.36100,-3.57300,-0.32200,-3.89500,-0.01700,-3.87800,-3.87800,-3.87800,-3.51300,-3.57300,7.60400,7.60400,-0.51000,-0.51000,1.63650,0.57070,3.01940,-30.94890,-521.60580,-521.60580,-568.61320,-566.13140,0.05050,0.72990,0.74380,121.00730,-163.21500,-194.09410,-28.59460,-70.06320,0.03120,-0.0006,-0.0005
2015-03-31,0.47700,0.51400,-0.03700,1.35200,2.98700,4.85300,-4.89000,-0.30600,-5.19600,0.01600,-5.21200,-5.21200,-5.21200,-4.81500,-4.89000,4.99200,4.99200,-1.04000,-1.04000,2.13840,0.43450,1.49430,-7.75680,-1025.15700,-1025.15700,-1089.30800,-1092.66200,0.02690,0.29370,0.47840,188.11320,-96.78730,-104.55360,-29.40650,-54.73070,0.07090,-0.92590,-0.92610
2014-12-31,0.87000,0.47600,0.39400,1.25900,3.58200,4.84100,-4.44700,-0.33400,-4.78100,0.00900,-4.79000,-4.79000,-4.79000,-4.36500,-4.44700,3.53900,3.53900,-4.73000,-4.73000,1.10560,2.21230,-3.19160,45.28740,-511.14940,-511.14920,-549.54020,-550.57460,0.07590,0.24740,0.87530,102.82760,171.86920,135.34890,-41.80120,-208.35140,-0.67380,-1.3438,-1.351
2014-09-30,0.27300,0.34900,-0.07600,2.46000,3.94500,6.40500,-6.48100,-0.31300,-6.79400,-0.01900,-6.77500,-6.77500,-6.77500,-6.42200,-6.48100,3.45800,3.45800,-1.96000,-1.96000,0.81030,-15.83640,-1.52200,-27.83880,-2373.99300,-2373.99300,-2488.64500,-2481.68500,0.02760,0.20750,0.29010,310.21980,106.17450,94.45140,-68.49660,1787.59800,-0.18180,-3.8823,-3.91
2014-06-30,0.19300,0.58400,-0.39100,2.44800,4.39600,6.84400,-7.23500,-0.32500,-7.56000,0.00200,-7.56200,-7.56200,-7.56200,-7.16900,-7.23500,34.11600,34.11600,-0.22000,-0.22000,1.27470,1.68400,-3.54770,-202.59070,-3748.70500,-3748.70500,-3917.09800,-3918.13500,0.01380,0.38570,0.21140,425.75130,270.36060,209.53180,-54.17680,-184.93520,-0.08190,-0.136,-0.1383
2014-03-31,1.48200,0.62500,0.85700,2.57700,3.81500,6.39200,-5.53500,-0.41300,-5.94800,0.02000,-5.96800,-5.96800,-5.96800,-5.47900,-5.53500,34.05200,34.05200,-0.18000,-0.18000,2.29240,0.68200,2.72540,57.82730,-373.48180,-373.48180,-401.34950,-402.69900,0.07600,0.46540,0.75650,118.96760,-165.18130,-214.98570,-30.59730,-52.53060,0.10630,-0.10890,-0.10930
2013-12-31,,,,,,,,,,,,,,,,,,,0.00000,,,,,,,,,,,,,,,,,,0.2289,0.2346
2013-09-30,1.55200,0.75000,0.80200,1.54400,3.14300,4.68700,-3.88500,-0.05700,-3.94200,0.00300,-3.94500,-3.94500,-3.94500,-3.83500,-3.88500,33.96000,33.96000,-0.12000,-0.12000,3.87040,,,51.67530,-250.32220,-250.32220,-253.99480,-254.18810,0.08770,0.53880,0.60270,149.32340,-30.32750,-32.50930,-22.30450,-30.32750,0.38300,-0.0839,-0.0859
2013-06-30,1.50000,0.83200,0.66800,1.04700,3.83600,4.88300,-4.21500,-10.75500,-14.97000,-0.02300,-14.94700,-14.94700,-14.94700,-4.15300,-4.21500,31.03400,31.03400,-0.48000,-0.48000,4.67600,,,44.53330,-281.00000,-281.00000,-998.00010,-996.46660,0.07230,0.52230,0.70520,127.62000,-92.82700,-98.21920,-72.05110,-92.82700,0.47510,0.0098,0.0078
2013-03-31,1.51400,0.67400,0.84000,0.90700,3.14400,4.05100,-3.21100,-1.69200,-4.90300,-0.01800,-4.88500,-4.88500,-4.88500,-3.16000,-3.21100,18.19600,18.19600,-0.27000,-0.27000,0.65320,,-2.17060,55.48220,-212.08720,-212.08720,-323.84410,-322.65520,0.15460,0.34040,0.62560,143.85730,143.33920,143.25510,-49.89790,143.67650,,-0.15480,-0.15650
2012-12-31,,,,,,,,,,,,,,,,,,,0.00000,,,,,,,,,,,,,,,,,,0.138,0.14
2012-09-30,0.50900,0.23000,0.27900,0.94600,2.61400,3.56000,-3.28100,-4.20800,-7.49900,0.00700,-7.50600,-7.50600,-7.50600,-3.36700,-3.28100,17.07400,17.07400,-0.44000,-0.44000,3.56250,1.15370,-7.50670,54.81340,-644.59720,-644.59720,-1473.28100,-1474.65600,0.03740,0.11000,0.34390,261.68960,996.80990,987.63130,-55.15060,-153.81150,,-0.138,-0.14
2012-06-30,,,,,,,,,,,,,,,,,,,0.00000,,,,,,,,,,,,,,,,,,0,0
