Date,revenue,cost-goods-sold,gross-profit,research-development-expenses,selling-general-administrative-expenses,operating-expenses,operating-income,total-non-operating-income-expense,pre-tax-income,total-provision-income-taxes,income-after-taxes,income-from-continuous-operations,income-from-discontinued-operations,net-income,ebitda,ebit,basic-shares-outstanding,shares-outstanding,eps-basic-net-earnings-per-share,eps-earnings-per-share-diluted,current-ratio,long-term-debt-capital,debt-equity-ratio,gross-margin,operating-margin,ebit-margin,pre-tax-profit-margin,net-profit-margin,asset-turnover,inventory-turnover,receiveable-turnover,days-sales-in-receivables,roe,return-on-tangible-equity,roa,roi,book-value-per-share,operating-cash-flow-per-share,free-cash-flow-per-share
2023-09-30,3737.72000,1412.29500,2325.42500,595.81300,693.71400,1289.52700,1035.89800,211.53700,1247.43500,176.86400,1070.57100,1070.57100,,1074.13500,1123.76900,1035.89800,642.76700,649.93000,1.67000,1.65000,2.90790,0.00340,0.09410,62.21510,27.71470,27.71470,33.37420,28.73770,0.15890,14.27240,4.20050,21.42610,,6.52590,4.55250,6.28750,,2.0575,1.9241
2023-06-30,3311.31000,1328.85100,1982.45900,539.06300,607.31800,1146.38100,836.07810,387.38600,1223.46400,98.20200,1125.26200,1125.26200,,1136.72900,918.94610,836.07810,643.75660,649.78320,1.77000,1.75000,2.93400,0.03240,0.13400,59.86930,25.24920,25.24920,36.94800,34.32870,0.14300,11.94100,4.49400,20.02690,,7.15860,4.85960,6.68360,,1.5616,1.4594
2023-03-31,3647.02200,1477.91700,2169.10500,546.00300,571.77500,1117.77800,1051.32700,162.91900,1214.24600,237.13700,977.10900,977.10900,,983.55100,1208.91700,1051.32700,644.21660,651.30220,1.53000,1.51000,2.32980,0.03210,0.27660,59.47610,28.82700,28.82700,33.29420,26.96860,0.14050,11.58240,4.11160,21.88920,,6.18960,3.76480,5.77160,,1.34160,1.19620
2022-12-31,3383.31500,1622.03400,1761.28100,551.70890,637.46410,1189.17300,572.10820,61.24600,633.35410,126.15000,507.20420,507.20390,-2.69300,523.75910,692.83310,572.10790,652.69100,659.20300,0.81000,0.80000,2.31580,0.03250,0.25320,52.05790,16.90970,16.90970,18.71990,15.48070,0.13510,11.25910,4.66440,19.29510,3.21720,3.34400,2.02490,3.11260,24.45290,2.1038,2.0164
2022-09-30,3433.86000,1501.77400,1932.08600,557.97500,707.52200,1265.49700,666.58910,487.22800,1153.81700,223.05100,930.76600,930.76600,,941.78200,754.95110,666.58910,652.59800,658.75300,1.44000,1.43000,2.30750,0.03140,0.26480,56.26570,19.41220,19.41220,33.60120,27.42630,0.14140,11.45120,4.69020,19.18890,,6.28350,3.83360,5.85640,,1.4582,1.3544
2022-06-30,3457.55900,1525.44600,1932.11300,534.73400,658.91200,1193.64600,738.46680,117.19100,855.65800,188.01200,667.64600,667.64600,93.29000,789.99500,822.91880,738.46680,654.93900,661.10080,1.21000,1.19000,2.22840,0.03100,0.29960,55.88080,21.35800,21.35800,24.74750,22.84830,0.13770,12.10950,4.44240,20.25920,,4.44490,2.65900,4.13610,,1.4295,1.3453
2022-03-31,3715.84300,1690.95400,2024.88900,536.03400,620.14100,1156.17500,868.71410,4.41500,873.12900,192.33500,680.79400,680.79400,,693.13900,989.57610,868.71410,655.45600,655.45600,1.06000,1.05000,2.30030,0.03030,0.25440,54.49340,23.37870,23.37870,23.49750,18.65360,0.14790,12.44550,4.46360,20.16330,,4.42740,2.71010,4.11800,,1.10290,0.92550
2021-12-31,3992.96900,1875.23900,2117.72900,630.36410,731.71010,1362.07400,755.65630,320.84310,1076.49900,155.69300,920.80600,920.80600,,925.30910,891.05630,755.65630,665.17300,673.49600,1.41000,1.39000,2.23990,0.01270,0.20780,53.03650,18.92470,18.92470,26.95990,23.17350,0.16560,12.38700,4.61980,19.48150,5.91060,6.16570,3.81920,5.83560,23.79320,1.9857,1.8933
2021-09-30,3443.95000,1610.94800,1833.00200,583.73500,663.36500,1247.10000,585.90190,55.23200,641.13400,125.34500,515.78890,515.78900,,493.80400,711.42990,585.90190,665.17840,672.34540,0.74000,0.73000,2.22300,,0.23050,53.22380,17.01250,17.01250,18.61620,14.33830,0.15020,9.99420,4.09250,21.99160,,4.10340,2.24880,3.90510,,1.4743,1.3812
2021-06-30,3178.84000,1445.79000,1733.05000,527.65500,623.33600,1150.99100,582.05910,128.77700,710.83600,172.41700,538.41900,538.41900,,548.54700,710.03310,582.05910,669.50140,677.19060,0.82000,0.81000,2.13390,,0.31100,54.51830,18.31040,18.31040,22.36150,17.25620,0.13250,10.55610,4.60970,19.52420,,4.17390,2.24490,3.97650,,1.1037,1.0064
2021-03-31,3131.53800,1444.57600,1686.96200,467.07600,567.30600,1034.38200,652.58010,230.70100,883.28100,194.36000,688.92100,688.92100,,677.54600,777.71110,652.58010,669.92760,679.99620,1.01000,1.00000,2.28100,,0.25040,53.87010,20.83900,20.83900,28.20600,21.63620,0.13630,10.82030,4.05740,22.18150,,5.43670,2.99900,5.17750,,1.24410,1.17040
2020-12-31,3558.36500,1750.28900,1808.07600,534.92000,691.58900,1226.50900,581.56670,-207.35800,374.20800,112.23400,261.97410,261.97400,,263.32400,743.98360,581.56620,661.09000,669.95200,0.38400,0.37600,2.30690,,0.23500,50.81200,16.34370,16.34360,10.51630,7.40010,0.16370,18.38460,5.07340,17.73940,2.05950,2.16870,1.20490,2.05950,18.98880,2.1148,2.0367
2020-09-30,2748.05900,1292.03200,1456.02700,410.78300,622.51600,1033.29900,422.72800,39.17900,461.90700,50.47400,411.43300,411.43300,,441.59200,566.29200,422.72800,676.81000,686.25500,0.65000,0.64000,2.42420,,0.25840,52.98380,15.38280,15.38280,16.80850,16.06920,0.12890,16.72970,3.77010,23.87210,,3.41110,1.93010,3.24470,,1.1471,1.0733
2020-06-30,2573.89200,1187.90000,1385.99200,340.87400,454.91400,795.78800,590.20410,218.80600,809.01000,150.66400,658.34600,658.34600,,642.28500,716.69610,590.20410,648.41000,656.22000,0.99000,0.97800,2.45850,,0.25220,53.84810,22.93040,22.93040,31.43140,24.95380,0.12610,15.01940,3.62360,24.83710,,5.62040,3.22620,5.34760,,1.0294,0.9791
2020-03-31,2409.66700,1085.29300,1324.37400,302.60000,388.16300,690.76300,633.61110,77.14000,710.75100,152.81200,557.93900,557.93900,,501.49800,731.06610,633.61110,646.28000,654.80000,0.77600,0.76600,2.07850,,0.30760,54.96090,26.29460,26.29460,29.49580,20.81190,0.14380,13.67110,3.74220,24.05000,6.19150,6.57130,3.32960,6.19150,13.98720,1.40210,1.36680
2019-12-31,992.68510,-49.60610,1042.29100,282.81200,260.95610,543.76820,498.52290,-1218.13300,-719.60990,-26.43900,-693.17100,-693.17100,1165.44000,467.20280,498.52290,498.52270,644.09500,649.99500,0.72800,0.72000,2.22540,,0.26890,104.99710,50.21970,50.21960,-72.49130,47.06460,0.06160,-0.53080,1.65750,54.29740,-7.70970,-8.19510,-4.30390,-7.70970,13.92420,3.8046,3.5507
2019-09-30,2047.60800,946.50600,1101.10200,302.51000,332.04100,634.55100,466.55100,1496.28200,1962.83300,156.22500,1806.60800,1806.60800,-21.69600,1781.03400,466.55100,466.55100,645.14000,650.85500,2.76000,2.73600,2.38500,,0.24190,53.77500,22.78520,22.78520,95.85980,86.98120,0.13830,9.85120,3.10950,28.94310,20.16030,21.25680,12.20240,20.16030,,0,0
2019-06-30,2734.01300,1550.36100,1183.65200,300.40000,375.42800,675.82800,507.82400,46.15200,553.97600,99.80700,454.16900,454.16900,,447.39500,507.82400,507.82400,644.26000,649.48000,0.69400,0.68800,2.15260,,0.26230,43.29360,18.57430,18.57430,20.26240,16.36400,0.20230,2.68310,4.17580,21.55280,,6.47980,3.35980,6.03450,,-0.7808,-0.6843
2019-03-31,2735.15200,1529.56200,1205.59000,322.76200,374.82300,697.58500,508.00510,48.11400,556.11900,189.08100,367.03800,367.03800,,354.94500,595.52210,508.00510,641.24000,646.26500,0.55400,0.55000,1.97760,,0.29100,44.07760,18.57320,18.57320,20.33230,12.97720,0.20070,2.39970,3.61990,24.86250,,5.47020,2.69390,5.07050,,0.78080,0.68430
2018-12-31,2592.93700,1604.77900,988.15780,281.84700,410.22900,692.07600,296.08200,67.00100,363.08200,127.28700,235.79500,235.79500,,224.19300,296.08200,296.08150,647.06490,650.94000,0.34800,0.34400,1.95720,,0.29680,38.10960,11.41880,11.41880,14.00270,8.64630,0.20500,2.19890,4.15710,21.64970,3.52240,3.81250,1.86410,3.52240,10.46290,2.9976,2.4342
2018-09-30,2454.17800,1355.26400,1098.91400,329.17400,462.91500,792.08900,306.82500,52.03600,358.86100,122.85900,236.00200,236.00200,,232.42500,306.82500,306.82500,642.19000,645.35500,0.36200,0.36000,1.90040,,0.30920,44.77730,12.50220,12.50220,14.62250,9.47060,0.21070,1.47950,3.68890,24.39780,,3.99160,2.02640,3.67320,,0,0
2018-06-30,2460.87900,1365.97200,1094.90700,289.76800,452.47900,742.24700,352.65990,52.89100,405.55100,63.55100,342.00000,342.00000,,318.34400,352.65990,352.65990,650.09000,652.87000,0.49000,0.48800,2.10580,,0.28770,44.49250,14.33070,14.33070,16.47990,12.93620,0.21600,1.59240,4.21430,21.35600,,5.18540,3.00140,5.11660,,-0.459,-0.2983
2018-03-31,2259.50700,1310.36800,949.13900,232.59000,524.13500,756.72500,192.41410,-19.04300,173.37100,45.06700,128.30400,128.30400,,119.86900,250.83310,192.41410,656.39000,661.65000,0.18200,0.18200,2.27350,,0.21120,42.00650,8.51580,8.51580,7.67300,5.30510,0.19210,1.60500,3.18770,28.23370,1.78590,1.80960,1.09090,1.78590,,0.45900,0.29830
2017-12-31,2485.11100,1477.30600,1007.80500,209.13000,509.48200,718.61200,289.19290,29.51700,318.71010,57.68500,261.02500,261.02500,,257.58890,289.19290,289.19290,658.06000,663.09500,0.39200,0.39000,2.60830,,0.14260,40.55370,11.63700,11.63700,12.82480,10.36530,0.22760,1.75560,4.46690,20.14830,3.65740,3.70470,2.39090,3.65740,10.86870,2.7558,2.3296
2017-09-30,1875.42900,981.50000,893.92900,173.28900,337.41800,510.70700,383.22190,32.67700,415.89900,33.89200,382.00700,382.00700,,379.87900,383.22190,383.22190,658.83500,658.83500,0.57600,0.57200,2.92730,,0.12540,47.66530,20.43380,20.43380,22.17620,20.25560,0.18760,,3.82810,23.51040,,5.63300,3.82200,5.55950,,0,0
2017-06-30,1973.07200,979.32800,993.74400,155.10100,336.32400,491.42500,502.31910,43.15000,545.46900,103.76700,441.70200,441.70200,,438.40900,502.31910,502.31910,658.99000,663.08000,0.66600,0.66200,2.85400,,0.12160,50.36530,25.45870,25.45870,27.64570,22.21960,0.20510,,3.92970,22.90260,6.77050,6.86090,4.59250,6.77050,,-0.8824,-0.8113
2017-03-31,1981.71600,894.48600,1087.23000,134.35600,259.60000,393.95600,693.27390,26.48100,719.75500,137.00500,582.75000,582.75000,,569.90500,714.50590,693.27390,657.62000,663.71000,0.86600,0.85800,2.68420,,0.10680,54.86310,34.98350,34.98350,36.31980,28.75820,0.21700,,3.70370,24.29990,9.55520,9.69050,6.38170,9.55520,,0.88240,0.81130
2016-12-31,1542.84300,728.27190,814.57130,109.90000,215.96300,325.86310,488.70840,100.66000,589.36790,116.94600,472.42190,472.42190,,469.50610,488.70840,488.70810,656.34500,661.42000,0.71600,0.70800,2.55540,,0.09920,52.79680,31.67580,31.67580,38.20010,30.43120,0.18460,3.20400,2.51970,35.71860,8.52780,8.66030,5.65210,8.52780,8.44100,3.3727,3.1259
2016-09-30,1381.36700,581.55100,799.81590,123.00300,249.94000,372.94300,426.87290,56.38700,483.26000,64.05900,419.20100,419.20100,,410.89000,426.87290,426.87290,655.51000,661.00000,0.62600,0.62200,2.77590,,0.08530,57.90030,30.90220,30.90220,34.98420,29.74520,0.18550,,3.46050,26.00790,7.93110,8.06660,5.62970,7.93110,,0,0
2016-06-30,1347.12000,552.59200,794.52800,109.27800,226.63600,335.91400,458.61400,-0.16200,458.45200,39.52100,418.93100,418.93100,,409.36600,458.61400,458.61400,655.57500,659.79500,0.62400,0.62000,2.88410,,0.07050,58.97980,34.04400,34.04400,34.03200,30.38820,0.19560,,3.59390,25.04270,8.45980,8.61550,6.08360,8.45980,,0,0
2016-03-31,1227.56800,516.24500,711.32300,96.67500,169.90800,266.58300,444.74000,25.52900,470.26900,82.29700,387.97200,387.97200,,381.63700,444.74000,444.74000,658.02500,662.85000,0.58000,0.57600,3.00730,,0.07260,57.94570,36.22940,36.22940,38.30900,31.08890,0.18310,,3.27510,27.48040,,8.14160,5.78570,8.03140,,0.00000,
2015-12-31,1064.12500,540.18600,523.93890,82.16900,172.95800,255.12700,268.81190,36.20400,384.11200,75.64400,308.46800,317.91710,,309.91800,268.81190,268.81180,656.87500,661.04500,0.47000,0.46600,2.94910,,0.07750,56.66860,25.26130,25.26130,36.09650,29.12420,0.16750,4.27900,2.63690,34.13130,7.02300,7.08070,5.00370,7.02300,6.88600,1.8862,1.6842
2015-09-30,1049.74900,444.10000,605.64900,98.10600,179.00000,277.10600,328.54300,38.07900,366.62200,62.80500,303.81700,303.81700,,296.10200,328.54300,328.54300,657.76500,661.63000,0.45000,0.44800,3.35730,,0.08210,57.69460,31.29730,31.29730,34.92470,28.20690,0.17930,,3.43520,26.19960,7.12260,7.15340,5.18980,7.12260,,0,0
2015-06-30,779.53600,277.79000,501.74600,80.12000,144.90000,225.02000,276.72600,22.16000,256.09000,23.53000,232.56000,229.72900,0.00000,229.72900,276.72600,276.72600,657.50000,661.21000,0.35000,0.34800,3.46040,,0.08260,58.87610,35.49880,35.49880,32.85160,29.47000,0.13810,,2.72400,33.03930,,5.51650,4.06930,5.49960,,-0.472,-0.4425
2015-03-31,626.75000,188.92000,437.83000,72.88000,116.41000,189.29000,248.54000,32.95000,245.19000,34.60000,210.59000,203.97200,0.00000,203.97200,254.77000,248.54000,653.75500,657.97500,0.31200,0.31000,4.39090,,0.04960,64.06540,39.65540,39.65540,39.12090,32.54440,0.12370,,4.35970,20.64360,,5.12490,4.02720,5.10890,,0.47200,0.44250
2014-12-31,593.69000,156.24500,437.44500,62.50900,135.62300,198.13200,239.31300,35.13200,234.13100,30.00400,204.12700,204.89200,0.00000,204.89200,239.31300,239.31300,653.60500,657.22500,0.31400,0.31200,4.10460,,0.08780,66.88860,40.30940,40.30940,39.43660,34.51160,0.12140,,4.21880,21.33300,5.44250,5.46070,4.18810,5.44250,,1.4402,1.3088
2014-09-30,541.85600,139.83000,402.02600,64.58000,107.97000,172.55000,229.47600,27.50000,222.88000,32.15000,190.73000,188.84700,0.00000,188.84700,229.47600,229.47600,653.55500,656.08500,0.29000,0.28800,4.31370,,0.09250,67.90370,42.35000,42.35000,41.13270,34.85190,0.11690,,4.33000,20.78520,,5.20960,4.07530,5.20020,,0,0
2014-06-30,475.84500,123.78000,352.06500,47.08000,85.68000,132.76000,219.30500,23.13000,212.71000,15.78000,196.93000,193.81400,0.00000,193.81400,219.30500,219.30500,653.29500,654.83500,0.29600,0.29600,4.24840,,0.09650,67.74060,46.08750,46.08750,44.70150,40.73050,0.10820,,5.19710,17.31740,,5.63440,4.40810,5.63150,,-0.4063,-0.3986
2014-03-31,405.21500,105.81000,299.40500,39.14000,51.52000,90.66000,208.74500,25.98000,210.02000,28.88000,181.14000,180.78900,0.00000,180.78900,214.92500,208.74500,651.06500,653.46000,0.27800,0.27600,4.37320,,0.08780,67.79360,51.51460,51.51460,51.82930,44.61560,0.09760,,6.96250,12.92650,,5.53130,4.35340,5.52820,,0.40630,0.39860
2013-12-31,427.02500,119.75000,307.27500,-337.33000,70.43000,-266.90000,574.17500,-341.56000,224.07000,9.44000,214.63000,204.34200,0.00000,204.34200,574.17500,574.17500,650.05500,652.52000,0.31400,0.31400,5.38550,,0.04840,69.95610,134.45930,134.45930,52.47230,47.85250,0.10530,,6.42240,14.01350,6.13360,6.13700,5.03960,6.13350,,1.3255,1.2712
2013-09-30,410.83600,99.65000,311.18600,420.50000,61.73000,482.23000,-171.04400,401.25000,204.43000,33.74000,170.69000,171.29000,0.00000,171.29000,-171.04400,-171.04400,650.01500,652.07000,0.26400,0.26200,5.36940,,,69.47050,-41.63320,-41.63320,49.75950,41.69300,0.10940,,6.29060,14.30720,,5.55320,4.56050,,,0,0
2013-06-30,393.30100,92.37000,300.93100,36.43000,65.56000,101.99000,198.94100,23.72000,198.33000,21.47000,176.86000,178.43200,0.00000,178.43200,198.94100,198.94100,649.81500,651.05000,0.27400,0.27400,5.12850,,0.05550,70.32780,50.58240,50.58240,50.42700,45.36780,0.10980,,7.37350,12.20590,,6.15290,4.98180,6.14890,,-0.3838,-0.3751
2013-03-31,363.56300,97.65000,265.91300,32.64000,40.72000,73.36000,192.55300,19.53000,195.11000,23.00000,172.11000,171.23200,0.00000,171.23200,198.18300,192.55300,648.39000,649.37500,0.26400,0.26400,4.78280,,0.06010,68.46960,52.96280,52.96280,53.66610,47.09830,0.10800,,11.44720,7.86220,,6.37890,5.08730,6.37450,,0.38380,0.37510
2012-12-31,364.50100,110.34000,254.16100,31.49000,64.40000,95.89000,158.27100,28.01000,198.57000,30.60000,167.97000,161.88200,0.00000,161.88200,158.27100,158.27100,655.77500,656.78000,0.24600,0.24600,4.99620,,,73.09990,43.42130,43.42130,54.47720,44.41200,0.11780,,8.42780,10.67900,6.46440,6.46920,5.23160,6.46440,,1.0324,0.9889
2012-09-30,318.51400,101.84000,216.67400,32.08000,53.43000,85.51000,131.16400,24.43000,155.61000,30.99000,124.62000,129.18900,0.00000,129.18900,131.16400,131.16400,657.47500,658.49000,0.19600,0.19600,6.69580,,,68.03470,41.18000,41.18000,48.85500,40.55990,0.10850,,6.55240,13.73540,,5.13890,4.40270,5.13520,,0,0
2012-06-30,308.90700,100.89000,208.01700,27.12000,41.76000,68.88000,139.13700,19.56000,158.68000,23.53000,135.15000,135.14200,0.00000,135.14200,139.13700,139.13700,657.25000,658.50500,0.21000,0.21000,6.63630,,,67.33420,45.04170,45.04170,51.36820,43.74840,0.11200,,7.15890,12.57170,,5.72940,4.90050,5.71930,,-0.3232,-0.3176
2012-03-31,312.12800,100.73000,211.39800,24.60000,31.88000,56.48000,154.91800,18.94000,173.84000,25.89000,147.95000,149.53200,0.00000,149.53200,166.29800,154.91800,655.63000,656.88500,0.22800,0.22800,6.20660,,,67.72220,49.63280,49.63280,55.69510,47.90730,0.11810,,9.77840,9.20390,-2467.52500,6.68680,5.65890,6.66610,,0.32320,0.31760
2011-12-31,341.44000,109.58000,231.86000,23.94000,64.30000,88.24000,143.62000,19.07000,175.37000,20.40000,154.97000,142.77700,0.00000,142.77700,178.41000,143.62000,654.52500,655.88000,0.21800,0.21800,6.34120,,,71.62310,42.06300,42.06300,51.36190,41.81610,0.13910,,9.34170,9.63420,6.86060,6.89250,5.81830,6.86060,,0.7797,0.6952
2011-09-30,314.75100,98.84000,215.91100,19.07000,44.92000,63.99000,151.92100,5.56000,149.69000,22.02000,127.67000,129.46900,0.00000,129.46900,151.92100,151.92100,653.73500,655.52500,0.19800,0.19800,5.98030,,,66.12210,48.26710,48.26710,47.55820,41.13380,0.13880,,8.68520,10.36250,6.78440,6.85980,5.70950,6.78440,,0.2069,0.1922
2011-06-30,268.21600,89.85000,178.36600,15.93000,40.65000,56.58000,121.78600,9.78000,131.56000,14.30000,117.26000,119.51500,0.00000,119.51500,121.78600,121.78600,652.98500,655.13000,0.18400,0.18200,6.23050,,,66.49860,45.40590,45.40590,49.05000,44.55920,0.13010,,9.11990,9.86850,6.82360,6.91940,5.79620,6.82360,,-0.2261,-0.1931
2011-03-31,229.05900,78.64000,150.41900,15.01000,29.57000,44.58000,105.83900,12.03000,117.86000,5.68000,112.18000,112.60800,0.00000,112.60800,115.86900,105.83900,651.15500,654.78000,0.17200,0.17200,6.12450,,,65.66430,46.20600,46.20600,51.45400,49.16110,0.12060,,8.28420,10.86400,6.99800,7.09200,5.92670,6.99800,,0.22610,0.19310
2010-12-31,247.53600,86.89000,160.64600,15.53000,32.61000,48.14000,112.50600,1.59000,128.17000,13.57000,114.60000,107.95900,0.00000,107.95900,112.50600,112.50600,650.35500,653.17000,0.16600,0.16600,5.81270,,,70.57160,45.45040,45.45040,51.77830,43.61350,0.14100,,6.37490,14.11800,7.32790,7.44780,6.14960,7.32780,,0.6622,0.5932
2010-09-30,209.31900,65.95000,143.36900,12.22000,43.40000,55.62000,87.74900,12.02000,99.75000,13.64000,86.11000,87.48500,0.00000,87.48500,87.74900,87.74900,649.63500,652.80500,0.13400,0.13400,5.87490,,,68.48880,41.92120,41.92120,47.65450,41.79510,0.13110,,7.42270,12.12500,-2314.41800,6.63720,5.48010,6.50880,,0,0
2010-06-30,193.02500,63.49000,129.53500,10.61000,29.01000,39.62000,89.91500,-7.08000,82.81000,11.13000,71.68000,71.61800,0.00000,71.61800,89.91500,89.91500,651.07500,651.07500,0.11000,0.11000,6.17160,,,67.10010,46.58210,46.58210,42.90120,37.10300,0.13280,,6.66980,13.49360,-3021.85600,5.92240,4.92890,5.78750,,-0.152,-0.1385
2010-03-31,170.60200,56.22000,114.38200,9.81000,23.25000,33.06000,81.32200,-1.66000,79.64000,13.84000,65.80000,66.25600,0.00000,66.25600,89.94200,81.32200,647.97000,651.90000,0.10200,0.10200,6.34470,,,67.03910,47.66770,47.66770,46.68180,38.83660,0.12650,,8.13940,11.05730,,5.89080,4.91130,5.73520,,0.15200,0.13850
2009-12-31,183.11300,59.50000,123.61300,9.27000,25.52000,34.79000,88.82300,3.26000,92.34000,10.46000,81.88000,83.76400,0.00000,83.76400,88.82300,88.82300,647.50000,651.93000,0.13000,0.12800,5.78610,,,67.63040,48.50720,48.50720,50.42790,45.74440,0.14200,,6.67320,13.48680,7.70020,7.94090,6.49480,7.70020,,0.4707,0.3791
2009-09-30,127.16100,35.30000,91.86100,9.19000,22.86000,32.05000,59.81100,7.50000,67.29000,9.60000,57.69000,57.69400,0.00000,57.69400,59.81100,59.81100,647.21000,652.15500,0.09000,0.08800,6.46090,,,72.23130,47.03570,47.03570,52.91720,45.37080,0.10920,,7.38880,12.18060,,5.95260,4.95610,5.74240,,-0.1226,-0.0687
2009-06-30,126.36400,25.06000,101.30400,7.87000,17.71000,25.58000,75.72400,9.72000,85.42000,16.89000,68.53000,68.53700,0.00000,68.53700,75.50400,75.72400,643.85000,650.09000,0.10600,0.10600,6.64920,,,80.15730,59.92530,59.92530,67.59840,54.23780,0.11590,,6.45700,13.93830,,7.26200,6.28460,7.24810,,-0.0062,-0.0549
2009-03-31,114.40200,19.64000,94.76200,7.43000,14.60000,22.03000,72.73200,-1.85000,70.02000,9.03000,60.99000,60.98700,0.00000,60.98700,75.94200,72.73200,641.55000,644.92000,0.09600,0.09400,7.63640,,,82.08770,63.57580,63.57580,61.20520,53.30940,0.11540,,6.91670,13.01200,,7.02220,6.15090,7.00760,,0.12880,0.12360
