Date,revenue,cost-goods-sold,gross-profit,research-development-expenses,selling-general-administrative-expenses,other-operating-income-expenses,operating-expenses,operating-income,total-non-operating-income-expense,pre-tax-income,total-provision-income-taxes,income-after-taxes,income-from-continuous-operations,income-from-discontinued-operations,net-income,ebitda,ebit,basic-shares-outstanding,shares-outstanding,eps-basic-net-earnings-per-share,eps-earnings-per-share-diluted,current-ratio,long-term-debt-capital,debt-equity-ratio,gross-margin,operating-margin,ebit-margin,pre-tax-profit-margin,net-profit-margin,asset-turnover,inventory-turnover,receiveable-turnover,days-sales-in-receivables,roe,return-on-tangible-equity,roa,roi,book-value-per-share,operating-cash-flow-per-share,free-cash-flow-per-share
2023-09-30,524.58800,408.74300,115.84500,0.27100,84.38900,-1.41000,86.07000,29.77500,-33.30200,-3.52700,4.10900,-7.63600,-7.78700,-2.30700,-10.80200,73.46700,29.77500,79.85000,79.85000,-0.14000,-0.14000,1.40230,0.69530,2.32890,22.08300,5.67590,5.67590,-0.67230,-2.05910,0.18490,4.83320,1.65180,54.48620,-1.26870,1.63420,-0.27440,-0.38660,7.68800,0.225,-0.1083
2023-06-30,520.16800,406.62700,113.54100,0.50000,76.85000,-11.87600,89.22600,24.31500,-32.29400,-7.97900,10.31900,-18.29800,-18.60700,2.76900,-11.43900,66.83900,24.31500,79.81600,79.81600,-0.14000,-0.14000,1.35910,0.68780,2.23230,21.82780,4.67450,4.67450,-1.53390,-2.19910,0.18230,4.80400,1.53690,58.56100,-2.96570,3.90400,-0.65230,-0.92590,7.86670,-0.1103,-0.6558
2023-03-31,495.65300,400.68800,94.96500,0.17600,71.93500,6.15100,65.96000,29.00500,-30.57100,-1.56600,6.92300,-8.48900,-8.62200,0.03200,-9.52500,70.00900,29.00500,79.63300,79.63300,-0.12000,-0.12000,1.28200,0.68330,2.18220,19.15960,5.85190,5.85190,-0.31590,-1.92170,0.17550,4.73040,1.61130,55.85520,-1.38180,1.77900,-0.30520,-0.43760,7.82500,0.46350,0.19580
2022-12-31,468.30190,380.31400,87.98790,0.14500,66.83200,-4.22200,86.19890,1.78900,-22.25000,-20.46100,2.89900,-23.36000,-23.16500,-12.97100,-36.71800,42.07400,1.78900,79.49300,79.49300,-0.47000,-0.47000,1.28540,0.68210,2.17760,18.78870,0.38200,0.38200,-4.36920,-7.84070,0.16780,4.67360,1.61590,55.69620,-3.71800,4.74330,-0.83000,-1.18190,7.83800,0.2452,-0.1716
2022-09-30,486.91400,392.80300,94.11100,0.19300,64.14600,0.35100,63.98800,30.12300,-19.19200,10.93100,9.37600,1.55500,1.42700,1.45400,2.07900,70.55300,30.12300,79.53100,79.56700,0.03000,0.03000,1.34700,0.67740,2.14200,19.32810,6.18650,6.18650,2.24500,0.42700,0.17570,4.86660,1.64390,54.74830,0.22790,-0.29080,0.05150,0.07350,7.87840,0.1676,-0.3115
2022-06-30,481.05200,403.19900,77.85300,0.29600,67.93500,-2.04500,174.85600,-97.00300,-11.60300,-108.60600,-3.11500,-105.49100,-105.60500,1.10900,-105.59100,-56.05900,-97.00300,79.50900,79.50900,-1.33000,-1.33000,1.32030,0.66660,2.03010,16.18390,-20.16480,-20.16480,-22.57680,-21.95000,0.17190,4.97780,1.62560,55.36390,-16.20450,21.53110,-3.77300,-5.40300,8.20450,1.9132,1.559
2022-03-31,452.79700,377.01900,75.77800,0.05600,69.15300,1.17900,68.03000,7.74800,-12.57000,-4.82200,1.22100,-6.04300,-6.17400,-32.50600,-39.83900,49.93800,7.74800,79.36300,79.36300,-0.50000,-0.50000,1.50360,0.64550,1.85260,16.73550,1.71110,1.71110,-1.06490,-8.79840,0.14840,4.90570,1.09900,81.89080,-0.79040,1.25600,-0.20230,-0.28020,9.83520,-0.43240,-0.77240
2021-12-31,462.07500,382.40200,79.67300,0.14500,59.18500,-4.27100,63.60110,16.07190,-11.16900,4.90300,-5.62500,10.52800,10.71400,-34.45800,-24.33600,57.80790,16.07190,79.23400,80.28900,-0.31000,-0.30000,1.45490,0.62790,1.70940,17.24240,3.47820,3.47820,1.06110,-5.26670,0.15130,5.42470,1.12440,80.04030,1.32970,-2.23140,0.35080,0.49480,10.17180,0.3168,-0.2759
2021-09-30,470.38500,375.33900,95.04600,0.33100,70.62900,2.83500,68.12500,26.92100,-11.50800,15.41300,7.81600,7.59700,7.30400,2.52400,7.56400,69.17100,26.92100,79.28700,80.27500,0.10000,0.09000,1.53490,0.63910,1.80110,20.20600,5.72320,5.72320,3.27670,1.60800,0.15480,2.30170,1.01080,89.03680,0.96970,-1.31120,0.24040,0.35000,9.51000,0.4149,-0.0305
2021-06-30,468.67400,375.44800,93.22600,0.32300,70.80500,4.16700,66.96100,26.26500,-11.16000,15.10500,4.79700,10.30800,10.23200,4.84800,13.38800,67.23700,26.26500,79.26500,80.77400,0.17000,0.17000,1.56350,0.63920,1.79250,19.89140,5.60410,5.60410,3.22290,2.85660,0.15510,2.38200,1.01330,88.81460,1.36540,-1.77370,0.33860,0.49260,9.46310,0.4605,0.0324
2021-03-31,447.26500,357.36700,89.89800,0.15700,71.61400,0.99100,70.78000,19.11800,-17.03300,2.08500,2.10100,-0.01600,-0.13500,1.70000,0.13500,60.83300,19.11800,79.08800,79.08800,0.00000,0.00000,1.63150,0.65060,1.87850,20.09950,4.27440,4.27440,0.46620,0.03020,0.14960,2.08270,0.99210,90.71700,-0.01880,0.02200,-0.00450,-0.00660,9.05170,-0.29300,-0.59040
2020-12-31,178.51300,149.50210,29.01090,-2.08600,43.21800,-0.99800,42.13010,-13.11920,-12.38200,-25.50100,-4.03300,-21.46800,-21.45800,16.05000,-6.30200,27.99780,-13.11920,78.93900,78.93900,-0.08180,-0.08180,1.51650,0.64050,1.81140,16.25150,-7.34910,-7.34920,-14.28520,-3.53030,0.05960,2.45080,0.46180,194.87030,-3.00790,3.51330,-0.71690,-1.08120,9.03910,0.1467,-0.3531
2020-09-30,509.39800,412.17900,97.21900,0.56800,87.95400,-3.63300,92.15500,5.06400,-13.33100,-8.26700,-1.65400,-6.61300,-6.60400,-1.73500,-9.57800,46.46500,5.06400,79.00000,79.00000,-0.12000,-0.12000,1.50930,0.61920,1.64320,19.08510,0.99410,0.99410,-1.62290,-1.88030,0.17290,2.42410,1.15950,77.61850,-0.86170,1.18100,-0.22420,-0.32810,9.71180,0.2626,-0.0836
2020-06-30,447.28100,364.14200,83.13900,0.79200,80.77100,0.29200,81.27100,1.86800,-13.84600,-11.97800,-2.30400,-9.67400,-9.60300,0.14800,-10.60200,42.56200,1.86800,78.98700,78.98700,-0.13000,-0.13000,1.55580,0.61900,1.63210,18.58760,0.41760,0.41760,-2.67800,-2.37030,0.15290,2.09790,1.04950,85.75130,-1.25610,1.69490,-0.32820,-0.47850,9.68920,0.419,0.147
2020-03-31,398.84100,316.46800,82.37300,1.26000,72.49900,-5.73300,79.49200,2.88100,-11.35500,-8.47400,-0.68200,-7.79200,-7.69600,8.92300,0.14100,39.37100,2.88100,78.76100,78.76100,0.00180,0.00180,1.51030,0.50990,1.05050,20.65310,0.72230,0.72230,-2.12470,0.03540,0.16990,1.88500,1.17520,76.58580,-1.01410,2.91810,-0.32790,-0.49700,9.62000,-0.14650,-0.47290
2019-12-31,100.41400,101.23300,-0.81900,-2.32400,18.07300,8.60300,7.14590,-7.96490,-10.71900,-18.68400,-5.08600,-13.59800,-13.47600,54.37100,39.22900,28.80810,-7.96490,79.63200,81.37500,0.50000,0.46000,1.40420,0.49550,0.99010,-0.81560,-7.93210,-7.93210,-18.60700,39.06730,0.04240,0.64480,0.30310,296.90040,-1.70660,5.43840,-0.56920,-0.86100,10.05740,-0.6188,-0.9627
2019-09-30,423.15500,311.48900,111.66600,1.34100,63.19700,-0.38300,64.92100,46.74500,-13.88800,32.85700,12.60100,20.25600,20.33700,417.52000,435.35100,82.71800,46.74500,79.66600,81.11000,5.46000,5.37000,1.20610,0.50430,1.03060,26.38890,11.04680,11.04680,7.76480,102.88220,0.16540,2.07680,0.79840,112.72570,2.70710,-7.39670,0.79490,1.34190,9.55700,0.5499,-0.0622
2019-06-30,350.89800,266.19500,84.70300,1.12000,67.50100,1.71700,66.90400,17.79900,-14.41900,3.38000,3.99400,-0.61400,-0.56500,11.49400,8.64200,50.19900,17.79900,80.32800,80.32800,0.11000,0.11000,1.46820,0.79010,3.81280,24.13890,5.07240,5.07240,0.96320,2.46280,0.13840,1.98820,0.90820,99.09960,-0.16180,0.08130,-0.02230,-0.03400,4.34880,-0.1148,-0.7913
2019-03-31,329.90200,251.18000,78.72200,0.74900,56.40600,-1.74300,58.89800,19.82400,-6.31200,13.51200,1.21900,12.29300,12.31400,10.22300,20.69700,53.07300,19.82400,79.90700,81.65300,0.26000,0.25000,1.52150,0.65710,1.95460,23.86220,6.00910,6.00910,4.09580,6.27370,0.18990,1.70070,0.94820,94.91680,3.67280,-7.89710,0.70870,1.25960,4.18100,0.18170,-0.24970
2018-12-31,248.16400,191.86900,56.29500,0.33600,44.97200,3.34400,41.96390,14.33110,0.67000,15.00100,-13.31900,28.32000,28.70400,19.37000,45.91300,47.17210,14.33110,80.71600,83.59500,0.57000,0.56000,1.45090,0.65140,1.92170,22.68460,5.77480,5.77480,6.04480,18.50110,0.15200,1.65140,0.82670,108.87040,9.15960,-17.87920,1.75790,3.19270,3.93960,1.1643,0.7055
2018-09-30,351.56300,257.07600,94.48700,1.34400,51.04900,-0.33500,52.72800,41.75900,-4.23600,37.52300,11.05400,26.46900,26.46900,8.18200,32.84700,75.13200,41.75900,80.95000,83.87900,0.41000,0.39000,1.46510,0.67260,2.10340,26.87630,11.87810,11.87810,10.67320,9.34310,0.21170,1.86600,0.97840,91.98610,8.69570,-13.26380,1.59410,2.84660,3.79010,0.5745,0.2321
2018-06-30,339.90700,252.24200,87.66500,1.00600,49.60900,1.01400,49.60100,38.06400,-5.23400,32.83000,-0.50200,33.33200,33.33200,9.37900,40.48900,71.28300,38.06400,80.86100,83.64300,0.50000,0.48000,1.53170,0.71030,2.50230,25.79090,11.19840,11.19840,9.65850,11.91180,0.21090,1.92740,1.05320,85.45430,12.52360,-14.24760,2.06850,3.62860,3.29210,0.657,0.3367
2018-03-31,408.03800,311.35300,96.68500,1.23900,57.08300,-1.82200,60.14400,36.54100,-8.24600,28.29500,8.26600,20.02900,20.02900,-0.45200,17.80800,69.89300,36.54100,80.65000,83.54400,0.22000,0.21000,1.49560,0.71290,2.54490,23.69510,8.95530,8.95530,6.93440,4.36430,0.25780,2.35250,1.28400,70.09180,8.13050,-10.10970,1.26560,2.33430,3.05730,-0.09870,-0.41610
2017-12-31,155.37800,125.27910,30.09890,-0.36000,26.59100,-5.59800,31.82890,-1.73000,7.36600,5.63600,52.43300,-46.79700,-46.79700,14.97700,-33.40400,30.69900,-1.73010,80.55300,80.55300,-0.41000,-0.40000,1.24880,0.72480,2.72640,19.37140,-1.11340,-1.11350,3.62730,-21.49850,0.09840,0.70270,0.50410,178.55310,-21.74930,20.81310,-2.96430,-5.98460,2.67440,1.1988,0.9163
2017-09-30,384.65300,290.33200,94.32100,0.93600,59.99300,1.23700,59.69200,34.62900,-12.19200,22.43700,8.27000,14.16700,14.16700,-0.37100,13.29800,67.63400,34.62900,80.63700,83.13600,0.16000,0.16000,1.29690,0.74160,2.97070,24.52110,9.00270,9.00270,5.83300,3.45710,0.23020,1.27900,1.27420,70.63280,6.74560,-6.18000,0.84780,1.74320,2.61070,0.4326,0.1524
2017-06-30,394.89800,293.96300,100.93500,1.32900,54.38500,-2.07200,57.78600,43.14900,-12.58700,30.56200,11.23400,19.32800,19.32800,0.40300,19.03800,75.42400,43.14900,80.53500,82.85000,0.24000,0.23000,1.31030,0.76770,3.42390,25.55980,10.92660,10.92660,7.73920,4.82100,0.23990,1.45630,1.26720,71.02040,10.34160,-7.82890,1.17400,2.40230,2.32400,0.639,0.3421
2017-03-31,372.54100,288.27200,84.26900,0.83100,53.93700,-0.89400,55.66200,28.60700,-11.84000,16.76700,6.25300,10.51400,10.51400,-0.37700,8.89000,60.83500,28.60700,80.38500,82.26300,0.11000,0.11000,1.39170,0.79330,3.99450,22.62010,7.67890,7.67890,4.50070,2.38630,0.23190,1.51380,1.28820,69.86400,6.23850,-4.09510,0.65450,1.28980,2.10160,-0.07440,-0.26870
2016-12-31,360.22200,286.30090,73.92110,1.53200,46.31800,-0.50900,48.35900,25.56210,-47.69600,-22.13400,-8.27600,-13.85800,-13.85800,-0.45800,-15.63800,58.76110,25.56200,80.33300,80.33300,-0.19000,-0.19000,1.28670,0.82060,4.79110,20.52100,7.09620,7.09620,-6.14450,-4.34120,0.22780,1.52550,1.39830,64.36210,-10.07390,4.84110,-0.87630,-1.80720,1.71580,0.6858,0.4705
2016-09-30,367.78700,286.31100,81.47600,0.91000,50.24900,-1.74100,52.90000,28.57600,-57.87100,-29.29500,5.07900,-34.37400,-31.16900,-0.37500,-32.98700,65.20100,28.57600,80.37900,80.37900,-0.41000,-0.41000,1.36660,0.68910,2.30540,22.15300,7.76970,7.76970,-7.96520,-8.96900,0.21800,1.37190,1.30830,68.79420,-10.63700,21.79450,-1.84750,-3.30690,3.65480,0.9475,0.7522
2016-06-30,369.93300,316.89600,53.03700,0.95600,49.52000,-1.24700,51.72300,1.31400,-14.74200,-13.42800,12.00000,-25.42800,-26.12200,1.82100,-26.17300,36.93100,1.31400,80.33700,80.33700,-0.33000,-0.33000,1.36790,0.73440,2.91760,14.33690,0.35520,0.35520,-3.62980,-7.07510,0.18880,1.52180,1.31130,68.63520,-8.67990,18.58530,-1.33340,-2.30500,3.75370,0.394,0.2333
2016-03-31,353.28100,283.06100,70.22000,0.88200,50.78400,-9.12300,60.78900,9.43100,-24.04500,-14.61400,-2.16600,-12.44800,-9.27300,-0.31900,-10.86900,45.47600,9.43100,80.23800,80.23800,-0.14000,-0.14000,1.29130,0.71240,2.75500,19.87650,2.66960,2.66960,-4.13670,-3.07660,0.17620,1.21310,1.29830,69.32340,-2.87680,7.08410,-0.46240,-0.82730,4.02420,-0.03710,-0.21320
2015-12-31,387.43200,298.24900,89.18300,1.02000,55.22100,-26.74400,82.98490,6.19810,-13.36800,-7.17000,0.73300,-7.90300,-7.33200,-0.44400,-6.99500,43.32710,6.19820,80.23400,80.36500,-0.08000,-0.08000,1.31300,0.73120,2.89870,23.01900,1.59980,1.59980,-1.85060,-1.80550,0.18800,1.37460,1.35810,66.26840,-2.35910,5.14140,-0.35570,-0.63400,3.88050,0.4047,0.073
2015-09-30,428.33400,336.63100,91.70300,1.05700,64.52600,-18.39200,83.97500,7.72800,-12.92900,-5.20100,6.98500,-12.18600,-9.08100,-0.40200,-8.65600,47.49400,7.72800,80.23800,80.23800,-0.11000,-0.11000,1.24590,0.75060,3.14390,21.40920,1.80420,1.80420,-1.21420,-2.02090,0.20260,1.60070,1.33220,67.55830,-3.32280,4.79750,-0.42940,-0.82880,3.41220,0.5482,0.2862
2015-06-30,455.74700,360.39900,95.34800,1.51400,58.46300,0.35800,59.61900,35.72900,-13.55100,22.17800,7.10500,15.07300,7.48900,0.27300,6.57500,75.41800,35.72900,80.22100,80.41800,0.08000,0.08000,1.29110,0.74490,3.02820,20.92130,7.83970,7.83970,4.86630,1.44270,0.20200,1.73230,1.29610,69.44000,2.40450,-4.69800,0.33190,0.61350,3.88870,0.432,0.1207
2015-03-31,451.57900,361.08200,90.49700,0.91900,63.90200,13.20500,51.61600,38.88100,-13.87300,25.00800,12.85500,12.15300,16.23600,-0.40700,15.26400,78.77200,38.88100,80.24000,80.35200,0.19000,0.19000,1.26030,0.71560,2.64160,20.04010,8.61000,8.61000,5.53790,3.38010,0.19950,1.85550,1.27670,70.49540,4.66790,-14.32780,0.71730,1.32740,4.34300,0.13030,-0.17890
2014-12-31,492.08420,408.16900,83.91520,0.89200,72.20000,-30.90100,103.99300,-20.07780,-13.66600,-33.74400,6.28700,-40.03100,-42.64600,-0.17400,-44.36700,22.45620,-20.07780,80.88400,80.88400,-0.54000,-0.55000,1.20850,0.70220,2.47690,17.05300,-4.08020,-4.08020,-6.85740,-9.01610,0.21690,2.28130,1.39300,64.60770,-12.11840,34.73680,-1.87930,-3.60910,4.36290,0.5184,-0.3494
2014-09-30,526.37700,408.73800,117.63900,0.85400,67.77400,-0.56700,69.19500,48.44400,-13.79200,34.65200,13.92500,20.72700,26.53200,-0.40300,24.59700,91.85700,48.44400,80.91800,81.09900,0.30000,0.30000,1.24350,0.57370,1.40120,22.34880,9.20330,9.20330,6.58310,4.67290,0.22280,2.23560,1.28600,69.98460,4.54680,28.04350,1.12310,1.93810,7.22100,1.3534,0.7684
2014-06-30,535.34400,417.18900,118.15500,1.05800,77.96900,-30.43400,109.46100,8.69400,-14.02100,-5.32700,4.84300,-10.17000,-13.68800,1.09000,-12.61200,54.23800,8.69400,80.88500,80.88500,-0.16000,-0.16000,1.37000,0.59170,1.49920,22.07090,1.62400,1.62400,-0.99510,-2.35590,0.22460,2.36570,1.28000,70.31260,-2.37850,-19.87190,-0.57430,-0.97130,7.12150,0.5921,0.0926
2014-03-31,512.48300,409.77400,102.70900,2.66300,66.79400,-1.02500,70.48200,32.22700,-13.67000,18.55700,5.31100,13.24600,12.01600,-0.40300,10.21100,77.06200,32.22700,80.81600,81.02200,0.13000,0.13000,1.40670,0.58040,1.42910,20.04140,6.28840,6.28840,3.62100,1.99250,0.21180,2.45700,1.13440,79.33940,1.99180,12.43990,0.49670,0.83580,7.47170,0.33920,-0.10550
2013-12-31,680.79390,529.58990,151.20400,2.70900,107.79200,-51.60100,162.10210,-10.89810,-12.74400,-23.64200,4.70700,-28.34900,-27.81600,-0.16100,-30.23500,35.03990,-10.89810,80.75500,80.75500,-0.37000,-0.37000,1.38230,0.56340,1.33630,22.20990,-1.60080,-1.60080,-3.47270,-4.44110,0.27880,3.40160,1.70350,52.83330,-4.58380,-22.74240,-1.13920,-2.00120,7.52160,0.2924,-0.4735
2013-09-30,740.04500,567.89200,172.15300,3.07700,124.00400,-253.44900,380.53000,-208.37700,-12.42700,-220.80400,10.79500,-231.59900,-231.16500,-0.40100,-233.65600,-147.76100,-208.37700,80.77500,80.77500,-2.89000,-2.89000,1.52590,0.56540,1.76630,23.26250,-28.15730,-28.15730,-29.83660,-31.57320,0.26720,3.21220,1.92850,46.66920,-38.18810,-188.51840,-8.34670,-16.59590,7.50410,1.3355,0.5962
2013-06-30,759.73600,577.15400,182.58200,2.18400,125.62300,-3.92800,131.73500,50.84710,-12.02500,38.82200,11.50800,27.31400,27.90900,-0.53300,23.79800,115.60800,50.84710,80.76000,81.00400,0.29000,0.29000,1.81260,0.54840,1.23320,24.03230,6.69270,6.69270,5.10990,3.13240,0.25540,2.35730,1.12790,79.79780,3.26140,7.53440,0.93820,1.47270,10.60840,0.6537,-0.1137
2013-03-31,715.39500,564.25800,151.13700,2.19600,124.69800,1.54200,125.35200,25.78500,-11.33700,14.44800,4.96500,9.48300,9.46900,-0.39700,7.24500,91.51100,25.78500,80.70600,80.93000,0.09000,0.09000,1.77330,0.53610,1.17450,21.12640,3.60430,3.60430,2.01960,1.01270,0.23970,2.30760,1.08100,83.25840,1.08270,2.46220,0.31720,0.50230,10.84190,0.04220,-0.49080
2012-12-31,766.32510,591.08200,175.24310,2.23100,126.68600,-28.42500,422.38000,-247.13710,-10.66900,-257.80600,6.76200,-264.56800,-264.48300,-0.38700,-264.35800,-178.86420,-247.13720,80.63200,80.63200,-3.29000,-3.29000,1.67270,0.52630,1.12490,22.86800,-32.24970,-32.24970,-33.64190,-34.49690,0.25750,2.49920,1.19720,75.17570,-30.69590,-74.56530,-8.88730,-14.53960,10.69210,1.09,0.0258
2012-09-30,756.78300,579.98700,176.79600,2.16200,121.85600,-2.38300,126.40100,50.39500,-10.16000,40.23500,13.54500,26.69000,26.87200,0.19600,26.40400,116.28300,50.39500,80.65900,80.91000,0.33000,0.33000,1.69470,0.44310,0.80800,23.36150,6.65910,6.65910,5.31660,3.48900,0.22930,2.20940,1.14720,78.45430,2.24200,6.31460,0.81430,1.24860,14.87360,0.9345,0.2104
2012-06-30,770.57500,584.78000,185.79500,2.68600,125.59400,-22.87600,151.15590,34.63910,-10.72600,23.91300,10.44600,13.46700,13.59500,-0.32200,12.71100,100.65310,34.63910,80.63100,80.88200,0.16000,0.16000,1.61670,0.45020,0.84300,24.11120,4.49520,4.49520,3.10330,1.64950,0.23590,2.24090,1.18880,75.70850,1.17240,3.36490,0.41630,0.64460,14.38960,0.4597,-0.0455
2012-03-31,752.33500,593.66700,158.66800,2.06000,129.20300,-40.09200,171.35500,-12.68700,-12.15000,-24.83700,4.49800,-29.33500,-29.16600,-0.40600,-29.36900,59.25510,-12.68700,80.57900,80.57900,-0.36000,-0.36000,1.57480,0.43450,0.79730,21.09010,-1.68630,-1.68630,-3.30130,-3.90370,0.22260,2.26630,1.12860,79.74370,-2.40240,-6.77100,-0.86300,-1.35860,15.07230,-0.01770,-0.39370
2011-12-31,792.72990,621.59280,171.13710,1.75400,127.72200,-98.30900,227.78490,-56.64780,-11.19700,-67.84500,25.03500,-92.88000,-92.72000,-0.37300,-92.46800,20.51320,-56.64780,80.73600,80.73600,-1.15000,-1.15000,1.48210,0.41170,0.74490,21.58830,-7.14590,-7.14590,-8.55840,-11.66450,0.23740,2.56930,1.19580,75.26090,-7.60050,-20.81180,-2.77700,-4.47120,15.15860,1.3548,0.5179
2011-09-30,855.86400,671.40300,184.46100,1.57700,129.00600,-3.05000,133.63300,50.82800,-11.54700,39.28100,7.07800,32.20300,32.39700,-0.40700,31.80000,129.18200,50.82800,80.76700,81.03700,0.40000,0.40000,1.49610,0.36420,0.61400,21.55260,5.93880,5.93880,4.58960,3.71550,0.24480,2.42710,1.25020,71.99010,2.16840,4.60090,0.92680,1.37870,18.51050,1.5205,0.6554
2011-06-30,875.09100,667.21300,207.87800,1.37300,141.16200,-0.91000,143.44500,64.43300,-12.02500,52.40800,13.33500,39.07300,39.19800,-0.45800,37.72700,142.83700,64.43300,80.74900,81.01000,0.47000,0.47000,1.48800,0.35580,0.61230,23.75500,7.36300,7.36300,5.98890,4.31120,0.24170,2.25780,1.20060,74.96550,2.53030,5.37200,1.08280,1.63010,19.19290,0.6631,-0.2356
2011-03-31,779.05500,610.41900,168.63600,1.34000,137.78900,-0.47100,139.60000,29.03600,-11.21500,17.82100,4.40000,13.42100,13.63200,-0.82500,11.43100,105.55800,29.03600,80.69500,80.94400,0.14000,0.14000,1.47910,0.36280,0.61240,21.64620,3.72710,3.72710,2.28750,1.46730,0.21940,2.10560,1.16080,77.53180,0.90820,2.01110,0.38390,0.57870,18.60560,0.16230,-0.58680
2010-12-31,757.34990,592.18090,165.16890,1.29200,131.12900,-88.49300,220.91380,-55.74480,-12.56500,-68.31000,-19.01900,-49.29100,-49.21000,-0.65200,-51.12200,23.03320,-55.74480,80.56900,80.76100,-0.64000,-0.64000,1.50410,0.36660,0.60280,21.80880,-7.36050,-7.36050,-9.01960,-6.75010,0.21830,2.18020,1.23230,73.03630,-3.35180,-7.49700,-1.41850,-2.12310,18.23470,2.0487,1.3284
2010-09-30,752.40100,574.75000,177.65100,1.29300,131.40500,-0.88300,133.58100,44.07000,-14.97200,29.09800,7.39100,21.70700,21.82700,-0.89500,20.17900,122.59700,44.07000,80.57400,80.76200,0.25000,0.25000,1.42410,0.35610,0.76430,23.61120,5.85730,5.85730,3.86740,2.68190,0.19570,2.06060,1.09560,82.14440,1.41940,3.07260,0.56770,0.91390,19.10140,1.3656,0.7069
2010-06-30,786.52100,590.51500,196.00600,0.77000,133.76300,0.39400,134.13910,61.86690,-14.76000,47.10700,12.87000,34.23700,34.29600,-2.83500,29.66300,138.86590,61.86690,80.55900,80.73500,0.37000,0.37000,1.52280,0.37010,0.66790,24.92060,7.86590,7.86590,5.98930,3.77140,0.22550,2.24960,1.17390,76.66980,2.36280,5.23720,0.98320,1.48830,18.03740,1.1841,0.7218
2010-03-31,742.40600,579.43300,162.97300,0.91600,136.32700,2.50900,134.73410,28.23900,-15.65800,12.58100,3.03400,9.54700,9.67700,0.25100,8.03400,109.17400,28.23900,80.54300,80.74300,0.10000,0.10000,1.45890,0.36380,0.66870,21.95200,3.80370,3.80370,1.69460,1.08220,0.20810,2.07130,1.11240,80.90930,0.65060,1.45880,0.27130,0.41390,18.47450,0.37220,0.11240
2009-12-31,772.49100,588.02490,184.46610,0.91500,127.71600,-1.13300,129.76420,54.70190,-15.14200,39.56000,-2.00000,41.56000,41.78400,-0.57600,39.39500,137.59190,54.70200,80.29500,80.58600,0.49000,0.49000,1.55680,0.37390,0.65230,23.87940,7.08120,7.08120,5.12110,5.09970,0.21230,2.01950,1.22780,73.30370,2.76750,6.33050,1.14820,1.73260,18.79000,1.9596,1.3179
2009-09-30,744.22100,554.59500,189.62600,0.86100,125.44300,-6.89800,133.20200,56.42400,-14.93400,41.49000,6.52500,34.96500,35.09300,-11.79200,20.18200,132.36300,56.42400,80.31500,80.63100,0.25000,0.25000,1.58310,0.37470,0.62690,25.47980,7.58160,7.58160,5.57500,2.71180,0.21040,1.84330,1.11350,80.82680,2.28750,4.79200,0.99210,1.43040,19.10130,1.4919,0.9966
2009-06-30,776.97500,572.63300,204.34200,0.73200,130.91500,-2.33600,133.98300,70.35900,-14.97400,55.38500,12.47300,42.91200,42.97700,-1.46900,40.60800,148.65300,70.35900,80.28900,80.55400,0.51000,0.50000,1.52340,0.38820,0.68260,26.29970,9.05550,9.05550,7.12830,5.22640,0.22260,1.93530,1.14530,78.58530,2.92710,6.45470,1.23100,1.79080,18.28140,1.4477,0.9329
2009-03-31,696.89000,536.88500,160.00500,0.64300,124.99700,2.80600,122.83400,37.17100,-14.76800,22.40300,1.51100,20.89200,20.97900,-1.22400,18.59200,111.57900,37.17100,80.24900,80.48400,0.23000,0.23000,1.40370,0.39050,0.72080,22.95990,5.33380,5.33380,3.21470,2.66790,0.20590,1.74180,1.08470,82.97390,1.51860,3.31840,0.61970,0.92560,17.20500,0.49200,0.11860
