Date,revenue,cost-goods-sold,gross-profit,research-development-expenses,selling-general-administrative-expenses,operating-expenses,operating-income,total-non-operating-income-expense,pre-tax-income,total-provision-income-taxes,income-after-taxes,income-from-continuous-operations,net-income,ebitda,ebit,basic-shares-outstanding,shares-outstanding,eps-basic-net-earnings-per-share,eps-earnings-per-share-diluted,current-ratio,long-term-debt-capital,debt-equity-ratio,gross-margin,operating-margin,ebit-margin,pre-tax-profit-margin,net-profit-margin,asset-turnover,inventory-turnover,receiveable-turnover,days-sales-in-receivables,roe,return-on-tangible-equity,roa,roi,book-value-per-share,operating-cash-flow-per-share,free-cash-flow-per-share
2024-03-31,874.60000,519.10000,355.50000,20.80000,175.50000,196.30000,159.20000,-23.40000,135.80000,30.70000,105.10000,105.10000,105.10000,198.80000,159.20000,165.50000,168.50000,0.64000,0.62000,1.99030,0.35130,0.55210,40.64720,18.20260,18.20260,15.52710,12.01690,0.14180,1.17680,1.47860,60.86780,3.27180,-12.38660,1.70350,2.12230,19.35120,0.53410,0.44040
2023-12-31,861.20010,507.40010,353.80000,19.00000,174.40000,193.39970,160.40030,-39.40000,121.00000,-133.90000,254.89990,254.89990,254.90000,201.20030,160.40020,165.60000,168.20000,1.53000,1.51000,1.82130,0.35760,0.56670,41.08220,18.62520,18.62520,14.05020,29.59820,0.13980,1.14980,1.46090,61.60590,8.11240,-26.94500,4.13680,5.21170,19.03150,1.4102,1.2794
2023-09-30,858.80000,505.60000,353.20000,18.30000,178.70000,197.00000,156.20000,-26.90000,129.30000,23.80000,105.50000,105.50000,105.50000,194.89990,156.20000,165.80000,168.60000,0.64000,0.63000,1.97130,0.38340,0.63210,41.12720,18.18820,18.18820,15.05590,12.28460,0.14490,1.08750,1.45340,61.92480,3.58220,-9.14920,1.78040,2.20870,17.75230,0.8569,0.8013
2023-06-30,803.00000,471.10000,331.90000,17.50000,167.70000,185.20000,146.70000,-12.60000,134.10000,21.20000,112.90000,112.90000,112.90000,183.50000,146.70000,165.70000,168.00000,0.68000,0.67000,2.08850,0.40270,0.68460,41.33250,18.26900,18.26900,16.69990,14.05980,0.13560,0.99120,1.46940,61.25160,3.92600,-9.29140,1.90640,2.34500,17.34440,0.4595,0.369
2023-03-31,740.60000,437.40000,303.20000,16.70000,162.40000,179.10000,124.10000,-9.00000,115.10000,21.30000,93.80000,93.80000,93.80000,152.80000,124.10000,165.30000,168.00000,0.57000,0.56000,2.08180,0.27620,0.38700,40.93980,16.75670,16.75670,15.54150,12.66540,0.15060,1.19350,1.62770,55.29300,3.36210,-21.31820,1.90790,2.43350,16.83710,0.41310,0.31250
2022-12-31,741.60000,450.00010,291.59990,15.90000,150.60000,166.50000,125.09990,57.30000,182.40000,23.70000,158.70000,158.70000,158.70000,153.39990,125.09990,166.30000,168.30000,0.95000,0.95000,1.89250,0.28110,0.39650,39.32040,16.86890,16.86890,24.59550,21.39970,0.15130,1.29800,1.56950,57.34220,5.80960,-30.96590,3.23730,4.17640,16.52570,1.1574,1.0678
2022-09-30,745.20000,455.20000,290.00000,14.70000,154.80000,169.50000,120.50000,-8.60000,111.90000,18.50000,93.40000,93.40000,93.40000,149.30000,120.50000,166.50000,168.30000,0.56000,0.55000,1.88030,0.28790,0.41000,38.91570,16.17020,16.17020,15.01610,12.53360,0.15280,1.21550,1.51060,59.57730,3.52370,-15.60830,1.91550,2.50920,15.91000,0.8073,0.7479
2022-06-30,727.50000,459.70000,267.80000,14.60000,148.50000,163.10000,104.70000,-8.70000,96.00000,16.10000,79.90000,79.90000,79.90000,133.30000,104.70000,166.40000,168.20000,0.48000,0.48000,1.74530,0.28740,0.40530,36.81100,14.39180,14.39180,13.19590,10.98280,0.15270,1.22460,1.51090,59.56700,3.08970,-11.47330,1.67660,2.20160,15.53150,0.3413,0.2842
2022-03-31,694.70000,447.40000,247.30000,15.20000,142.00000,157.20000,90.10000,-7.80000,82.30000,14.50000,67.80000,67.80000,67.80000,118.60000,90.10000,166.20000,168.20000,0.41000,0.40000,1.64020,0.29120,0.41270,35.59810,12.96960,12.96960,11.84680,9.75960,0.14770,1.28450,1.57280,57.22330,2.67570,-8.72470,1.44140,1.89670,15.23690,0.03860,-0.01610
2021-12-31,668.99990,421.80010,247.19980,12.40000,145.80000,158.20000,88.99980,-8.50000,80.50000,13.50000,67.00000,67.00000,67.00000,117.69980,88.99990,167.90000,169.70000,0.41000,0.39000,1.43250,0.28480,0.40030,36.95070,13.30340,13.30340,12.03290,10.01500,0.14310,1.31030,1.52700,58.93720,2.68420,-8.02970,1.43340,1.91960,15.02770,0.6825,0.6007
2021-09-30,642.80000,392.30000,250.50000,13.10000,139.70000,152.80000,97.70000,-8.80000,88.90000,14.60000,74.30000,74.30000,74.30000,125.50000,97.70000,168.20000,170.10000,0.44000,0.44000,1.55760,0.27650,0.38420,38.97010,15.19910,15.19910,13.83010,11.55880,0.13740,1.30160,1.50010,59.99530,2.92340,-9.19330,1.58800,2.11490,15.11060,0.6724,0.6298
2021-06-30,601.30000,366.10000,235.20000,11.70000,135.20000,146.90000,88.30000,-8.70000,79.60000,13.40000,66.20000,66.20000,66.20000,114.60000,88.30000,167.90000,169.60000,0.39000,0.39000,1.68440,0.30300,0.44280,39.11530,14.68490,14.68490,13.23800,11.00950,0.12770,1.32930,1.46910,61.26230,2.65560,-7.52700,1.40560,1.85090,14.82930,0.5493,0.5024
2021-03-31,548.90000,339.90000,209.00000,11.40000,117.20000,128.60000,80.40000,-8.70000,71.70000,6.30000,65.40000,65.40000,65.40000,106.00000,80.40000,167.70000,168.80000,0.39000,0.39000,1.72270,0.27370,0.38500,38.07620,14.64750,14.64750,13.06250,11.91470,0.12480,1.42880,1.56070,57.66620,2.66940,-8.92220,1.48700,1.93880,14.60940,0.29560,0.23760
2020-12-31,521.20010,324.19990,197.00020,10.40000,112.20000,122.60000,74.40020,-17.90000,56.50000,9.40000,47.10000,47.10000,47.10000,100.10020,74.40010,169.60000,169.60000,0.28000,0.28000,1.69870,0.27800,0.39340,37.79740,14.27480,14.27480,10.84040,9.03680,0.11940,1.37840,1.66090,54.18650,1.95450,-5.93270,1.07880,1.41110,14.32700,0.8301,0.7466
2020-09-30,509.30000,312.50000,196.80000,10.50000,107.40000,338.40000,-141.60000,-9.20000,-150.80000,-12.10000,-138.70000,-138.70000,-138.70000,-115.70000,-141.60000,170.00000,170.00000,-0.82000,-0.82000,1.99070,0.29970,0.43620,38.64130,-27.80290,-27.80290,-29.60930,-27.23350,0.11550,1.30810,1.55560,57.85590,-5.74710,17.44870,-3.14470,-4.02470,14.18810,0.6671,0.6192
2020-06-30,447.20000,286.90000,160.30000,10.70000,104.30000,115.00000,45.30000,-10.10000,35.20000,9.40000,25.80000,25.80000,25.80000,70.70000,45.30000,169.90000,170.40000,0.15000,0.15000,2.28660,0.31540,0.46840,35.84530,10.12970,10.12970,7.87120,5.76920,0.09490,1.15920,1.48970,60.41590,1.00070,-3.00450,0.54750,0.68510,15.17480,0.4919,0.4524
2020-03-31,520.90000,325.60000,195.30000,11.90000,123.10000,135.00000,60.30000,-10.70000,49.60000,31.00000,18.60000,18.60000,18.60000,85.90000,60.30000,169.80000,171.00000,0.11000,0.11000,2.16470,0.31640,0.47010,37.49280,11.57610,11.57610,9.52200,3.57070,0.11010,1.30760,1.56380,57.55230,0.72190,-2.14140,0.39320,0.49350,15.17430,0.03920,-0.01400
2019-12-31,566.70000,347.09990,219.60000,12.00000,125.10000,137.10010,82.50000,-38.90000,43.60000,-1.90000,45.50000,45.50000,45.50000,107.60000,82.50010,171.60000,173.00000,0.27000,0.27000,1.72800,0.28770,0.41060,38.75070,14.55800,14.55800,7.69370,8.02890,0.12210,1.41850,1.69520,53.09160,1.75510,-5.37130,0.98050,1.25010,15.29500,1.0191,0.9657
2019-09-30,559.80000,335.70000,224.10000,11.80000,126.20000,138.00000,86.10000,-12.50000,73.60000,13.70000,59.90000,59.90000,59.90000,110.40000,86.10000,169.10000,170.30000,0.35000,0.35000,1.84400,0.30640,0.44830,40.03220,15.38050,15.38050,13.14760,10.70030,0.12070,1.29560,1.49280,60.28940,2.33390,-6.69800,1.29200,1.61880,15.16840,0.5907,0.5228
2019-06-30,539.50000,327.30000,212.20000,12.10000,113.10000,125.20000,87.00000,-12.90000,74.10000,13.20000,60.90000,60.90000,60.90000,110.90000,87.00000,171.50000,173.00000,0.36000,0.35000,1.87050,0.29090,0.41610,39.33270,16.12600,16.12600,13.73490,11.28820,0.12080,1.31820,1.54320,58.32070,2.39970,-7.23280,1.36400,1.70160,15.00770,0.4076,0.3591
2019-03-31,538.00000,328.10000,209.90000,12.30000,120.10000,132.40000,77.50000,-11.40000,66.10000,9.70000,56.40000,56.40000,56.40000,101.00000,77.50000,176.50000,178.20000,0.32000,0.32000,1.81910,0.25990,0.35650,39.01490,14.40520,14.40520,12.28630,10.48330,0.12020,1.34250,1.56990,57.32900,2.14030,-7.44550,1.26040,1.58400,15.08360,-0.07350,-0.09150
2018-12-31,568.10000,349.40000,218.70000,11.90000,120.60000,132.50010,86.19990,-13.30000,72.90000,5.90000,67.00000,67.00000,67.00000,109.89990,86.20000,178.60000,180.80000,0.38000,0.37000,1.83340,0.25690,0.35050,38.49680,15.17340,15.17340,12.83230,11.79370,0.12480,1.53110,1.66650,54.00630,2.49340,-9.29910,1.47170,1.85270,15.16420,0.8938,0.833
2018-09-30,563.90000,334.80000,229.10000,11.30000,124.10000,135.40000,93.70000,-12.60000,81.10000,12.90000,68.20000,68.20000,68.20000,118.20000,93.70000,179.30000,181.50000,0.38000,0.38000,1.96400,0.25570,0.34760,40.62780,16.61640,16.61640,14.38200,12.09430,0.12300,1.41210,1.54280,58.33480,2.51140,-9.57870,1.48810,1.86940,15.13710,0.5548,0.4513
2018-06-30,542.70000,323.30000,219.40000,11.00000,143.10000,154.10000,65.30000,-14.40000,50.90000,7.60000,43.30000,43.30000,43.30000,89.60000,65.30000,178.50000,180.80000,0.24000,0.24000,2.11590,0.26730,0.36860,40.42750,12.03240,12.03240,9.37900,7.97860,0.11860,1.42610,1.48680,60.53070,1.60580,-5.82380,0.94610,1.17660,15.06370,0.2521,0.2283
2018-03-31,538.90000,330.00000,208.90000,11.40000,131.90000,143.30000,65.60000,-1.80000,63.80000,11.50000,52.30000,52.30000,52.30000,90.20000,65.60000,179.00000,181.20000,0.29000,0.29000,4.63860,0.17890,0.21780,38.76410,12.17300,12.17300,11.83890,9.70500,0.10170,1.46410,1.51720,59.32080,1.43670,29.34900,0.98660,1.17970,20.40300,0.19920,0.18210
2017-12-31,541.90000,328.50000,213.40000,10.10000,143.90000,154.00000,59.40000,1.80000,61.20000,-94.80000,156.00000,156.00000,156.00000,84.00000,59.40000,179.00000,181.20000,0.87000,0.86000,1.87410,,,39.37810,10.96140,10.96140,11.29360,28.78760,0.11470,1.46590,1.55140,58.01250,4.11470,49.28910,3.30160,4.11470,,0.6142,0.5789
2017-09-30,540.60000,320.50000,220.10000,10.50000,110.00000,120.50000,99.60000,-1.60000,98.00000,18.30000,79.70000,79.70000,79.70000,124.40000,99.60000,179.00000,181.20000,0.45000,0.44000,,,,40.71400,18.42400,18.42400,18.12800,14.74290,,,,,,,,,,0.9564,0.9222
2017-06-30,513.20000,303.50000,209.70000,10.90000,109.30000,120.20000,89.50000,-1.50000,88.00000,17.30000,70.70000,70.70000,70.70000,114.00000,89.50000,179.00000,181.20000,0.39000,0.39000,,,,40.86130,17.43960,17.43960,17.14730,13.77630,,,,,,,,,,0.2097,0.1893
2017-03-31,502.20000,303.50000,198.70000,11.00000,120.10000,131.10000,67.60000,-1.50000,66.10000,10.80000,55.30000,55.30000,55.30000,91.60000,67.60000,179.00000,181.20000,0.31000,0.31000,,,,39.56590,13.46080,13.46080,13.16210,11.01160,,,,,,,,,,0.48070,0.41830
2016-12-31,,,,,,,,,,,,,,,,,,,0.00000,,,,,,,,,,,,,,,,,,0,0
