Date,revenue,cost-goods-sold,gross-profit,research-development-expenses,selling-general-administrative-expenses,operating-expenses,operating-income,total-non-operating-income-expense,pre-tax-income,income-after-taxes,income-from-continuous-operations,net-income,ebitda,ebit,basic-shares-outstanding,shares-outstanding,eps-basic-net-earnings-per-share,eps-earnings-per-share-diluted,current-ratio,long-term-debt-capital,debt-equity-ratio,gross-margin,operating-margin,ebit-margin,pre-tax-profit-margin,net-profit-margin,asset-turnover,inventory-turnover,receiveable-turnover,days-sales-in-receivables,roe,return-on-tangible-equity,roa,roi,book-value-per-share,operating-cash-flow-per-share,free-cash-flow-per-share
2024-03-31,14.77400,1.32600,13.44800,20.73500,24.33000,45.06500,-31.61700,-33.23100,-64.84800,-64.84800,-64.84800,-64.84800,-30.69700,-31.61700,132.02200,132.02200,-0.49000,-0.49000,21.39370,0.14010,0.16290,91.02480,-214.00430,-214.00430,-438.93320,-438.93320,0.02740,0.51520,0.55650,161.71250,-15.89480,-15.89480,-12.03240,-13.66840,2.63720,-0.25670,-0.25860
2023-12-31,14.80200,1.38600,13.41600,16.19500,17.27000,33.46500,-20.04900,-9.17100,-29.22000,-29.22000,-29.22000,-29.22000,-19.09100,-20.04900,79.82700,85.59700,-0.35000,-0.12000,6.65510,0.45120,0.82220,90.63640,-135.44790,-135.44790,-197.40580,-197.40580,0.05870,0.60130,0.56540,159.17510,-32.06370,-32.06370,-11.59250,-17.59650,0.79270,-0.2593,-0.2643
2023-09-30,15.08100,1.37700,13.70400,15.01900,17.89900,32.91800,-19.21400,18.69800,-0.51600,-0.51600,-0.51600,-0.51600,-18.32400,-19.21400,79.37300,85.14300,-0.01000,-0.25000,4.02830,0.90390,9.40900,90.86930,-127.40530,-127.40530,-3.42150,-3.42150,0.09290,0.61010,0.63930,140.77380,-6.57070,-6.57070,-0.31780,-0.63130,0.09890,-0.0481,-0.0454
2023-06-30,15.18600,1.30400,13.88200,15.09400,19.35800,34.45200,-20.57000,-0.11200,-20.68200,-20.68200,-20.68200,-20.68200,-19.91800,-20.57000,78.04800,78.04800,-0.26000,-0.26000,3.11250,0.94520,17.93550,91.41320,-135.45370,-135.45370,-136.19120,-136.19120,0.12390,0.59170,0.55610,161.84710,-669.96300,-669.97130,-16.87530,-36.68910,0.03900,-0.255,-0.2801
2023-03-31,13.37400,1.21400,12.16000,14.74700,19.96200,34.70900,-22.54900,-7.76900,-30.31800,-30.31800,-30.31800,-30.31800,-22.06600,-22.54900,77.38600,77.38600,-0.39000,-0.39000,3.60630,0.84920,5.63060,90.92270,-168.60330,-168.60330,-226.69360,-226.69360,0.10400,0.53570,0.63310,142.15340,-312.20270,-312.20270,-23.58040,-47.08500,0.12530,-0.25810,-0.30180
2022-12-31,14.07600,1.01200,13.06400,13.54300,18.88200,32.42500,-19.36100,3.81900,-15.54200,-15.54200,-15.54200,-15.54200,-18.87000,-19.36100,76.87500,82.64400,-0.21000,-0.19000,4.12890,0.60420,1.52650,92.81040,-137.54610,-137.54610,-110.41480,-110.41490,0.09430,0.51270,0.66010,136.34910,-43.93000,-43.93000,-10.41070,-17.38770,0.45830,-0.1672,-0.1919
2022-09-30,11.96500,1.07300,10.89200,13.71900,18.71700,32.43600,-21.54400,-2.64400,-24.18800,-24.18800,-24.18800,-24.18800,-21.03500,-21.54400,76.97600,76.97600,-0.31000,-0.31000,4.97510,0.53570,1.15390,91.03220,-180.05850,-180.05850,-202.15630,-202.15630,0.07550,0.69450,0.60420,148.94940,-52.32210,-52.32210,-15.25300,-24.29170,0.60030,-0.1969,-0.2078
2022-06-30,12.26600,1.15500,11.11100,13.10000,17.92700,31.02700,-19.91600,1.15000,-18.76600,-18.76600,-18.76600,-18.76600,-19.36400,-19.91600,76.76400,82.53300,-0.24000,-0.25000,6.13950,0.44470,0.80080,90.58370,-162.36750,-162.36750,-152.99200,-152.99200,0.07090,0.77000,0.59890,150.28370,-28.51850,-28.51850,-10.84300,-15.83660,0.85560,-0.1317,-0.1377
2022-03-31,13.18700,1.30000,11.88700,13.10000,16.62000,29.72000,-17.83300,5.29100,-12.54200,-12.54200,-12.54200,-12.54200,-17.27600,-17.83300,76.74600,82.51500,-0.16000,-0.22000,7.28930,0.39480,0.65240,90.14180,-135.23170,-135.23170,-95.10880,-95.10880,0.07030,0.95730,0.56820,158.38550,-15.71780,-15.71780,-6.68470,-9.51210,1.03950,-0.22540,-0.22880
2021-12-31,12.30900,1.10800,11.20100,12.57800,16.67200,29.25000,-18.04900,14.19900,-3.85000,-3.85000,-3.85000,-3.85000,-17.47900,-18.04900,76.39300,82.16200,-0.05000,-0.26000,7.26350,0.36890,0.58450,90.99840,-146.63260,-146.63260,-31.27800,-31.27790,0.06010,0.88640,0.58240,154.53330,-4.37510,-4.37510,-1.87910,-2.76120,1.14680,-0.208,-0.2159
2021-09-30,12.15300,1.31000,10.84300,12.71900,17.65300,30.37200,-19.52900,22.18600,2.65700,2.65700,2.65700,2.65700,-18.93500,-19.52900,76.55200,85.44700,0.03000,-0.23000,8.10610,0.36780,0.58190,89.22080,-160.69280,-160.69280,21.86290,21.86290,0.05580,1.07200,0.62160,144.79390,3.04210,3.04210,1.22030,1.92310,1.14010,-0.134,-0.1371
2021-06-30,11.71800,1.09600,10.62200,13.85900,16.99400,30.85300,-20.23100,11.75000,-8.48100,-8.48100,-8.48100,-8.48100,-19.62000,-20.23100,76.32400,82.09400,-0.11000,-0.25000,10.04750,0.38500,0.62610,90.64690,-172.64890,-172.64890,-72.37580,-72.37580,0.05080,0.98560,0.62550,143.88630,-10.56860,-10.56860,-3.67610,-6.49950,1.04960,-0.2568,-0.2585
2021-03-31,7.34200,0.89200,6.45000,10.92700,15.75100,26.67800,-20.22800,23.34900,3.12100,3.12100,3.12100,3.12100,-19.58200,-20.22800,76.07100,87.24600,0.04000,-0.24000,8.31480,0.32260,0.57570,87.85070,-275.51080,-275.51080,42.50890,42.50890,0.03020,0.79430,0.53860,167.09210,3.74180,3.74180,1.28420,2.53460,1.09410,-0.19900,-0.20080
2020-12-31,7.34900,0.68000,6.66900,7.62400,13.38800,21.01200,-14.34300,-71.26900,-85.61200,-85.61200,-85.61200,-85.61200,-13.67600,-14.34300,60.75200,60.75200,-1.32000,-1.30000,9.23190,0.35150,0.65090,90.74700,-195.16940,-195.16940,-1164.94800,-1164.94800,0.02810,0.56620,0.59980,150.04490,-112.50670,-112.50670,-32.69340,-72.96190,1.00130,-0.1935,-0.1989
2020-09-30,5.87600,0.45000,5.42600,6.95100,12.48100,19.43200,-14.00600,2.06200,-11.94400,-11.94400,-11.94400,-11.94400,-13.34100,-14.00600,62.99300,68.76200,-0.19000,-0.21000,3.57560,1.10680,-11.86910,92.34170,-238.35950,-238.35950,-203.26750,-203.26750,0.05980,0.38990,0.75540,119.14740,289.48090,289.48140,-12.16060,-30.91100,-0.06540,-0.1014,-0.1034
2020-06-30,1.56900,0.13400,1.43500,8.02100,11.29800,19.31900,-17.88400,-18.68400,-36.56800,-36.56800,-36.56800,-36.56800,-17.17700,-17.88400,57.36800,57.36800,-0.64000,-0.64000,6.54150,0.89850,9.63100,91.45950,-1139.83400,-1139.83400,-2330.65600,-2330.65600,0.01460,0.12560,0.54590,164.85660,-684.28220,-684.28120,-34.09290,-69.43380,0.08490,-0.2233,-0.225
2020-03-31,2.60900,0.81900,1.79000,6.09800,12.30600,18.40400,-16.61400,-4.89800,-21.51200,-21.51200,-21.51200,-21.51200,-15.88000,-16.61400,51.90100,51.90100,-0.41000,-0.41000,4.96340,1.28330,-4.72460,68.60870,-636.79570,-636.79570,-824.53050,-824.53040,0.03580,0.73980,0.76090,118.28670,201.82010,201.82010,-29.52630,-57.17170,-0.20100,-0.36330,-0.36810
2019-12-31,2.25600,0.83900,1.41700,10.12500,12.69300,22.81800,-21.40100,-4.61600,-26.01700,-26.01700,-26.01700,-26.01700,-20.72700,-21.40100,45.27300,45.27300,-0.53000,-0.44000,5.00210,1.07950,-13.58460,62.81030,-948.62570,-948.62600,-1153.23600,-1153.23600,0.02870,0.87950,0.88540,101.64890,716.72680,716.72080,-33.04170,-56.95240,-0.07210,-0.6112,-0.6296
2019-09-30,0.82900,0.80600,0.02300,10.23500,12.93200,23.16700,-23.14400,4.36600,-18.77800,-18.77800,-18.77800,-18.77800,-22.80500,-23.14400,46.94500,52.71400,-0.40000,-0.45000,6.32770,0.80970,4.25610,2.77440,-2791.79700,-2791.79700,-2265.13900,-2265.13900,0.00930,0.90060,0.74420,120.94090,-166.16190,-166.16220,-21.16790,-31.61330,0.23500,-0.2036,-0.2062
2019-06-30,0.65000,0.55200,0.09800,9.41400,12.28300,21.69700,-21.59900,-2.85400,-24.45300,-24.45300,-24.45300,-24.45300,-20.85800,-21.59900,42.91000,42.91000,-0.57000,-0.57000,6.46150,0.85530,5.90890,15.07690,-3322.92300,-3322.92300,-3762.00000,-3762.00000,0.00720,0.72440,1.05690,85.15390,-296.11300,-296.11300,-27.24810,-42.85940,0.18720,-0.4599,-0.4719
2019-03-31,0.49200,0.12800,0.36400,11.31700,8.70500,20.02200,-19.65800,2.53400,-17.12400,-17.12400,-17.12400,-17.12400,-18.88200,-19.65800,42.25100,44.17400,-0.41000,-0.45000,9.19110,0.65110,1.86590,73.98370,-3995.52800,-3995.52800,-3480.48800,-3480.48800,0.00480,0.48300,1.78260,50.48780,-66.76550,-66.76550,-16.87260,-23.29640,0.59870,-0.43890,-0.45530
2018-12-31,0.50400,0.11700,0.38700,10.25800,7.41200,17.67000,-17.28300,-0.11600,-17.39900,-17.39900,-17.39900,-17.39900,-16.70100,-17.28300,38.11500,38.11500,-0.42000,-0.42000,6.13530,0.40860,0.69100,76.78570,-3429.16700,-3429.16700,-3452.18300,-3452.18300,0.00690,0.53920,2.50750,35.89290,-48.49900,-48.49900,-23.82020,-28.68140,0.86410,-0.3796,-0.3931
2018-09-30,0.49800,0.11500,0.38300,9.68500,5.51400,15.19900,-14.81600,-0.19400,-15.01000,-15.01000,-15.01000,-15.01000,-14.24300,-14.81600,39.01800,39.01800,-0.38000,-0.38000,4.34690,0.15060,0.31120,76.90760,-2975.10100,-2975.10100,-3014.05600,-3014.05600,0.00710,1.12750,2.07500,43.37350,-32.97670,-32.97670,-21.36050,-28.00900,1.12320,-0.2535,-0.2646
2018-06-30,0.64800,0.15300,0.49500,8.74500,5.31400,14.05900,-13.56400,-0.24000,-13.80400,-13.80400,-13.80400,-13.80400,-12.99800,-13.56400,37.52400,37.52400,-0.37000,-0.37000,4.91400,0.17270,0.34180,76.38890,-2093.21000,-2093.21000,-2130.24700,-2130.24700,0.00920,1.16790,2.27370,39.58330,-30.18660,-30.18650,-19.59150,-24.97240,1.18850,-0.2999,-0.314
2018-03-31,0.34000,0.08000,0.26000,8.22700,5.48800,13.71500,-13.45500,-0.31000,-13.76500,-13.76500,-13.76500,-13.76500,-12.89000,-13.45500,34.79300,34.79300,-0.40000,-0.40000,4.90270,0.18300,0.34740,76.47060,-3957.35300,-3957.35300,-4048.53000,-4048.53000,0.00440,0.57550,2.00000,45.00000,-27.98680,-27.98670,-17.95010,-22.86620,1.31930,-0.35850,-0.36940
2017-12-31,0.48700,0.11300,0.37400,7.90800,5.18200,13.09000,-12.71600,-0.38600,-13.10200,-13.10200,-13.10200,-13.10200,-12.18800,-12.71600,28.81800,28.81800,-0.44000,-0.44000,3.22800,0.32290,0.68900,76.79670,-2611.08800,-2611.08900,-2690.34900,-2690.34900,0.00880,0.92620,2.15490,41.76590,-50.10900,-50.10900,-23.63660,-33.92720,0.88160,-0.3732,-0.3952
2017-09-30,0.52300,0.12500,0.39800,8.12600,7.46800,15.59400,-15.19600,-0.37100,-15.56700,-15.56700,-15.56700,-15.56700,-14.71400,-15.19600,29.08800,29.08800,-0.54000,-0.54000,4.79240,0.27930,0.49880,76.09940,-2905.54500,-2905.54500,-2976.48200,-2976.48200,0.00810,0.98430,1.88130,47.83940,-43.33560,-43.33560,-24.17270,-31.23020,1.22230,-0.4925,-0.562
2017-06-30,0.43800,0.10400,0.33400,8.11700,10.55600,18.67300,-18.33900,-0.35500,-18.69400,-18.69400,-18.69400,-18.69400,-17.97900,-18.33900,29.02600,29.02600,-0.64000,-0.64000,5.20400,0.24250,0.37100,76.25570,-4186.98600,-4186.98600,-4268.03700,-4268.03700,0.00550,1.15560,2.07580,43.35620,-38.92560,-38.92560,-23.46280,-29.48630,1.65290,-0.3584,-0.4933
2017-03-31,0.47500,0.11500,0.36000,6.72900,9.30300,16.03200,-15.67200,-0.35100,-16.02300,-16.02300,-16.02300,-16.02300,-15.40000,-15.67200,27.64400,27.64400,-0.58000,-0.58000,9.62060,0.20840,0.27730,75.78950,-3299.36800,-3299.36800,-3373.26300,-3373.26300,0.00520,1.19790,1.94670,46.23160,-25.07320,-25.07320,-17.66650,-19.84860,2.20860,-0.52730,-0.58710
2016-12-31,0.51100,0.12700,0.38400,7.32800,5.52800,12.85600,-12.47200,-0.35000,-12.82200,-12.82200,-12.82200,-12.82200,-12.20600,-12.47200,24.81600,24.81600,-0.51000,-0.51000,8.42140,0.21320,0.30080,75.14680,-2440.70500,-2440.70500,-2509.19800,-2509.19800,0.00680,1.12390,2.04400,44.03130,-24.65390,-24.65390,-17.10990,-19.39730,2.07830,-0.3083,-0.3359
2016-09-30,0.47700,0.11200,0.36500,5.68600,3.91700,9.60300,-9.23800,-0.35800,-9.59600,-9.59600,-9.59600,-9.59600,-9.00200,-9.23800,24.85400,24.85400,-0.39000,-0.39000,9.31990,0.15900,0.24960,76.51990,-1936.68800,-1936.68800,-2011.74000,-2011.74000,0.00580,0.88890,1.96300,45.84910,-15.40440,-15.40440,-11.65310,-12.95500,2.50380,-0.2924,-0.3272
2016-06-30,0.44100,0.10500,0.33600,6.97800,4.46500,11.44300,-11.10700,-0.33800,-11.44500,-11.44500,-11.44500,-11.44500,-10.85100,-11.10700,24.77000,24.77000,-0.46000,-0.46000,13.23790,0.15570,0.21940,76.19050,-2518.59400,-2518.59400,-2595.23800,-2595.23800,0.00490,0.70470,1.97760,45.51020,-16.24600,-16.24600,-12.73070,-13.71640,2.83810,-0.3955,-0.4052
2016-03-31,0.45800,0.09900,0.35900,7.07300,3.79500,10.86800,-10.50900,-0.33100,-10.84000,-10.84000,-10.84000,-10.84000,-10.20000,-10.50900,24.75200,24.75200,-0.44000,-0.44000,16.17480,0.15050,0.19170,78.38430,-2294.54100,-2294.54100,-2366.81200,-2366.81200,0.00460,0.77950,2.01760,44.60700,-13.52130,-13.52130,-10.79340,-11.48620,3.23800,-0.37390,-0.37910
2015-12-31,0.43600,0.09200,0.34400,6.88600,3.73300,10.61900,-10.27500,-0.36200,-10.63700,-10.63700,-10.63700,-10.63700,-9.97900,-10.27500,23.24400,23.24400,-0.44000,-0.44000,19.89270,0.14560,0.17050,78.89910,-2356.65200,-2356.65100,-2439.67900,-2439.67900,0.00400,0.68660,2.25910,39.83950,-11.87320,-11.87320,-9.64320,-10.14400,3.61970,-0.4358,-0.4595
2015-09-30,0.42900,0.09100,0.33800,8.26300,3.24900,11.51200,-11.17400,-0.35000,-11.52400,-11.52400,-11.52400,-11.52400,-10.83200,-11.17400,24.71400,24.71400,-0.47000,-0.47000,10.36560,0.08560,0.15310,78.78790,-2604.66200,-2604.66200,-2686.24700,-2686.24700,0.00360,0.61900,2.26980,39.65040,-11.66300,-11.66300,-9.65810,-10.66470,3.99550,-0.3209,-0.3182
2015-06-30,0.45900,0.08000,0.37900,6.74300,3.27100,10.01400,-9.63500,-0.37400,-10.00900,-10.00900,-10.00900,-10.00900,-9.42700,-9.63500,22.16700,22.16700,-0.45000,-0.45000,13.20390,0.08910,0.13790,82.57080,-2099.12900,-2099.12900,-2180.61000,-2180.61000,0.00350,0.55170,2.79880,32.15690,-9.17310,-9.17310,-7.73070,-8.35580,4.41410,-0.373,-0.4116
2015-03-31,0.42600,0.05600,0.37000,4.71900,2.76400,7.48300,-7.11300,-0.46500,-7.57800,-7.57800,-7.57800,-7.57800,-6.92200,-7.11300,21.36300,21.36300,-0.35000,-0.35000,9.61260,0.18850,0.28720,86.85450,-1669.71800,-1669.71800,-1778.87300,-1778.87300,0.00600,0.35440,1.21020,74.36620,-14.55270,-14.55270,-10.59910,-11.80980,2.43000,-0.32200,-0.33860
2014-12-31,0.50500,0.03000,0.47500,5.14800,2.87400,8.02200,-7.54700,-0.40700,-7.95400,-7.95400,-7.95400,-7.95400,-7.35900,-7.54700,10.65300,10.65300,2.34000,2.34000,12.96950,0.18710,0.25330,94.05940,-1494.45500,-1494.45600,-1575.04900,-1575.05000,0.00650,0.22560,1.53500,58.63370,-13.55120,-13.55120,-10.17230,-11.01560,2.75130,-0.9435,-1.0077
2014-09-30,0.14300,0.03200,0.11100,4.48200,2.40500,6.88700,-6.77600,-0.51800,-7.29400,-7.29400,-7.29400,-7.29400,-6.63700,-6.77600,15.16600,15.16600,-0.48000,-0.48000,24.34860,0.18380,0.22520,77.62240,-4738.46100,-4738.46100,-5100.69900,-5100.69900,0.00170,0.27350,2.64810,33.98600,-11.11860,-11.11860,-8.69600,-9.07460,3.07670,1.8231,1.9481
2014-06-30,0.09700,0.02000,0.07700,4.29200,1.73100,6.02300,-5.94600,-0.44600,-6.39200,-6.39200,-6.39200,-6.39700,-5.79500,-5.94600,3.04500,3.04500,-2.10000,-2.10000,5.03320,-0.24340,-0.21140,79.38150,-6129.89600,-6129.89600,-6589.69000,-6594.84500,0.00400,0.18350,1.59020,56.59790,9.20570,9.20570,-26.66220,11.44680,-22.19080,-1.3963,-1.4714
2014-03-31,0.02700,0.00900,0.01800,4.95800,1.88500,6.84300,-6.82500,-0.18300,-7.00800,-7.00800,-7.00800,-7.01400,-6.73200,-6.82500,2.86000,2.86000,-2.45000,-2.45000,,,,66.66670,-25277.78000,-25277.78000,-25955.56000,-25977.78000,,,,,,,,,,-1.40730,-1.51120
2013-12-31,,,,,,,,,,,,,,,,,,0.00000,,,,,,,,,,,,,,,,,,3.5015,3.5705
2013-09-30,,,,2.78400,0.65100,,-3.43500,-0.08700,-3.52200,-3.52200,-3.52200,-3.52700,-3.34300,-3.43500,2.62400,2.62400,-1.34000,-1.34000,,,,,,,,,,,,,,,,,,-1.0601,-1.1013
2013-06-30,,,,2.40400,0.58500,,-2.98900,-0.10100,-3.09000,-3.09000,-3.09000,-3.09900,-2.98900,-2.98900,2.59600,2.59600,-1.19000,-1.19000,,,,,,,,,,,,,,,,,,-2.4414,-2.4692
2012-12-31,,,,,,,,,,,,,,,,,,0.00000,,,,,,,,,,,,,,,,,,0,0
