Date,revenue,cost-goods-sold,gross-profit,research-development-expenses,selling-general-administrative-expenses,other-operating-income-expenses,operating-expenses,operating-income,total-non-operating-income-expense,pre-tax-income,total-provision-income-taxes,income-after-taxes,income-from-continuous-operations,income-from-discontinued-operations,net-income,ebitda,ebit,basic-shares-outstanding,shares-outstanding,eps-basic-net-earnings-per-share,eps-earnings-per-share-diluted,current-ratio,long-term-debt-capital,debt-equity-ratio,gross-margin,operating-margin,ebit-margin,pre-tax-profit-margin,net-profit-margin,asset-turnover,receiveable-turnover,days-sales-in-receivables,roe,return-on-tangible-equity,roa,roi,book-value-per-share,operating-cash-flow-per-share,free-cash-flow-per-share
2023-09-30,0.42900,0.18100,0.24800,2.18500,3.20000,0.43500,6.76100,-6.51300,0.02400,-6.48900,,-6.48900,-6.48900,,-6.68700,-11.03700,-6.51300,8.25600,8.25600,-0.81000,-0.81000,2.10590,,,57.80890,-1518.18200,-1518.18200,-1512.58700,-1558.74100,0.00530,0.22790,394.82520,-17.27540,34.05410,-7.95350,-17.27540,4.54690,-0.2327,-0.207
2023-06-30,0.46300,0.19100,0.27200,2.43500,4.33600,-1.79500,8.56600,-8.29400,-0.03900,-8.33300,,-8.33300,-8.33300,,-8.64400,-7.83700,-8.29400,8.09000,8.09000,-1.07000,-1.07000,2.73690,,,58.74730,-1791.36100,-1791.36100,-1799.78400,-1866.95500,0.00530,0.26980,333.56370,-19.11240,63.90830,-9.51910,-19.11240,5.29060,-0.4179,-0.4027
2023-03-31,0.29700,0.28700,0.01000,2.12700,4.10700,17.02400,-5.84000,5.85000,0.10900,5.95900,,5.95900,5.95900,-2.92600,3.03300,11.27200,5.85000,5.95750,5.96270,0.40000,0.40000,1.65940,,,3.36700,1969.69700,1969.69700,2006.39700,1021.21200,0.00360,0.15620,576.06070,15.70930,-31.81870,7.19690,15.70930,6.36040,-1.62210,-1.62210
2022-12-31,0.27400,0.30100,-0.02700,1.37800,5.42100,13.86200,11.62100,-11.64800,-0.36900,-12.01700,,-12.01700,-12.01700,-32.96100,-45.13200,8.31400,-11.64800,5.54000,5.54000,-7.90000,-7.90000,2.10940,,,-9.85400,-4251.09400,-4251.09500,-4385.76500,-16471.53000,0.00270,0.13620,660.87590,-35.04320,43.95230,-12.00610,-35.04320,5.78080,-2.169,-2.3559
2022-09-30,0.06700,0.33600,-0.26900,1.47200,6.10700,6.14200,1.43700,-1.70600,-0.11200,-1.81800,,-1.81800,-1.81800,-7.51500,-9.62700,-0.33800,-1.70600,5.93100,5.93100,-1.62000,-1.62000,2.82860,,,-401.49250,-2546.26900,-2546.26900,-2713.43300,-14368.66000,0.00040,0.03370,2673.13400,-2.36540,6.02150,-1.15540,-2.36540,12.95860,-1.7173,-1.8398
2022-06-30,0.23700,0.20600,0.03100,2.44400,5.57200,6.35900,1.65700,-1.62600,0.26200,-1.36400,,-1.36400,-1.36400,-6.93600,-8.37200,-0.26200,-1.62600,5.65200,5.65200,-1.48000,-1.48000,3.48790,,0.00690,13.08020,-686.07590,-686.07590,-575.52740,-3532.49000,0.00140,0.13150,684.30380,-1.63860,5.50400,-0.79740,-1.63860,14.03650,-1.4603,-1.5958
2022-03-31,0.38000,0.13300,0.24700,2.00700,5.91300,4.65600,3.26400,-3.01700,-0.39600,-3.41300,,-3.41300,-3.41300,-6.87800,-10.29100,-1.79500,-3.01700,4.61220,4.61220,-2.20000,-2.20000,1.76450,,0.01660,65.00000,-793.94710,-793.94710,-898.15800,-2708.15800,0.00260,0.17910,502.57890,-5.99120,6.55920,-2.33330,-5.99120,12.35100,-2.87870,-3.21720
2021-12-31,-1.94000,-4.54100,2.60100,-4.00500,-3.20700,-25.00600,17.79400,-15.19300,-0.10800,-15.30100,0.09700,-15.39800,-15.39800,,-35.88500,-13.93100,-15.19300,4.44600,4.44600,-8.00000,-8.00000,2.77220,,0.02010,-134.07220,783.14430,783.14420,788.71140,1849.74300,-0.01220,-1.35000,-66.66500,-23.61040,101.38270,-9.65010,-23.61040,14.14200,-1.769,-1.8707
2021-09-30,0.98400,1.85000,-0.86600,3.14200,8.42600,-1.17000,12.73800,-13.60400,-0.19600,-13.80000,,-13.80000,-13.80000,,-13.80000,-12.34600,-13.60400,4.57270,4.57270,-3.00000,-3.00000,3.55770,0.00180,0.01690,-88.00810,-1382.52000,-1382.52000,-1402.43900,-1402.43900,0.00580,0.95350,94.39020,-13.89040,116.89970,-8.19760,-13.86560,21.56060,-2.328,-2.4081
2021-06-30,2.03000,2.42400,-0.39400,2.53700,10.60700,-0.03000,13.17400,-13.56800,1.28100,-12.28700,-1.79400,-10.49300,-10.49300,,-10.49300,-12.27400,-13.56800,4.48790,4.48790,-2.40000,-2.40000,2.52820,0.00520,0.02710,-19.40890,-668.37450,-668.37450,-605.27090,-516.89660,0.01140,1.98050,45.44340,-10.22050,68.65800,-5.91550,-10.16700,22.73480,-1.5917,-1.7103
2021-03-31,1.12400,1.04500,0.07900,3.36100,7.01800,-1.06000,11.43900,-11.36000,-0.12300,-11.48300,-7.56400,-3.91900,-3.91900,,-3.91900,-10.91300,-11.36000,4.10620,4.10620,-1.00000,-1.00000,6.48610,0.00880,0.03320,7.02850,-1010.67600,-1010.67600,-1021.61900,-348.66550,0.00870,1.59890,56.29000,-3.67540,-7.92550,-3.03080,-3.64290,23.98450,-2.39520,-2.60020
2020-12-31,0.50200,0.71600,-0.21400,1.80100,5.28300,1.03000,6.05400,-6.26800,-0.20000,-6.46800,-0.15900,-6.30900,-6.30900,,-6.30900,-6.97700,-6.26800,3.27390,3.27390,-1.80000,-1.80000,1.02560,0.04310,0.11640,-42.62950,-1248.60600,-1248.60600,-1288.44600,-1256.77300,0.00910,2.47290,36.39440,-18.84240,-67.93370,-11.38420,-18.03040,9.68880,-2.0361,-2.0953
2020-09-30,0.55500,0.60100,-0.04600,2.61500,6.56300,2.98000,6.19800,-6.24400,-0.53900,-6.78300,,-6.78300,-6.78300,,-6.78300,-5.13900,-6.24400,3.36240,3.36240,-2.00000,-2.00000,1.34580,0.14620,0.23080,-8.28830,-1125.04500,-1125.04500,-1222.16200,-1222.16200,0.00960,1.51640,59.35140,-19.58200,-65.08970,-11.74020,-16.71840,10.30140,-1.6976,-1.8506
2020-06-30,0.14300,0.36500,-0.22200,3.22500,5.32100,,8.54600,-8.76800,-0.34000,-9.10800,,-9.10800,-9.10800,,-9.10800,-8.54400,-8.76800,3.29170,3.29170,-2.80000,-2.80000,2.69580,0.06210,0.10370,-155.24480,-6131.46900,-6131.46900,-6369.23000,-6369.23000,0.00230,1.81010,49.72030,-23.00410,-59.32390,-14.35350,-21.57530,11.78050,-1.9662,-2.1144
2020-03-31,0.01600,0.17300,-0.15700,2.15900,6.11500,,8.27400,-8.43100,-0.39600,-8.82700,-1.09500,-7.73200,-7.73200,,-7.73200,-8.13300,-8.43100,3.07300,3.07300,-2.60000,-2.60000,2.61820,0.04100,0.08370,-981.24990,-52693.74000,-52693.74000,-55168.74000,-48325.00000,0.00030,1.23080,73.12500,-21.11130,-62.54150,-12.99430,-20.24610,11.72300,-2.23560,-2.25000
2019-12-31,,,,2.31800,5.20500,,,-7.52300,-0.43100,-7.95400,,-7.95400,-7.95400,,-7.95400,-7.41200,-7.52300,2.56480,2.56480,-3.20000,-3.20000,5.17030,0.05820,0.09830,,,,,,,,,-25.79290,-25.79290,-19.95530,-24.29220,10.81430,-2.142,-2.493
2019-09-30,,,,1.62500,3.63200,,,-5.25700,0.03200,-5.22500,,-5.22500,-5.22500,,-5.22500,-5.15500,-5.25700,2.59870,2.59870,-2.00000,-2.00000,6.66350,0.01320,0.04170,,,,,,,,,-17.81150,-17.81150,-15.94450,-17.57660,11.28860,-1.8667,-1.8667
2019-06-30,,,,1.50800,3.95400,,,-5.46200,0.07900,-5.38300,,-5.38300,-5.38300,,-5.38300,-5.35900,-5.46200,2.59870,2.59870,-2.00000,-2.00000,9.12680,0.00300,0.03320,,,,,,,,,-16.06630,-16.06630,-14.29140,-16.01850,12.89320,-0.7977,-0.8016
2019-03-31,,,,1.34300,2.65400,,,-3.99700,0.13300,-3.86400,,-3.86400,-3.86400,,-3.86400,-3.86600,-3.99700,2.33240,2.33240,-1.60000,-1.60000,12.82230,0.00760,0.03660,,,,,,,,,-10.11860,-10.11860,-9.27130,-10.04160,14.69490,-2.88040,-2.88340
2018-12-31,,,,1.20400,2.84300,,,-4.04700,-0.45300,-4.50000,,-4.50000,-4.50000,,-4.50000,-3.90200,-4.04700,1.89250,1.89250,-2.20000,-2.20000,1.55400,0.13500,0.50220,,,,,,,,,-131.46380,-131.46360,-47.27880,-113.72250,1.68360,-1.5848,-1.5857
2018-09-30,,,,1.52700,1.49600,,,-3.02300,0.05200,-2.97100,,-2.97100,-2.97100,,-2.97100,-2.88600,-3.02300,2.01140,2.01140,-1.40000,-1.40000,2.57540,0.09210,0.27040,,,,,,,,,-39.49220,-39.49220,-23.02210,-35.85570,3.70010,-1.1036,-1.1076
2018-06-30,,,,2.32200,1.90400,,,-4.22600,-0.27900,-4.50500,,-4.50500,-4.50500,,-4.50500,-3.41500,-4.22600,1.93540,1.93540,-2.40000,-2.40000,2.54270,0.11220,0.28850,,,,,,,,,-65.80480,-65.80490,-36.93830,-58.42300,3.47440,-1.7288,-1.737
2018-03-31,,,,1.46100,2.44500,,,-3.90600,0.12800,-3.77800,,-3.77800,-3.77800,,-3.77800,-3.72000,-3.90600,1.58380,1.58380,-2.40000,-2.40000,2.57070,0.10810,0.24820,,,,,,,,,-41.87540,-45.32150,-24.24590,-37.35050,4.77130,-1.73820,-1.74140
2017-12-31,,,,1.50700,2.38600,,,-3.89300,-0.06800,-3.96100,,-3.96100,-3.96100,,-3.96100,-3.70500,-3.89300,1.50980,1.50980,-2.60000,-2.60000,1.91470,0.23590,0.56710,,,,,,,,,-89.96130,-108.31280,-38.77250,-68.74350,2.79980,-2.3753,-2.3806
2017-09-30,,,,1.83600,4.99900,,,-6.83500,-0.07100,-6.90600,,-6.90600,-6.90600,,-6.90600,-6.65500,-6.83500,1.54710,1.54710,-4.40000,-4.40000,2.69230,0.16270,0.32320,,,,,,,,,-85.81010,-95.37360,-48.46660,-71.84770,5.12330,-2.02,-2.0376
2017-06-30,,,,1.99700,1.59200,,,-3.58900,-0.21500,-3.80400,,-3.80400,-3.80400,,-3.80400,-3.42500,-3.58900,1.46990,1.46990,-2.60000,-2.60000,2.19140,0.24360,0.46920,,,,,,,,,-67.45880,-79.71500,-31.33190,-51.02620,3.82050,-2.1987,-2.225
2017-03-31,,,,1.83400,2.69800,,,-4.53200,-0.17200,-4.70400,,-4.70400,-4.70400,,-4.70400,-4.40100,-4.53200,1.44830,1.44830,-3.20000,-3.20000,2.95710,0.17430,0.27210,,,,,,,,,-53.61910,-59.95410,-31.00040,-44.27290,5.97470,-2.27170,-2.28280
2016-12-31,,,,1.43000,1.66400,,,-3.09400,-0.00800,-3.10200,,-3.10200,-3.10200,,-3.10200,-2.99000,-3.09400,1.32650,1.32650,-2.00000,-2.00000,2.96980,0.03050,0.05190,,,,,,,,,-31.45400,-34.95600,-21.47160,-30.49550,6.86360,-1.8997,-1.9653
2016-09-30,,,,1.36300,1.21900,,,-2.58200,-0.01300,-2.59500,,-2.59500,-2.59500,,-2.59500,-2.47400,-2.58200,1.32800,1.32800,-2.00000,-2.00000,3.85130,0.01640,0.03030,,,,,,,,,-20.46370,-22.30910,-15.39150,-20.12880,8.84400,-0.6453,-0.6517
2016-06-30,,,,1.19500,1.33700,,,-2.53200,-0.01100,-2.54300,,-2.54300,-2.54300,,-2.54300,-2.42800,-2.53200,1.27140,1.27140,-2.00000,-2.00000,2.11800,0.05180,0.09340,,,,,,,,,-56.92860,-75.72960,-34.25380,-53.98010,3.51300,-1.4192,-1.4153
2016-03-31,,,,1.68900,1.24300,,,-2.93200,0.00400,-2.92800,,-2.92800,-2.92800,,-2.92800,-2.86100,-2.93200,1.26980,1.26980,-2.40000,-2.40000,2.86950,,,,,,,,,,,-42.46560,-51.13520,-30.35140,-42.46560,5.42660,-1.70660,-1.71840
2015-12-31,,,,1.44000,2.12100,,,-3.56100,0.00100,-3.55500,0.00000,-3.55500,-3.53900,0.00000,-3.53900,-3.49400,-3.56100,1.22930,1.22930,-2.80000,-2.80000,4.72130,,,,,,,,,,,-33.97330,-38.52180,-27.79830,-33.97330,8.20530,-1.016,-1.4123
2015-09-30,,,,1.09400,1.31200,,,-2.40600,-0.01000,-2.41600,,-2.41600,-2.41600,,-2.41600,-2.33500,-2.40600,1.04850,1.04850,-2.40000,-2.40000,,,,,,,,,,,,,,,,,-1.3338,-1.3339
2015-06-30,,,,0.88600,0.51900,,,-1.40500,-0.00600,-1.41100,,-1.41100,-1.41100,,-1.41100,-1.33500,-1.40500,1.06000,1.06000,-1.40000,-1.40000,,,,,,,,,,,,,,,,,-0.9028,-0.9011
2015-03-31,,,,1.11700,0.25000,,,-1.36700,-0.00200,-1.36900,,-1.36900,-1.36900,,-1.36900,-1.29500,-1.36700,0.91000,0.91000,-1.60000,-1.60000,,,,,,,,,,,,,,,,,-0.18020,-0.19230
2014-12-31,,,,,,,,,,,,,,,,,,,,,0.00000,,,,,,,,,,,,,,,,,0,0
2013-12-31,,,,,,,,,,,,,,,,,,,,,0.00000,,,,,,,,,,,,,,,,,0,0
