Date,revenue,cost-goods-sold,gross-profit,selling-general-administrative-expenses,other-operating-income-expenses,operating-expenses,operating-income,total-non-operating-income-expense,pre-tax-income,total-provision-income-taxes,income-after-taxes,income-from-continuous-operations,net-income,ebitda,ebit,basic-shares-outstanding,shares-outstanding,eps-basic-net-earnings-per-share,eps-earnings-per-share-diluted,current-ratio,long-term-debt-capital,debt-equity-ratio,gross-margin,operating-margin,ebit-margin,pre-tax-profit-margin,net-profit-margin,asset-turnover,receiveable-turnover,days-sales-in-receivables,roe,return-on-tangible-equity,roa,roi,book-value-per-share,operating-cash-flow-per-share,free-cash-flow-per-share
2024-03-31,1460.07300,30.71000,1429.36300,750.09600,-208.31000,1042.93700,386.42600,6.45600,392.88200,100.57800,292.30400,292.30400,292.30400,470.96000,386.42600,217.59400,218.80800,1.34000,1.34000,2.29480,0.01340,0.01820,97.89670,26.46620,26.46620,26.90840,20.01980,0.25840,2.41920,37.20200,6.64080,6.64080,5.17230,6.55150,20.22820,1.93730,1.39820
2023-12-31,1495.55000,31.47000,1464.08000,742.98000,-215.44000,1043.06900,421.01110,4.31400,425.32500,102.51000,322.81500,322.81500,322.81500,505.66310,421.01100,218.84200,220.18000,1.47500,1.47000,2.09920,0.01390,0.01880,97.89570,28.15090,28.15090,28.43940,21.58500,0.27130,2.43050,37.02920,7.58170,7.58170,5.85620,7.47640,19.53740,1.9714,1.6168
2023-09-30,1515.27700,30.83500,1484.44200,738.18800,-217.18000,1039.42300,445.01890,1.35700,446.37600,107.08900,339.28700,339.28700,339.28700,529.07790,445.01890,218.38600,219.67000,1.55500,1.54500,1.72760,0.01450,0.01970,97.96510,29.36880,29.36880,29.45840,22.39110,0.28600,2.28300,39.42210,8.35040,8.35040,6.40300,8.22890,18.60760,1.9646,1.1958
2023-06-30,1413.18900,28.59600,1384.59300,710.95200,-202.26300,992.99900,391.59390,0.33200,391.92600,99.56400,292.36200,292.36200,292.36200,471.38100,391.59390,219.04200,220.39800,1.33500,1.32500,1.45250,0.01540,0.02090,97.97650,27.71000,27.71000,27.73340,20.68810,0.28380,2.48470,36.22100,7.62940,7.62940,5.87200,7.51190,17.52400,1.3142,0.2329
2023-03-31,1442.13600,30.61500,1411.52100,723.44000,-229.08500,1028.47200,383.04900,1.10000,384.14900,99.11100,285.03800,285.03800,285.03800,458.99990,383.04900,219.91200,221.35800,1.30000,1.29000,1.57490,0.02090,0.02670,97.87710,26.56120,26.56120,26.63750,19.76500,0.29090,2.48700,36.18880,7.60810,7.60810,5.75010,7.44910,17.05570,1.87640,0.86250
2022-12-31,1491.65900,28.47700,1463.18200,717.81590,-243.08400,1032.95300,430.22910,1.77300,432.00190,108.07300,323.92890,323.92890,323.92900,502.28610,430.22920,224.68200,226.15600,1.46500,1.46000,1.76250,0.02140,0.02740,98.09090,28.84230,28.84230,28.96120,21.71600,0.30830,2.46500,36.51080,8.86770,8.86770,6.69470,8.67770,16.57060,1.5568,0.3853
2022-09-30,1603.69000,34.45300,1569.23700,751.79700,-253.01300,1073.15700,496.08000,-0.01500,496.06500,118.66400,377.40100,377.40100,377.40100,564.43100,496.08000,223.13800,224.59000,1.69000,1.68000,1.73810,0.02200,0.02810,97.85160,30.93370,30.93370,30.93270,23.53330,0.33330,2.45290,36.69130,10.60660,10.60660,7.84390,10.37350,16.03430,2.3376,1.5155
2022-06-30,1667.44800,42.68100,1624.76700,776.08800,-271.66400,1116.06200,508.70510,-0.49200,508.21300,132.13500,376.07800,376.07800,376.07800,577.01910,508.70510,226.15800,227.61000,1.66500,1.65000,1.92480,0.02200,0.02810,97.44030,30.50800,30.50800,30.47850,22.55410,0.34780,2.37740,37.85610,10.57640,10.57640,7.84500,10.34380,15.84090,1.8977,0.923
2022-03-31,1497.28000,52.50000,1444.78000,745.38900,-226.43300,1039.16200,405.61800,-0.54900,405.06900,105.31800,299.75100,299.75100,299.75100,472.96200,405.61800,228.83800,230.34600,1.31000,1.30000,2.21390,0.02770,0.02850,96.49360,27.09030,27.09030,27.05370,20.01970,0.31700,2.19740,40.95760,8.55620,8.55620,6.34710,8.31890,15.39770,1.68760,1.32610
2021-12-31,1410.35800,55.10700,1355.25100,721.69620,-194.27500,982.76000,372.49080,-0.71500,371.77600,92.97000,278.80600,278.80600,278.80600,439.28380,372.49090,231.30200,232.81800,1.21000,1.20500,2.98080,0.02640,0.02720,96.09270,26.41110,26.41110,26.36040,19.76850,0.29250,2.35410,38.23090,7.57660,7.57660,5.78250,7.37630,15.99760,1.4524,0.7493
2021-09-30,1400.04600,52.03700,1348.00900,718.90200,-180.53700,964.59900,383.41000,-0.45900,382.95100,96.31700,286.63400,286.63400,286.63400,448.57400,383.41000,230.82200,232.32400,1.24000,1.23500,2.39360,0.02840,0.02920,96.28320,27.38550,27.38550,27.35280,20.47320,0.30350,2.14060,42.04460,8.38140,8.38140,6.21350,8.14340,14.86770,1.5756,0.8176
2021-06-30,1319.40900,43.92700,1275.48200,674.65800,-170.83300,909.43800,366.04410,-1.65600,364.38800,94.81200,269.57600,269.57600,269.57600,429.99510,366.04410,231.64200,233.12200,1.16500,1.15500,2.72010,0.02850,0.02940,96.67070,27.74300,27.74300,27.61750,20.43160,0.29100,2.19880,40.93120,7.92320,7.92320,5.94510,7.69710,14.68950,0.8572,0.2242
2021-03-31,1126.51500,34.71400,1091.80100,602.73500,-155.42200,822.14400,269.65700,-0.34900,269.30800,69.94900,199.35900,199.35900,199.35900,333.64800,269.65700,232.99600,234.51200,0.85500,0.85000,2.38050,0.03040,0.03130,96.91850,23.93730,23.93730,23.90630,17.69700,0.25890,2.22770,40.39980,6.24570,6.24570,4.58100,6.05610,13.76240,1.32320,1.13860
2020-12-31,1073.38900,32.75900,1040.63000,590.50200,-130.72000,786.32800,254.30190,-0.97900,253.32300,63.49100,189.83200,189.83200,189.83200,319.41190,254.30180,235.47400,236.98600,0.80500,0.80500,3.33220,0.02920,0.03000,96.94810,23.69150,23.69150,23.60030,17.68530,0.24570,2.36310,38.08500,5.70700,5.70700,4.34460,5.54060,14.20790,1.0266,0.7837
2020-09-30,1058.16600,25.40500,1032.76100,577.34200,-120.19200,762.51710,270.24400,-1.90900,268.33500,66.46700,201.86800,201.86800,201.86800,335.23100,270.24400,234.37600,235.86600,0.86000,0.85500,2.53400,0.03060,0.04570,97.59910,25.53890,25.53890,25.35850,19.07720,0.24760,2.28580,39.37300,6.36640,6.40570,4.72350,6.17190,13.51230,0.7297,0.535
2020-06-30,896.21000,18.98300,877.22710,509.87100,-102.45500,678.06100,199.16600,-0.16100,199.00500,51.20000,147.80500,147.80500,147.80500,264.90100,199.16600,235.22000,236.72000,0.63000,0.62500,1.96000,0.03240,0.04860,97.88190,22.22310,22.22310,22.20520,16.49220,0.21970,2.26440,39.74590,4.95580,4.98830,3.62260,4.79510,12.70920,1.3292,1.0441
2020-03-31,987.36400,20.80000,966.56400,580.95200,-137.00700,783.39400,183.17000,-2.46900,180.70100,47.52400,133.17700,133.17700,133.17700,248.60500,183.17000,238.10000,239.61200,0.56000,0.55500,1.94030,,0.01490,97.89340,18.55140,18.55140,18.30140,13.48810,0.25090,2.30900,38.97770,4.41560,4.44430,3.38440,4.41560,12.76540,0.85150,0.64000
2019-12-31,1009.20600,21.41800,987.78780,593.70900,-141.27100,799.52440,188.26340,1.33000,189.59400,45.57000,144.02390,144.02390,144.02400,252.80740,188.26350,240.82800,241.22000,0.60000,0.59500,2.36780,0.01440,0.01460,97.87770,18.65460,18.65460,18.78650,14.27100,0.25260,2.47250,36.39980,4.67500,4.67500,3.60460,4.60770,12.88650,0.9637,0.5326
2019-09-30,1048.45700,23.06300,1025.39400,597.91400,-146.46000,807.86700,217.52700,0.86700,218.39400,54.29500,164.09900,164.09900,164.09900,281.02000,217.52700,239.64000,239.96800,0.68500,0.68500,2.03340,0.01520,0.01550,97.80030,20.74740,20.74740,20.83000,15.65150,0.26940,2.39330,37.60460,5.64010,5.67800,4.21590,5.55420,12.14060,1.206,0.6226
2019-06-30,1060.66600,24.46800,1036.19800,587.34400,-151.79400,801.70900,234.48900,1.08500,235.57400,61.50200,174.07200,174.07200,174.07200,297.06000,234.48900,241.56600,241.93600,0.72000,0.72000,1.92030,0.01580,0.01610,97.69320,22.10770,22.10770,22.21000,16.41160,0.28220,2.31510,38.87470,6.22020,6.26380,4.63120,6.12180,11.64010,1.0621,0.4026
2019-03-31,990.78200,20.68700,970.09500,578.16800,-150.42800,791.66900,178.42600,1.96100,180.38700,47.06400,133.32300,133.32300,133.32300,241.49900,178.42600,243.10000,243.43000,0.55000,0.55000,2.18870,0.01600,0.01620,97.91210,18.00860,18.00860,18.20650,13.45630,0.26750,2.17600,41.36120,4.81250,4.84650,3.59940,4.73550,11.39060,0.84700,0.55750
2018-12-31,1026.94400,22.86000,1004.08400,565.96200,-156.72200,785.23880,218.84500,-1.49400,217.35100,57.89200,159.45900,159.45900,159.45900,281.40000,218.84500,245.77000,246.06000,0.65170,0.64670,1.97970,0.01650,0.01680,97.77400,21.31030,21.31030,21.16480,15.52750,0.28970,2.19310,41.03770,5.94890,5.99240,4.49780,5.85070,10.99940,0.9117,0.4462
2018-09-30,1058.23300,25.37300,1032.86000,590.88000,-155.50900,804.47500,228.38500,0.81900,229.20400,55.76200,173.44200,173.44200,173.44200,286.47100,228.38500,245.65500,245.92800,0.70670,0.70670,1.92110,0.01690,0.01720,97.60230,21.58170,21.58170,21.65910,16.38980,0.30330,2.19460,41.01050,6.62770,6.67730,4.97070,6.51560,10.65290,1.0236,0.3101
2018-06-30,1033.49800,26.04400,1007.45400,576.00700,-154.73100,786.97300,220.48100,0.99100,221.47200,58.03800,163.43400,163.43400,163.43400,276.71600,220.48100,246.20400,246.51000,0.66330,0.66330,1.76760,0.01780,0.01810,97.48000,21.33350,21.33350,21.42940,15.81370,0.31120,2.22600,40.43080,6.58460,6.63670,4.92110,6.46740,10.07990,0.8678,0.0899
2018-03-31,925.02000,21.74000,903.28000,557.73500,-142.72400,753.94000,149.34000,-1.85400,147.48600,38.15300,109.33300,109.33300,109.33300,202.82100,149.34000,246.76040,247.06810,0.44330,0.44330,1.78240,0.01870,0.01910,97.64980,16.14450,16.14450,15.94410,11.81950,0.29420,2.21050,40.71550,4.63520,4.67380,3.47750,4.54840,9.55530,0.85500,0.44940
2017-12-31,891.11700,23.15100,867.96600,530.49600,-140.92000,724.50930,143.45670,0.40700,143.86400,-53.38600,197.25000,197.25000,197.25000,196.54970,143.45700,246.92400,247.22100,0.79670,0.80000,1.66540,0.01940,0.04170,97.40200,16.09850,16.09860,16.14420,22.13510,0.29040,2.14320,41.99260,8.66330,8.73800,6.42840,8.49540,9.21330,0.5993,0.2328
2017-09-30,872.98700,22.73900,850.24800,514.34900,-120.09000,686.37290,163.87510,0.65000,164.52500,62.21100,102.31400,102.31400,102.31400,215.80910,163.87510,246.85890,247.14280,0.41330,0.41330,1.44270,0.02110,0.04550,97.39530,18.77180,18.77180,18.84620,11.72000,0.29530,2.18580,41.17450,4.90240,4.94860,3.46100,4.79890,8.44510,0.6055,0.2074
2017-06-30,839.91200,20.86000,819.05200,494.63000,-113.54100,658.62000,160.43190,-0.14200,160.29000,61.87200,98.41800,98.41800,98.41800,210.88100,160.43190,246.95590,247.28390,0.40000,0.39670,1.29090,0.02210,0.04770,97.51640,19.10100,19.10100,19.08410,11.71770,0.29570,2.26880,39.66840,4.93820,4.98690,3.46520,4.82920,8.06340,0.5165,0.0079
2017-03-31,754.09600,17.99700,736.09900,462.68100,-115.00900,627.97700,108.12200,-0.96900,107.15300,41.36100,65.79200,65.79200,65.79200,158.40900,108.12200,247.04710,247.33340,0.26670,0.26670,1.26970,0.02300,0.04980,97.61340,14.33800,14.33800,14.20950,8.72460,0.27470,2.23180,40.32670,3.44580,3.48120,2.39680,3.36640,7.71780,0.44800,0.22500
2016-12-31,745.73800,18.47200,727.26600,457.09410,-107.15100,613.81910,113.44690,-2.12600,111.32100,42.81000,68.51100,68.51100,68.51100,163.02090,113.44700,249.33600,249.46200,0.27670,0.27670,1.32560,0.05370,0.05670,97.52300,15.21270,15.21270,14.92760,9.18700,0.27660,2.22950,40.36810,3.70100,3.74030,2.54100,3.50240,7.48700,0.6163,0.3782
2016-09-30,782.61100,18.90700,763.70400,471.34800,-105.91100,626.30000,137.40400,-1.12700,136.27700,50.69600,85.58100,85.58100,85.58100,186.44500,137.40400,248.22600,248.43300,0.34330,0.34330,1.44680,0.09720,0.10770,97.58410,17.55710,17.55710,17.41310,10.93530,0.29150,2.28280,39.42480,4.77180,4.82420,3.18810,4.30790,7.23940,0.4826,0.2571
2016-06-30,755.43500,18.17600,737.25900,453.54200,-103.80100,603.82300,133.43600,-1.31200,132.12400,50.73600,81.38800,81.38800,81.38800,179.91600,133.43600,250.06200,250.14300,0.32670,0.32670,1.27630,0.11140,0.12540,97.59400,17.66350,17.66350,17.48980,10.77370,0.28400,2.30670,39.01710,4.67270,4.72550,3.05990,4.15220,6.98700,0.4999,-0.1949
2016-03-31,707.73300,18.49600,689.23700,446.35700,-98.56000,589.68900,99.54800,-1.68300,97.86500,37.58000,60.28500,60.28500,60.28500,144.32000,99.54800,251.94910,251.94910,0.24000,0.24000,1.10020,0.05540,0.07370,97.38660,14.06580,14.06580,13.82800,8.51800,0.28140,2.23820,40.21060,3.54560,3.58670,2.39660,3.34920,6.77540,0.66840,0.19370
2015-12-31,734.57180,23.15300,711.41880,445.86800,-107.40600,597.49680,113.92190,-1.96500,111.95700,39.73300,72.22400,72.22400,72.22400,158.14490,113.92200,256.13540,256.13540,0.28330,0.28330,1.33750,0.05990,0.07940,96.84810,15.50860,15.50860,15.24110,9.83210,0.29780,2.12890,42.27540,4.28720,4.33730,2.92820,4.03050,6.65240,0.7068,0.338
2015-09-30,779.47400,30.29700,749.17700,454.23800,-112.52400,609.32300,139.85400,-2.99600,136.85800,52.49000,84.36800,84.36800,84.36800,182.41500,139.85400,255.74100,255.74100,0.33000,0.33000,1.19780,0.05450,0.11250,96.11320,17.94210,17.94210,17.55770,10.82370,0.31500,2.17850,41.31200,5.12120,5.18250,3.40950,4.84200,6.46300,0.4672,-0.0137
2015-06-30,762.15100,32.70200,729.44900,431.85100,-116.92800,588.55000,140.89900,-1.52700,139.37200,53.79800,85.57400,85.57400,85.57400,180.67000,140.89900,257.16900,257.18100,0.33330,0.33330,1.41090,0.06870,0.09150,95.70920,18.48700,18.48700,18.28670,11.22800,0.32050,2.24310,40.12340,5.34920,5.41500,3.59850,4.98170,6.23640,0.3193,-0.267
2015-03-31,696.24500,30.14800,666.09700,413.42100,-110.32300,562.53200,103.56500,-1.73500,101.83000,39.30600,62.52400,62.52400,62.52400,142.35300,103.56500,257.91300,257.91300,0.24330,0.24330,1.55400,0.07250,0.09630,95.66990,14.87480,14.87480,14.62560,8.98020,0.29750,2.14130,42.03050,4.05140,4.10320,2.67150,3.75780,5.98760,0.66920,0.39660
2014-12-31,721.04800,32.42900,688.61900,409.56990,-127.20500,576.32110,112.29790,-1.94900,110.34900,40.48000,69.86900,69.86900,69.86900,151.84390,112.29790,258.48600,258.48600,0.27000,0.27000,1.57950,0.07430,0.10420,95.50250,15.57430,15.57430,15.30400,9.68990,0.32670,2.07260,43.42430,4.67640,4.73820,3.16600,4.32880,5.78460,0.4398,0.2335
2014-09-30,743.58600,34.59000,708.99600,412.01900,-133.00800,582.73400,126.26200,-2.39500,123.86700,45.95800,77.90900,77.90900,77.90900,163.96900,126.26200,258.49500,258.49500,0.30000,0.30000,1.37680,0.09390,0.12860,95.34820,16.98020,16.98020,16.65810,10.47750,0.33980,2.25680,39.87880,5.44920,5.52440,3.55990,4.93740,5.53100,0.3727,0.0161
2014-06-30,702.98700,33.15700,669.83000,381.47900,-130.53500,547.13500,122.69500,-1.63100,121.06400,47.21500,73.84900,73.84900,73.84900,157.81600,122.69500,258.49500,258.49500,0.28670,0.28670,1.28500,0.10820,0.14770,95.28340,17.45340,17.45340,17.22140,10.50500,0.33100,2.29580,39.20190,5.46290,5.54270,3.47680,4.87190,5.22960,0.3176,-0.1565
2014-03-31,620.27600,29.13600,591.14000,351.65200,-125.34400,511.08800,80.05200,-2.81800,77.23400,31.34700,45.88700,45.88700,45.88700,114.14400,80.05200,258.49500,258.49500,0.17670,0.17670,1.32530,0.10190,0.14140,95.30270,12.90590,12.90590,12.45160,7.39780,0.30530,2.14950,41.87090,3.59060,3.64610,2.25850,3.22470,4.94390,0.38520,0.08430
2013-12-31,592.47000,27.57500,564.89500,338.45900,-115.78400,488.04990,76.84510,-1.77400,75.07100,27.91500,47.15600,47.15600,47.15600,110.65210,76.84500,258.49500,258.49500,0.18000,0.18000,1.43450,0.11220,0.15540,95.34570,12.97030,12.97030,12.67090,7.95920,0.30660,2.29380,39.23650,3.82730,3.88880,2.44070,3.39790,4.76640,0.3764,0.1267
2013-09-30,616.45800,28.50000,587.95800,342.02100,-114.94700,489.88200,98.07600,-2.82300,95.25300,35.10400,60.14900,60.14900,60.14900,130.99000,98.07600,258.49500,258.49500,0.23330,0.23330,1.33950,0.12400,0.17390,95.37680,15.90960,15.90960,15.45170,9.75720,0.32370,2.23770,40.21940,5.07620,5.16100,3.15800,4.44680,4.58390,0.385,0.1061
2013-06-30,590.30400,27.02100,563.28300,322.09600,-113.09700,465.71000,97.57300,-2.69500,94.87800,36.62300,58.25500,58.25500,58.25500,128.09000,97.57300,258.49500,258.49500,0.22670,0.22670,1.18660,0.14480,0.20340,95.42250,16.52930,16.52930,16.07270,9.86860,0.31830,2.17950,41.29380,5.17920,5.27040,3.14090,4.42950,4.35130,0.3494,-0.121
2013-03-31,538.41600,23.33900,515.07700,306.32700,-112.97200,449.13300,65.94400,-2.46000,63.48400,22.93100,40.55300,40.55300,40.55300,95.77800,65.94400,258.49500,258.49500,0.15670,0.15670,1.27870,0.14490,0.20570,95.66530,12.24780,12.24780,11.79090,7.53190,0.30570,2.15090,41.84220,3.80240,3.87300,2.30260,3.25140,4.12590,0.24580,0.14470
2012-12-31,539.47610,29.44700,510.02910,299.82700,-112.73800,442.51300,67.51610,-3.23700,64.27900,24.79800,39.48100,39.48100,39.48100,97.46410,67.51610,258.49500,258.49500,0.15330,0.15330,1.22160,0.16410,0.23430,94.54150,12.51510,12.51510,11.91510,7.31840,0.31500,2.44810,36.76280,3.84820,3.92260,2.30540,3.21660,3.96900,0.4074,0.1871
2012-09-30,550.51100,24.25200,526.25900,304.68600,-111.91400,445.32700,80.93200,-2.57100,78.36100,27.31700,51.04400,51.04400,51.04400,109.65900,80.93200,258.49500,258.49500,0.19670,0.19670,1.28660,0.19800,0.28670,95.59460,14.70130,14.70130,14.23420,9.27210,0.32110,2.16890,41.49630,5.17430,5.27850,2.97700,4.15000,3.81630,0.303,-0.0734
2012-06-30,547.45200,24.59200,522.86000,302.91200,-110.83600,440.27200,82.58800,-3.52700,79.06100,31.22900,47.83200,47.83200,47.83200,109.11200,82.58800,258.49500,258.49500,0.18670,0.18670,1.23200,0.19610,0.28640,95.50790,15.08590,15.08590,14.44160,8.73720,0.33390,2.24360,40.11410,5.11330,5.22190,2.91720,4.11070,3.61880,0.2557,-0.2014
2012-03-31,497.14000,16.23100,480.90900,290.57500,-110.57200,426.69100,54.21800,-2.82100,51.39700,20.30200,31.09500,31.09500,31.09500,79.76200,54.21800,258.49500,258.49500,0.12000,0.12000,1.30500,0.19800,0.29090,96.73510,10.90600,10.90600,10.33850,6.25480,0.31580,2.15540,41.75580,3.50320,3.58180,1.97530,2.80960,3.43380,0.30300,-0.04040
2011-12-31,506.39110,36.82000,469.57110,275.79700,-106.17200,406.25900,63.31200,-2.66500,60.64700,20.76400,39.88300,39.88300,39.88300,87.60200,63.31200,257.16000,257.16000,0.15560,0.15560,1.62030,0.21160,0.31430,92.72890,12.50260,12.50260,11.97630,7.87590,0.33470,2.32370,38.73090,4.65640,4.76470,2.63590,3.67130,3.31350,0.3057,0.1436
2011-09-30,494.47500,16.62800,477.84700,278.70800,-107.54900,409.65300,68.19400,-5.07200,63.12200,24.49100,38.63100,38.63100,38.63100,91.59000,68.19400,258.49500,258.49500,0.15000,0.15000,1.44740,0.21760,0.32390,96.63730,13.79120,13.79120,12.76550,7.81250,0.33560,2.09800,42.89770,4.73050,4.84600,2.62230,3.70110,3.15920,0.314,0.0575
2011-06-30,480.25500,16.77800,463.47700,270.23200,-106.58700,398.83200,64.64500,-3.81200,60.83300,21.45000,39.38300,39.38300,39.38300,86.65800,64.64500,258.49350,258.49350,0.15330,0.15330,1.39430,0.22600,0.34090,96.50640,13.46060,13.46060,12.66680,8.20040,0.34070,2.15460,41.77120,5.06210,5.19190,2.79410,3.91810,3.00980,0.1695,-0.1398
2011-03-31,422.67900,14.29000,408.38900,251.18500,-98.16200,370.46800,37.92100,-2.43900,35.48200,13.90900,21.57300,21.57300,21.57300,59.04200,37.92100,253.15200,253.15200,0.08440,0.08440,1.45500,0.25450,0.39120,96.61920,8.97160,8.97160,8.39450,5.10390,0.30540,2.12830,42.28760,2.92070,2.99980,1.55890,2.17740,2.85740,0.29160,0.06550
2010-12-31,398.97210,13.66400,385.30810,243.85690,-83.62000,347.33910,37.96900,-2.86800,35.10100,13.04500,22.05600,22.05600,22.05600,57.83100,37.96900,251.67000,251.67000,0.08670,0.08670,1.30900,0.25930,0.40560,96.57520,9.51670,9.51670,8.79790,5.52820,0.32180,2.20790,40.76230,3.29860,3.39750,1.77890,2.44320,2.65680,0.1207,-0.02
2010-09-30,395.98100,15.02600,380.95500,241.06900,-77.10600,337.57100,43.38400,-2.74900,40.63500,16.25400,24.38100,24.38100,24.38100,62.78000,43.38400,251.67150,251.67150,0.09780,0.09780,0.88860,0.20620,0.41040,96.20540,10.95610,10.95610,10.26190,6.15710,0.32480,2.21650,40.60450,3.77070,3.88770,1.99990,2.99310,2.56920,0.1628,0.0701
2010-06-30,368.25000,12.57500,355.67500,222.80900,-73.30200,315.66400,40.01100,-4.15700,35.85400,14.34100,21.51300,21.51300,21.51300,59.56400,40.01100,251.67150,251.67150,0.08440,0.08440,1.15120,0.28840,0.46350,96.58520,10.86520,10.86520,9.73630,5.84200,0.30610,2.22250,40.49570,3.45750,3.56910,1.78850,2.46040,2.47230,0.1357,0.0644
2010-03-31,317.79500,9.22400,308.57100,204.96200,-65.68300,292.19600,16.37500,-3.53900,12.83600,5.13500,7.70100,7.70100,7.70100,37.92600,16.37500,251.67150,251.67150,0.03110,0.03110,1.13060,0.31240,0.51500,97.09750,5.15270,5.15270,4.03910,2.42330,0.26640,2.11270,42.59970,1.28200,1.33630,0.64550,0.88160,2.38680,0.13920,0.03160
2009-12-31,310.92400,7.79200,303.13200,198.14400,-62.26600,284.21100,18.92100,-3.42500,15.49600,5.81500,9.68100,9.68100,9.68100,42.72200,18.92100,251.67150,251.67150,0.03630,0.03630,1.17590,0.31200,0.51520,97.49390,6.08540,6.08540,4.98390,3.11360,0.26820,2.20640,40.79010,1.63250,1.68790,0.83510,1.12330,2.35620,0.153,0.0373
2009-09-30,322.76300,9.29600,313.46700,209.08000,-60.39600,293.51200,19.95500,-2.72000,17.23500,6.74000,10.49500,10.49500,10.49500,43.99100,19.95500,251.67150,251.67150,0.04220,0.04220,1.19500,0.32230,0.53820,97.11990,6.18260,6.18260,5.33980,3.25160,0.27470,2.03480,44.23140,1.79920,1.87930,0.89340,1.21930,2.31780,0.1481,-0.0508
2009-06-30,316.17500,8.71000,307.46500,205.72600,-56.33700,286.01100,21.45400,-3.56900,17.88500,7.16300,10.72200,10.72200,10.72200,45.40200,21.45400,251.67380,251.67380,0.04300,0.04300,1.18810,0.31630,0.52620,97.24520,6.78550,6.78550,5.65670,3.39120,0.27620,2.07210,43.43370,1.87180,1.95750,0.93680,1.27980,2.27610,0.0886,-0.1181
2009-03-31,295.14300,7.98800,287.15500,201.59000,-52.50500,277.09400,10.06100,-3.51200,6.54900,2.57600,3.97300,3.97300,3.97300,33.06000,10.06100,251.67380,251.67380,0.01630,0.01630,1.24880,0.31600,0.48280,97.29350,3.40890,3.40890,2.21890,1.34610,0.26610,2.02650,44.41190,0.70680,0.74020,0.35820,0.48350,2.23350,0.12970,-0.17780
