Date,revenue,cost-goods-sold,gross-profit,selling-general-administrative-expenses,operating-expenses,operating-income,total-non-operating-income-expense,pre-tax-income,total-provision-income-taxes,income-after-taxes,income-from-continuous-operations,net-income,basic-shares-outstanding,shares-outstanding,eps-basic-net-earnings-per-share,eps-earnings-per-share-diluted,long-term-debt-capital,debt-equity-ratio,pre-tax-profit-margin,net-profit-margin,asset-turnover,roe,return-on-tangible-equity,roa,roi,book-value-per-share,operating-cash-flow-per-share,free-cash-flow-per-share
2023-12-31,214.90700,32.65700,182.25000,113.81800,113.81800,68.43200,,68.43200,21.83500,46.59700,46.59700,46.59700,47.06100,47.38600,0.99000,0.98000,,,,,,,,,,,,
2023-09-30,196.40700,23.92100,172.48600,106.58800,106.58800,65.89800,,65.89800,21.02500,44.87300,44.87300,44.87300,47.11400,47.39200,0.95000,0.95000,,0.41210,42.22720,28.75440,0.01520,4.09630,4.53810,0.43750,4.09630,23.27900,1.8778,1.7943
2023-06-30,188.06100,18.34400,169.71700,103.93200,103.93200,65.78500,,65.78500,21.61200,44.17300,44.17300,44.17300,47.26600,47.49000,0.93000,0.93000,,0.20600,42.53170,28.55900,0.01540,4.01660,4.45580,0.44030,4.01660,23.36120,1.0031,0.9071
2023-03-31,177.88600,13.08800,164.79800,99.66500,99.66500,65.13300,,65.13300,18.90400,46.22900,46.22900,46.22900,47.60000,47.94400,0.97000,0.96000,,0.20800,41.92580,29.75740,0.01540,4.24310,4.72010,0.45960,4.24310,22.88360,1.08880,1.02420
2022-12-31,178.98100,10.44500,168.53600,100.39800,100.39800,68.13800,,68.13800,21.77100,46.36700,46.36700,46.36700,48.03300,48.43600,0.97000,0.97000,,0.02560,42.64520,29.01950,0.01630,4.44810,4.98260,0.47220,4.44810,21.90800,0.9844,0.8619
2022-09-30,165.29500,8.16500,157.13000,94.61200,94.61200,62.51800,,62.51800,20.59900,41.91900,41.91900,41.91900,47.55800,47.92600,0.88000,0.87000,,0.02730,41.67590,27.94410,0.01490,4.21780,4.77360,0.41680,4.21780,20.89580,0.5575,0.3999
2022-06-30,158.43200,7.12800,151.30400,91.94900,91.94900,59.35500,,59.35500,18.92300,40.43200,40.43200,40.43200,48.05300,48.38900,0.84000,0.84000,,0.02720,41.04400,27.95880,0.01410,3.98420,4.50780,0.39450,3.98420,21.34020,1.0612,0.9834
2022-03-31,144.55500,7.75500,136.80000,82.70600,82.70600,54.09400,,54.09400,16.57300,37.52100,37.52100,37.52100,48.96800,49.48400,0.77000,0.76000,,0.02700,39.99590,27.74220,0.01330,3.60770,4.07830,0.36820,3.60770,21.36780,0.79220,0.60890
2021-12-31,150.71000,8.41100,142.29900,93.68900,93.68900,48.61000,,48.61000,15.33000,33.28000,33.28000,33.28000,50.95600,51.37000,0.67000,0.66000,0.03260,0.06040,35.98080,24.63360,0.01360,3.11270,3.51430,0.33620,3.01110,21.54000,0.1593,-0.0147
2021-09-30,144.65600,9.43400,135.22200,73.92700,73.92700,61.29500,,61.29500,19.62400,41.67100,41.67100,41.67100,51.06300,51.51600,0.82000,0.81000,0.03310,0.09360,43.71380,29.71850,0.01320,3.95490,4.48530,0.39290,3.82390,21.08300,0.4734,0.3839
2021-06-30,145.65400,11.20600,134.44800,74.37100,74.37100,60.07700,,60.07700,19.25000,40.82700,40.82700,40.82700,51.63600,52.04800,0.79000,0.78000,0.03230,0.09230,42.08460,28.59980,0.01360,3.86620,4.28440,0.39020,3.65810,20.90550,0.6114,0.4949
2021-03-31,141.38900,12.77800,128.61100,83.99000,83.99000,44.62100,,44.62100,14.24800,30.37300,30.37300,29.11800,51.39700,51.75200,0.57000,0.56000,0.03150,0.09080,36.48880,23.81120,0.01200,2.98820,3.10270,0.29910,2.65380,21.48980,0.70340,0.64580
2020-12-31,147.44500,14.28300,133.16200,93.12300,93.12300,40.03900,-10.09200,29.94700,6.64600,23.30100,23.30100,21.67300,51.35800,51.55500,0.43000,0.43000,0.03220,0.09360,25.16850,18.21480,0.01210,2.34420,2.44240,0.23710,2.07660,21.13330,-0.2883,-0.36
2020-09-30,146.26300,15.40400,130.85900,94.43200,94.43200,36.42700,-2.68100,33.74600,6.30800,27.43800,27.43800,25.81000,51.34200,51.52700,0.50000,0.50000,0.03280,0.09640,28.79600,22.02410,0.01170,2.82190,2.95160,0.27390,2.49340,20.72880,0.5476,0.4664
2020-06-30,148.84400,16.63200,132.21200,100.17100,100.17100,32.04100,-3.00600,29.03500,7.24800,21.78700,21.78700,20.15900,51.33600,51.47000,0.39000,0.39000,0.03350,0.09950,25.35450,17.60370,0.01150,2.29510,2.41060,0.21930,2.02220,20.28130,0.0503,-0.0198
2020-03-31,155.14700,18.59600,136.55100,134.14900,134.14900,2.40200,-0.30400,2.09800,0.29700,1.80100,1.80100,0.17300,51.40400,51.71300,0.00000,0.00000,0.03410,0.15950,2.34620,0.19350,0.00970,0.19350,0.20410,0.01950,0.17010,19.92310,0.36850,0.29650
2019-12-31,110.88600,11.96600,98.92000,80.48300,80.48300,18.43700,-21.49800,-3.06100,-2.07000,-0.99100,-0.99100,-2.61900,51.33500,51.71900,-0.06000,-0.04000,0.03340,0.29110,-4.03550,-3.45280,0.00820,-0.10390,-0.10980,-0.01070,-0.09160,20.34040,1.3274,1.2558
2019-09-30,115.83300,12.94500,102.88800,92.94100,92.94100,9.94700,-1.55600,8.39100,1.00800,7.38300,7.38300,5.75500,51.34500,51.77200,0.11000,0.11000,0.03330,0.29110,14.19370,9.73480,0.00930,0.77140,0.76670,0.11660,0.68040,20.43110,0.1271,0.1127
2019-06-30,117.20300,13.17000,104.03300,68.15700,68.15700,35.87600,-1.00000,34.87600,10.89700,23.97900,23.97900,22.35100,51.33000,51.68000,0.44000,0.43000,0.03340,0.34120,40.39940,25.89080,0.01340,2.51650,2.50090,0.37100,2.21830,20.35600,0.2645,0.1858
2019-03-31,112.36600,12.92100,99.44500,64.40100,64.40100,35.04400,,35.04400,11.57400,23.47000,23.47000,21.84200,51.30500,51.62600,0.43000,0.42000,0.03410,0.53740,40.18990,25.04930,0.01320,2.52590,2.50980,0.35540,2.21990,19.89540,0.40050,0.35750
2018-12-31,119.36400,13.07100,106.29300,63.01900,63.01900,43.27400,,43.27400,18.53000,24.74400,24.74400,23.11600,45.40000,51.34900,0.47000,0.45000,0.03480,0.56930,45.55490,24.33440,0.01440,2.72550,2.71780,0.37590,2.38850,19.49310,1.1663,1.1001
2018-09-30,112.75700,11.86000,100.89700,65.54200,65.54200,35.35500,,35.35500,12.25500,23.10000,23.10000,19.63400,43.99600,51.46400,0.45000,0.42000,0.03590,0.50300,40.96950,22.75190,0.01300,2.90970,2.61370,0.34700,2.29630,22.03990,0.4847,0.4128
2018-06-30,106.70900,10.41800,96.29100,67.04700,67.04700,29.24400,,29.24400,9.59500,19.64900,19.64900,16.18400,43.97500,51.22600,0.36000,0.35000,0.03630,0.57630,35.86290,19.84700,0.01250,2.51320,2.25400,0.30220,1.97700,21.82170,0.2535,0.2312
2018-03-31,101.68400,9.17600,92.50800,67.58100,67.58100,24.92700,,24.92700,8.01000,16.91700,16.91700,13.45200,43.95500,51.12100,0.31000,0.30000,0.03670,0.37380,32.35260,17.45930,0.01230,2.19460,1.96530,0.27080,1.72110,21.53500,0.69250,0.66160
2017-12-31,99.98900,9.66100,90.32800,71.56900,71.56900,18.75900,,18.75900,1.68600,17.07300,17.07300,13.60700,43.93900,51.09600,0.31000,0.32000,0.03680,0.34770,28.67430,20.79910,0.01060,2.21980,1.98750,0.27590,1.74000,21.50560,0.8884,0.8455
2017-09-30,108.26700,9.87700,98.39000,94.51100,94.51100,3.87900,,3.87900,0.56000,3.31900,3.31900,-0.14600,43.94700,51.10200,0.00000,0.00000,0.03710,0.44710,7.13730,-0.26860,0.00860,0.43580,0.38980,0.05280,0.34090,21.33550,1.9651,1.9643
2017-06-30,110.82600,10.37700,100.44900,79.35200,79.35200,21.09700,,21.09700,3.99300,17.10400,17.10400,13.63800,43.94700,51.10000,0.30000,0.30000,0.03700,0.66790,28.54300,18.45140,0.01190,2.24180,2.00540,0.27430,1.75420,21.36590,-0.3786,-0.4212
2017-03-31,105.25200,11.56000,93.69200,69.33800,69.33800,24.35400,,24.35400,9.20400,15.15000,15.15000,11.68500,43.91600,51.13100,0.27000,0.26000,0.03730,0.72170,32.02870,15.36730,0.01190,2.00550,1.79210,0.23620,1.56590,21.19440,0.48890,0.45980
2016-12-31,104.74000,12.58100,92.15900,65.75500,65.75500,26.40400,,26.40400,10.84800,15.55600,15.55600,12.09000,43.91300,51.08800,0.27000,0.28000,0.03770,0.86410,33.51360,15.34540,0.01210,2.08970,1.86450,0.23930,1.62640,20.95890,0.6209,0.5917
2016-09-30,110.79900,13.65700,97.14200,78.39500,78.39500,18.74700,,18.74700,3.62700,15.12000,15.12000,11.65500,43.92600,51.11100,0.27000,0.26000,0.03750,0.86520,25.44620,15.81990,0.01120,2.01890,1.80240,0.22940,1.57330,21.06240,0.3042,0.2901
2016-06-30,103.06300,14.59600,88.46700,68.27000,68.27000,20.19700,,20.19700,5.85800,14.33900,14.33900,10.87300,43.91400,51.09500,0.25000,0.25000,0.10110,1.13070,27.28510,14.68890,0.01100,1.93800,1.72800,0.21360,1.40730,20.85650,0.1519,0.1295
2016-03-31,104.80900,16.33100,88.47800,68.64600,68.64600,19.83200,,19.83200,5.66100,14.17100,14.17100,10.70600,43.89800,51.06400,0.24000,0.24000,0.10210,1.18500,26.55280,14.33410,0.01090,1.94710,1.73300,0.20610,1.40780,20.58120,0.45980,0.42280
2015-12-31,107.28100,17.28500,89.99600,110.83600,110.83600,-20.84000,,-20.84000,-19.86400,-0.97600,-0.97600,-4.44200,51.45500,51.45500,-0.11000,-0.11000,0.10270,1.52700,-55.12350,-11.74950,0.00530,-0.13540,-0.12030,-0.01370,-0.09760,20.44950,0.5804,0.5458
2015-09-30,143.22400,17.42400,125.80000,120.66900,120.66900,5.13100,,5.13100,0.56200,4.56900,4.56900,1.10400,43.92900,51.14600,0.03000,0.03000,0.10130,1.58170,6.91310,1.48750,0.01030,0.62430,0.55600,0.06340,0.45230,20.69590,0.408,0.3753
2015-06-30,94.75700,17.12100,77.63600,79.97600,79.97600,-2.34000,,-2.34000,0.76900,-3.10900,-3.10900,-6.57500,44.50500,51.77400,-0.15000,-0.15000,0.10070,1.75150,-3.76830,-10.58830,0.00840,-0.42260,-0.37660,-0.04200,-0.30670,20.54630,0.241,0.2223
2015-03-31,113.88200,17.36600,96.51600,98.52500,98.52500,-2.00900,,-2.00900,0.97900,-2.98800,-2.98800,-6.45300,44.63400,51.97700,-0.14000,-0.14000,0.09810,1.45550,-3.69830,-11.87900,0.00740,-0.39300,-0.35140,-0.04060,-0.28780,20.96450,0.65730,0.64070
2014-12-31,125.07800,18.85400,106.22400,78.77500,78.77500,27.44900,,27.44900,6.85600,20.59300,20.59300,17.12700,45.02400,52.32600,0.37000,0.36000,0.09730,1.50290,30.72180,19.16910,0.01200,2.68770,2.40540,0.27640,1.97290,21.11890,0.2777,0.2531
2014-09-30,122.79200,18.43000,104.36200,76.83200,76.83200,27.53000,,27.53000,7.99800,19.53200,19.53200,16.06700,45.05500,52.36200,0.36000,0.34000,0.09810,1.55720,31.60550,18.44560,0.01140,2.59050,2.31440,0.25450,1.89410,20.63910,1.2549,1.2067
2014-06-30,126.40700,19.82200,106.58500,74.66300,74.66300,31.92200,,31.92200,10.61300,21.30900,21.30900,17.84300,45.01400,52.35200,0.40000,0.38000,0.09820,1.59240,34.78480,19.44320,0.01190,2.84420,2.53940,0.27640,2.07690,20.54950,1.0391,1.0091
2014-03-31,128.30300,19.67600,108.62700,73.09500,73.09500,35.53200,,35.53200,11.78500,23.74700,23.74700,20.28200,45.32900,52.59800,0.45000,0.42000,0.10070,1.64200,36.65510,20.92310,0.01230,3.29590,2.93020,0.30230,2.38210,19.92030,0.77270,0.72480
2013-12-31,128.99500,21.38700,107.60800,73.39900,73.39900,34.20900,-4.60100,29.60800,9.51400,20.09400,20.09400,16.62800,45.70600,53.03300,0.36000,0.34000,0.10150,1.92540,31.16170,17.50060,0.01160,2.83450,2.51540,0.24630,2.04020,19.37330,0.9059,0.8605
2013-09-30,124.42400,22.01000,102.41400,73.95600,73.95600,28.45800,-2.25200,26.20600,6.58500,19.62100,19.62100,16.15600,45.92700,53.32200,0.35000,0.34000,0.10160,1.93640,29.30010,18.06350,0.01070,2.78820,2.47220,0.23410,2.00380,19.26650,1.2172,1.1937
2013-06-30,133.03700,20.00700,113.03000,102.15200,102.15200,10.87800,-5.27300,5.60500,-31.93400,37.53900,37.53900,34.07300,45.63000,52.96800,0.75000,0.68000,0.10200,0.48370,7.54460,45.86360,0.00880,5.40190,4.72460,0.44500,3.87050,19.08250,0.7403,0.6834
2013-03-31,124.27100,20.55600,103.71500,69.86300,69.86300,33.85200,-5.53400,28.31800,7.12600,21.19200,21.19200,17.72700,45.59500,52.89200,0.39000,0.37000,0.10160,2.42910,29.76860,18.63510,0.01090,3.05250,2.62860,0.24350,2.18770,19.07550,0.41410,0.38470
2012-12-31,45.48900,20.01000,25.47900,40.89300,40.89300,-15.41400,,-20.40400,-1.58700,-18.81700,-18.81700,-23.31500,41.62600,45.30400,-0.58000,-0.57000,0.14460,2.86010,-96.96340,-110.79690,0.00230,-2.73660,-2.42010,-0.20430,-1.86370,18.94700,0.844,0.8278
2012-09-30,80.06700,24.94200,55.12500,35.47000,35.47000,19.65500,,19.65500,1.89400,17.76100,17.76100,14.72200,40.73800,47.97800,0.36000,0.35000,0.04470,3.85370,38.31090,28.69560,0.00850,2.86610,2.30160,0.29350,2.19880,18.93900,0.108,0.1063
2012-06-30,78.62400,27.63200,50.99200,34.97700,34.97700,16.01500,,16.01500,1.05700,14.95800,14.95800,13.75700,40.70300,40.80800,0.34000,0.34000,0.04950,0.46620,35.02460,30.08640,0.00720,2.39630,2.16090,0.23460,2.05390,16.99450,-0.208,-0.221
2012-03-31,82.68300,30.93400,51.74900,39.15900,39.15900,12.59000,,12.59000,1.93700,10.65300,10.65300,9.45200,41.04300,41.16200,0.23000,0.23000,0.04970,4.95800,30.27030,22.72550,0.00640,1.71470,1.54550,0.16490,1.46860,16.94000,0.36500,0.35700
2011-12-31,56.84900,37.15000,19.69900,36.38000,36.38000,-16.68100,,-16.68100,-4.79500,-11.88600,-11.88600,-13.08600,44.43300,44.52400,-0.28000,-0.28000,0.16950,5.01170,-104.91850,-82.30700,0.00240,-1.89400,-1.70890,-0.17760,-1.41930,16.86400,0.1444,0.1363
2011-09-30,88.50100,39.06600,49.43500,32.06700,32.06700,17.36800,,17.36800,0.58000,16.78800,16.78800,15.58700,44.01500,44.10500,0.35000,0.35000,0.16250,5.25590,36.50960,32.76580,0.00680,2.54400,2.30630,0.23900,1.93160,16.53790,0.0955,0.089
2011-06-30,98.96100,39.38900,59.57200,34.49600,34.49600,25.07600,,25.07600,-1.39100,26.46700,26.46700,25.26700,45.13500,45.13500,0.56000,0.56000,0.16380,5.40430,44.96160,45.30410,0.00790,4.03240,3.65390,0.37370,3.05530,16.45930,-0.4518,-0.4872
2011-03-31,85.43900,40.75700,44.68200,35.12900,35.12900,9.55300,,9.55300,6.47200,3.08100,3.08100,1.88000,46.17900,46.17900,0.04000,0.04000,0.16530,5.48540,23.68530,4.66120,0.00560,0.47760,0.43200,0.04290,0.36060,15.71630,-0.68040,-0.69960
2010-12-31,83.22000,41.80000,41.42000,40.56300,40.56300,0.85700,,0.85700,-4.21700,5.07400,5.07400,6.97700,36.70400,36.81000,-0.04000,-0.03000,0.16230,5.35670,2.72600,22.19290,0.00430,0.76380,0.69290,0.06940,0.58040,15.80040,-0.8564,-1.0887
2010-09-30,70.75800,43.06100,27.69700,36.80500,36.80500,-9.10800,,-9.10800,-1.28700,-7.82100,-7.82100,-31.73200,42.28800,42.28800,-0.75000,-0.75000,0.16450,5.57060,-38.59810,-134.47470,0.00320,-1.20500,-1.09280,-0.10560,-0.91130,15.48160,0.7826,0.7701
2010-06-30,75.51000,42.88100,32.62900,31.95000,31.95000,0.67900,,0.67900,0.03400,0.64500,0.64500,-4.19200,33.05300,33.05300,-0.13000,-0.13000,0.53340,6.34950,2.38000,-14.69380,0.00350,0.12880,0.08660,0.00800,0.04030,22.61620,-0.2714,-0.2759
2010-03-31,78.37400,40.85900,37.51500,24.40700,24.40700,13.10800,,13.10800,1.17200,11.93600,11.93600,10.73500,25.93200,25.93200,0.42000,0.41000,0.23320,8.65620,39.12720,32.04380,0.00510,3.01280,2.57150,0.18340,1.97170,14.02210,-0.53620,-0.54070
2009-12-31,-6.48400,43.23400,-49.71800,25.80600,25.80600,-75.52400,,-75.52400,-1.48000,-74.04400,-74.04400,-75.24300,24.30600,24.30600,-3.10000,-3.09000,0.30060,12.20660,139.55430,139.03510,-0.00830,-28.24320,-22.42630,-1.13030,-15.68450,13.62350,-1.6788,-1.7221
2009-09-30,94.87200,45.65900,49.21300,24.88500,24.88500,24.32800,,24.32800,3.00100,21.32700,21.32700,20.12600,24.30300,24.36800,0.83000,0.83000,0.26960,10.49580,54.28780,44.91110,0.00700,6.77980,5.57470,0.33420,4.07190,15.78780,-0.4695,-0.5062
2009-06-30,128.10200,46.56300,81.53900,25.86400,25.86400,55.67500,,55.67500,4.76100,50.91400,50.91400,49.71300,24.30300,24.31800,2.05000,2.04000,0.28300,11.70330,71.47990,63.82550,0.01120,17.45820,14.15720,0.73250,10.15130,14.84250,0.4597,0.4294
2009-03-31,101.17700,53.26600,47.91100,22.47300,22.47300,25.43800,,25.43800,0.69000,24.74800,24.74800,23.54700,24.24500,24.24800,0.97000,0.97000,0.30660,13.22870,56.89430,52.66490,0.00690,9.84600,7.74950,0.38160,5.37360,13.18380,-0.12140,-0.19660
