Date,revenue,cost-goods-sold,gross-profit,research-development-expenses,selling-general-administrative-expenses,operating-expenses,operating-income,total-non-operating-income-expense,pre-tax-income,total-provision-income-taxes,income-after-taxes,income-from-continuous-operations,net-income,ebitda,ebit,basic-shares-outstanding,shares-outstanding,eps-basic-net-earnings-per-share,eps-earnings-per-share-diluted,current-ratio,long-term-debt-capital,debt-equity-ratio,gross-margin,operating-margin,ebit-margin,pre-tax-profit-margin,net-profit-margin,asset-turnover,receiveable-turnover,days-sales-in-receivables,roe,return-on-tangible-equity,roa,roi,book-value-per-share,operating-cash-flow-per-share,free-cash-flow-per-share
2023-10-31,584.00000,145.00000,439.00000,165.00000,381.00000,550.00000,-111.00000,37.00000,-74.00000,7.00000,-81.00000,-81.00000,-81.00000,-62.00000,-111.00000,164.38100,164.38100,-0.49000,-0.49000,1.76730,0.18520,0.22720,75.17120,-19.00690,-19.00690,-12.67120,-13.86990,0.06680,1.39710,64.41780,-1.41360,-63.77950,-0.92680,-1.15190,34.65920,0.938,0.902
2023-07-31,556.00000,149.00000,407.00000,172.00000,380.00000,569.00000,-162.00000,58.00000,-104.00000,7.00000,-111.00000,-111.00000,-111.00000,-117.00000,-162.00000,162.75500,162.75500,-0.68000,-0.68000,1.84480,0.20460,0.25730,73.20140,-29.13670,-29.13670,-18.70500,-19.96400,0.06380,1.43300,62.80580,-1.96810,-482.60870,-1.27400,-1.56540,34.38190,0.3186,0.2943
2023-04-30,518.00000,142.00000,376.00000,163.00000,366.00000,536.00000,-160.00000,45.00000,-115.00000,4.00000,-119.00000,-119.00000,-119.00000,-111.00000,-160.00000,161.32300,161.32300,-0.74000,-0.74000,2.08740,0.24860,0.33090,72.58690,-30.88800,-30.88800,-22.20080,-22.97300,0.05820,1.78620,50.38610,-2.15030,120.20200,-1.33710,-1.61580,34.08810,0.79960,0.76860
2023-01-31,510.00000,139.00000,371.00000,154.00000,359.00000,528.00000,-157.00000,8.00000,-149.00000,4.00000,-153.00000,-153.00000,-153.00000,-107.00000,-157.00000,158.02300,158.02300,-0.94000,-0.94000,2.20410,0.28630,0.40120,72.74510,-30.78430,-30.78430,-29.21570,-30.00000,0.05480,1.06030,84.88240,-2.79910,87.42860,-1.64390,-1.99770,33.88530,0.4812,-8.4736
2022-10-31,481.00000,138.00000,343.00000,148.00000,388.00000,550.00000,-207.00000,2.00000,-205.00000,4.00000,-209.00000,-209.00000,-209.00000,-155.00000,-207.00000,158.70800,158.70800,-1.32000,-1.32000,2.29630,0.28840,0.40620,71.30980,-43.03530,-43.03530,-42.61950,-43.45110,0.05290,1.26330,71.24300,-3.86490,82.12580,-2.29830,-2.75030,33.76870,0.063,0.0385
2022-07-31,452.00000,138.00000,314.00000,156.00000,366.00000,522.00000,-208.00000,2.00000,-206.00000,4.00000,-210.00000,-210.00000,-210.00000,-156.00000,-208.00000,157.40000,157.40000,-1.34000,-1.34000,2.38200,0.28650,0.40260,69.46900,-46.01770,-46.01770,-45.57520,-46.46020,0.04980,1.39770,64.38920,-3.85110,91.81150,-2.31430,-2.74760,34.33310,-0.1219,-0.1532
2022-04-30,415.00000,131.00000,284.00000,162.00000,362.00000,524.00000,-240.00000,-1.00000,-241.00000,2.00000,-243.00000,-243.00000,-243.00000,-190.00000,-240.00000,155.87500,155.87500,-1.56000,-1.56000,2.44550,0.28570,0.40090,68.43370,-57.83130,-57.83130,-58.07230,-58.55420,0.04590,1.60290,56.14940,-4.44020,106.82600,-2.68640,-3.17180,34.69730,0.12190,0.07060
2022-01-31,382.81400,119.09700,263.71700,147.19500,331.84500,479.04000,-215.32290,-20.66700,-235.99000,4.78500,-240.77500,-240.77500,-240.77500,-145.47290,-215.32300,148.03600,148.03600,-1.63000,-1.63000,2.44650,0.23470,0.30940,68.88910,-56.24740,-56.24740,-61.64610,-62.89610,0.04160,0.96180,93.57020,-4.06580,-118.02690,-2.61540,-3.11160,37.81560,0.1133,-12.4252
2021-10-31,350.68000,109.67400,241.00600,130.53500,309.02700,439.56200,-198.55600,-22.08800,-220.64400,0.66700,-221.31100,-221.31100,-221.31100,-130.22400,-198.55600,153.75600,153.75600,-1.44000,-1.44000,2.88700,0.23060,0.30240,68.72530,-56.62030,-56.62030,-62.91890,-63.10910,0.03900,1.38300,65.07680,-3.69800,-89.65120,-2.45980,-2.84520,38.49530,0.2359,0.2121
2021-07-31,315.50000,101.10600,214.39400,122.40700,355.42700,477.83400,-263.44000,-20.70400,-284.14400,-7.46200,-276.68200,-276.68200,-276.68200,-196.90300,-263.44000,151.35700,151.35700,-1.83000,-1.83000,3.15290,0.22680,0.29600,67.95370,-83.49920,-83.49920,-90.06150,-87.69640,0.03530,1.32300,68.02860,-4.57920,-75.53690,-3.09760,-3.54050,39.10270,-0.0722,-0.0766
2021-04-30,251.00600,66.12300,184.88300,68.86300,206.70100,275.56400,-90.68100,-18.54100,-109.22200,0.01000,-109.23200,-109.23200,-109.23200,-44.40000,-90.68100,131.77700,131.77700,-0.83000,-0.83000,3.76300,0.71950,2.59540,73.65680,-36.12700,-36.12700,-43.51370,-43.51770,0.07320,1.14890,78.33540,-15.99820,-17.89030,-3.18420,-4.48760,5.14990,0.42550,0.40070
2021-01-31,234.31600,61.45900,172.85700,62.49000,164.80400,227.29410,-54.43710,-20.41100,-74.84800,,-75.47400,-75.47400,-75.47400,-8.82010,-54.43700,127.21200,127.21200,-0.58000,-0.58000,1.86240,0.55260,2.54460,73.77090,-23.23230,-23.23230,-31.94320,-32.21030,0.07100,1.20270,74.82900,-10.87450,-12.19270,-2.28790,-4.86480,5.29870,0.2838,-15.6845
2020-10-31,217.37900,56.90800,160.47100,58.15000,154.29700,212.44700,-51.97600,-20.57900,-72.55500,0.20900,-72.76400,-72.76400,-72.76400,-9.69100,-51.97600,128.81300,128.81300,-0.56000,-0.56000,4.80460,0.71530,2.56360,73.82080,-23.91030,-23.91030,-33.37720,-33.47330,0.06860,1.55860,57.74510,-10.69040,-12.05360,-2.29520,-3.04400,5.25590,0.3295,0.3173
2020-07-31,200.44600,51.14700,149.29900,53.86600,140.82100,194.68700,-45.38800,-15.14500,-60.53300,-0.43300,-60.10000,-60.10000,-60.10000,-12.79300,-45.38800,126.31900,126.31900,-0.48000,-0.48000,5.07320,0.71150,2.52920,74.48340,-22.64350,-22.64350,-30.19920,-29.98310,0.06430,1.81330,49.63230,-8.77120,-9.89880,-1.92940,-2.53090,5.34940,0.0795,0.049
2020-04-30,182.85900,48.48600,134.37300,48.49400,138.07800,186.57200,-52.19900,-5.86500,-58.06400,-0.40200,-57.66200,-57.66200,-57.66200,-27.69600,-52.19900,123.49400,123.49400,-0.47000,-0.47000,2.86390,0.67190,2.29500,73.48450,-28.54600,-28.54600,-31.75340,-31.53360,0.08980,1.64680,54.65150,-13.95850,-17.26200,-2.83070,-4.58010,3.31510,0.31340,0.24100
2020-01-31,167.32710,44.68300,122.64410,43.36000,123.98700,167.34700,-44.70290,-4.90300,-49.60600,0.86600,-50.47200,-50.47200,-50.47200,-20.93790,-44.70300,117.22100,117.22100,-0.42000,-0.42000,2.92470,0.67370,2.31340,73.29600,-26.71590,-26.71590,-29.64610,-30.16370,0.08560,1.28600,69.98480,-12.45170,-15.53980,-2.58120,-4.06260,3.30520,0.2157,0.157
2019-10-31,153.03700,40.82400,112.21300,41.83200,116.11100,157.94300,-45.73000,-17.41600,-63.14600,0.34900,-63.49500,-63.49500,-63.49500,-26.42100,-45.73000,118.97600,118.97600,-0.53000,-0.53000,3.19110,0.67520,2.32800,73.32410,-29.88170,-29.88170,-41.26190,-41.49000,0.08180,1.50360,59.85490,-15.93770,-20.05500,-3.39400,-5.17640,3.28900,0.0836,0.0752
2019-07-31,140.48000,38.78000,101.70000,40.04500,105.27200,145.31700,-43.61700,-0.84000,-44.45700,-1.47700,-42.98000,-42.98000,-42.98000,-28.14800,-43.61700,115.03300,115.03300,-0.37000,-0.37000,1.12300,,1.11570,72.39470,-31.04860,-31.04860,-31.64650,-30.59510,0.13680,1.59910,56.28270,-17.14230,-25.57590,-4.18580,-17.14230,2.14760,-0.0137,-0.0398
2019-04-30,125.22300,35.09500,90.12800,34.03200,107.87800,141.91000,-51.78200,-1.34100,-53.12300,-1.15700,-51.96600,-51.96600,-51.96600,-38.03000,-51.78200,112.68200,112.68200,-0.46000,-0.46000,1.12460,,1.15120,71.97400,-41.35180,-41.35180,-42.42270,-41.49880,0.12540,1.50280,59.88930,-21.70280,-31.79170,-5.20420,-21.70280,2.09780,0.18870,0.11700
2019-01-31,115.47100,31.38600,84.08500,30.03100,81.78900,111.82000,-27.73500,-1.21000,-28.94500,1.86600,-30.81100,-30.81100,-30.81100,-15.70500,-27.73500,107.50400,107.50400,-0.28000,-0.28000,1.23560,,1.07630,72.81920,-24.01900,-24.01900,-25.06690,-26.68290,0.11730,1.25610,71.64860,-12.20830,-13.98020,-3.13020,-12.20830,2.25030,0.0945,0.0431
2018-10-31,105.57600,29.70000,75.87600,27.59600,76.75900,104.35500,-28.47900,-1.70500,-30.18400,-0.66700,-29.51700,-29.51700,-29.51700,-17.10200,-28.47900,108.77600,108.77600,-0.27000,-0.27000,2.68850,0.52260,1.09470,71.86860,-26.97490,-26.97490,-28.58980,-27.95810,0.13250,1.50530,59.78860,-12.07220,-13.96000,-3.70490,-5.76310,2.21580,0.0594,0.0149
2018-07-31,94.58600,28.22800,66.35800,24.82900,79.95900,104.78800,-38.43000,-1.76200,-40.19200,-0.98500,-39.20700,-39.20700,-39.20700,-27.91700,-38.43000,106.70200,106.70200,-0.37000,-0.37000,2.90350,0.51830,1.07590,70.15630,-40.62970,-40.62970,-42.49260,-41.45120,0.12380,1.58070,56.93770,-15.99340,-18.57760,-5.13240,-7.70420,2.24920,-0.0509,-0.1059
2018-04-30,83.62100,24.10700,59.51400,19.92900,64.56300,84.49200,-24.97800,-1.21500,-26.19300,-0.23100,-25.96200,-25.96200,-25.96200,-15.76600,-24.97800,104.20300,104.20300,-0.25000,-0.25000,3.13500,0.51010,1.04130,71.17110,-29.87050,-29.87050,-31.32350,-31.04720,0.11500,1.66020,54.21030,-10.40070,-11.21600,-3.57160,-5.09520,2.34400,0.03810,-0.01490
2018-01-31,77.05200,22.48700,54.56500,19.34900,58.92900,78.27800,-23.71300,0.81000,-22.90300,0.14200,-23.04500,-23.04500,-23.04500,-17.55400,-23.71300,83.00400,83.00400,0.01000,0.01000,1.68930,,,70.81590,-30.77530,-30.77530,-29.72410,-29.90840,0.19300,1.47470,61.02790,-11.56070,-12.71120,-5.77190,-11.56070,1.91730,-0.0381,-0.0814
2017-10-31,66.91100,21.12300,45.78800,19.19000,61.11300,80.30300,-34.51500,0.50900,-34.00600,-0.94000,-33.06600,-33.06600,-33.06600,-28.78700,-34.51500,95.47400,95.47400,-0.35000,-0.35000,1.72360,,,68.43120,-51.58350,-51.58350,-50.82270,-49.41790,0.19850,1.42720,63.05960,-21.13450,-23.83690,-9.80730,-21.13450,1.53500,-0.0958,-0.1124
2017-07-31,60.25900,19.68200,40.57700,16.92300,49.83900,66.76200,-26.18500,0.38200,-25.80300,0.22900,-26.03200,-26.03200,-26.03200,-19.62800,-26.18500,93.57600,93.57600,-0.28000,-0.28000,1.79770,,,67.33770,-43.45410,-43.45410,-42.82020,-43.20020,0.19060,1.70690,52.72840,-17.02900,-19.20670,-8.23210,-17.02900,1.59930,0.0733,0.0808
2017-04-30,52.32500,17.46300,34.86200,15.35900,46.94200,62.30100,-27.43900,-0.01900,-27.45800,0.24800,-27.70600,-27.70600,-27.70600,-23.70200,-27.43900,39.78300,39.78300,-0.70000,-0.70000,1.95580,,,66.62590,-52.43960,-52.43960,-52.47590,-52.94980,0.16340,1.62650,55.33470,-16.69850,-18.49510,-8.65190,-16.69850,1.74130,-0.24350,-0.33540
2017-01-31,49.30000,15.68700,33.61300,10.54900,32.59500,43.14400,-9.53100,-0.09900,-9.61300,0.15800,-9.77100,-9.77100,-9.77100,-4.33200,-9.53100,19.03800,19.03800,-0.48000,-0.48000,0.68990,,,67.23530,-19.33270,-19.33270,-19.49900,-19.81950,0.37740,1.42720,63.06210,4.01100,35.61380,-7.47960,62.43050,-0.77130,-0.3652,-0.5314
2016-10-31,42.28300,14.10300,28.18000,9.70600,40.36400,50.07000,-21.89000,0.05000,-21.84000,0.09100,-21.93100,-21.93100,-21.93100,-17.14800,-21.89000,19.17400,19.17400,-1.14000,-1.14000,,,,66.64620,-51.77020,-51.77020,-51.65200,-51.86720,,,,,,,,,-0.4169,-0.5828
2016-07-31,37.43600,13.78000,23.65600,9.65500,34.56300,44.21800,-20.56200,0.05600,-20.50600,0.09500,-20.60100,-20.60100,-20.60100,-16.14100,-20.56200,18.80200,18.80200,-1.10000,-1.10000,,,,63.19050,-54.92570,-54.92570,-54.77620,-55.02990,,,,,,,,,-0.6198,-0.7883
2016-04-30,31.78700,12.37900,19.40800,8.76600,33.34600,42.11200,-22.70400,0.03200,-22.67200,0.08100,-22.75300,-22.75300,-22.75300,-18.76400,-22.70400,18.57400,18.57400,-1.22000,-1.22000,,,,61.05640,-71.42540,-71.42540,-71.32480,-71.57960,,,,,,,,,-0.80950,-0.92570
2016-01-31,,,,,,,,,,,,,,,,,,,0.00000,,,,,,,,,,,,,,,,,0,0
2015-01-31,,,,,,,,,,,,,,,,,,,0.00000,,,,,,,,,,,,,,,,,0,0
