Date,revenue,cost-goods-sold,gross-profit,selling-general-administrative-expenses,other-operating-income-expenses,operating-expenses,operating-income,total-non-operating-income-expense,pre-tax-income,total-provision-income-taxes,income-after-taxes,income-from-continuous-operations,net-income,ebitda,ebit,basic-shares-outstanding,shares-outstanding,eps-basic-net-earnings-per-share,eps-earnings-per-share-diluted,current-ratio,long-term-debt-capital,debt-equity-ratio,gross-margin,operating-margin,ebit-margin,pre-tax-profit-margin,net-profit-margin,asset-turnover,inventory-turnover,receiveable-turnover,days-sales-in-receivables,roe,return-on-tangible-equity,roa,roi,book-value-per-share,operating-cash-flow-per-share,free-cash-flow-per-share
2023-12-31,364.01300,272.57000,91.44300,79.59900,-1.15100,84.97200,6.47100,-16.71700,-10.24600,-2.27600,-7.97000,-7.97000,-7.17000,11.37600,6.47100,14.54000,14.54000,-0.49000,-0.49000,1.26940,0.53020,2.60890,25.12080,1.77770,1.77770,-2.81470,-1.96970,0.21500,0.38560,7.60180,11.83930,-2.07380,4.87570,-0.47070,-0.97430,24.05850,-7.56770,-7.90230
2023-09-30,450.98110,331.97390,119.00720,84.65200,-145.20600,236.44600,-117.43880,-18.10300,-135.54200,-24.67600,-110.86600,-110.86600,-98.86600,-109.77580,-117.43890,14.32800,14.32800,-6.90000,-6.81000,1.31830,0.50850,2.28650,26.38850,-26.04080,-26.04080,-30.05490,-21.92240,0.26700,0.54460,3.98480,22.58580,-26.77420,82.21550,-6.56340,-13.15890,26.12480,0.0882,-0.2191
2023-06-30,594.33900,434.90500,159.43400,92.84100,-0.53300,99.35400,60.08000,-16.87400,43.20600,9.91600,33.29000,33.29000,28.57000,66.66400,60.08000,14.31400,14.67500,2.00000,1.95000,1.25790,0.45410,1.73050,26.82540,10.10870,10.10870,7.26960,4.80700,0.33550,0.75910,6.32460,14.23010,6.38270,-18.22290,1.87940,3.48420,33.12140,2.405,2.0699
2023-03-31,524.33100,377.63400,146.69700,90.19300,-1.97700,97.80700,48.89000,-13.88900,35.00100,7.96400,27.03700,27.03700,22.80400,55.25000,48.89000,14.34000,14.65500,1.59000,1.56000,1.20090,0.47450,1.95030,27.97790,9.32430,9.32430,6.67540,4.34920,0.29620,0.63640,6.47000,13.91030,5.55890,-12.30060,1.52710,2.92090,30.91050,-2.0857,-2.4503
2022-12-31,366.65900,256.67100,109.98800,77.83800,0.07900,83.45200,26.53600,-11.72400,14.81200,3.38400,11.42800,11.42800,8.90000,32.71800,26.53600,14.29700,14.58700,0.62000,0.61000,1.18170,0.48700,1.94250,29.99740,7.23730,7.23730,4.03970,2.42730,0.21930,0.48700,5.76390,15.61440,2.49620,-4.54880,0.68350,1.28050,29.10830,-9.46390,-9.90050
2022-09-30,397.52300,271.31400,126.20900,79.65800,-1.92400,86.63810,39.57090,-10.51300,29.05800,6.77000,22.28800,22.28800,18.65100,45.05090,39.57090,13.87700,14.33700,1.36000,1.28000,1.25390,0.48630,1.59570,31.74890,9.95440,9.95440,7.30980,4.69180,0.26550,0.72750,6.85860,13.12230,5.00990,-9.27960,1.48840,2.57360,28.44120,-3.7614,-3.7384
2022-06-30,568.90000,384.96100,183.93900,87.86700,-4.45500,96.39500,87.54400,-4.27600,83.26800,18.78500,64.48300,64.48300,55.97700,91.81900,87.54400,14.13300,14.51200,3.96000,3.86000,1.23060,0.42750,1.30560,32.33240,15.38830,15.38830,14.63670,9.83950,0.42220,1.42880,7.06750,12.73430,15.22020,-39.17650,4.78520,8.71370,27.22280,7.3233,7.0875
2022-03-31,442.12700,299.58500,142.54200,75.49200,-2.93400,83.15300,59.38900,-4.25400,55.13500,12.78100,42.35400,42.35400,36.29700,64.18100,59.38900,13.86400,14.27200,2.62000,2.54000,1.17490,0.47950,1.70120,32.24010,13.43260,13.43260,12.47040,8.20960,0.34290,1.02190,5.34450,16.83960,12.13810,-21.64790,3.28470,6.31790,22.79280,-1.3838,-1.6937
2021-12-31,336.27200,235.30700,100.96500,59.09600,-8.79100,69.63600,31.32900,-2.95400,28.37500,4.88900,23.48600,23.48600,20.01900,33.07800,31.32900,13.38000,13.76100,1.50000,1.45000,1.13660,0.51730,1.77610,30.02480,9.31660,9.31660,8.43810,5.95320,0.28940,0.94800,8.93320,10.07480,7.69540,-9.96330,2.02110,3.71500,19.97080,-1.65870,-1.90730
2021-09-30,280.30510,191.02400,89.28110,55.36500,-3.10800,60.06800,29.21310,-1.48100,27.73200,5.24300,22.48900,22.48900,16.29300,30.80810,29.21310,11.08700,11.35900,1.39000,1.38000,1.23420,0.28800,0.89730,31.85140,10.42190,10.42190,9.89350,5.81260,0.38900,1.32770,9.82530,9.16010,8.82500,2145.88800,3.12080,6.28350,16.88080,0.5269,0.3494
2021-06-30,404.20700,277.25500,126.95200,60.47600,-0.06500,62.01600,64.93600,-1.88100,63.05500,11.49800,51.55700,51.55700,34.50300,66.41100,64.93600,10.97600,11.34100,3.14000,3.04000,1.25730,0.30530,0.94710,31.40770,16.06500,16.06500,15.59970,8.53600,0.65320,2.37230,10.70800,8.40490,21.80890,475.79370,8.33170,15.15090,15.71940,10.7706,10.5457
2021-03-31,329.61100,240.82500,88.78600,48.34800,-0.36800,50.09400,38.69200,-1.55000,37.14200,6.55000,30.59200,30.59200,20.47500,40.07000,38.69200,10.90100,11.17100,1.88000,1.83000,1.15120,0.32770,1.40520,26.93660,11.73870,11.73870,11.26840,6.21190,0.52110,1.29410,8.03830,11.19640,14.19280,-309.79190,4.83650,9.54140,14.33250,5.3422,5.1061
2020-12-31,214.08300,161.64700,52.43600,34.86000,-0.57700,36.40000,16.03600,-1.75000,14.28600,2.51100,11.77500,11.77500,7.78800,16.99900,16.03600,10.77600,10.98600,0.72000,0.71000,1.09130,0.37660,1.58420,24.49330,7.49060,7.49060,6.67310,3.63780,0.38760,0.82430,14.76540,6.09530,6.38270,-32.63310,2.13190,3.97870,12.31940,-2.60470,-2.81690
2020-09-30,271.03590,206.97000,64.06600,39.75300,-7.01700,47.64400,16.42200,-9.32800,7.09400,1.12000,5.97400,5.97400,3.28700,17.29600,16.42200,6.24300,6.28700,0.25000,0.23000,1.35710,0.32110,1.23170,23.63750,6.05900,6.05900,2.61740,1.21280,0.59170,1.37870,14.66720,6.13610,3.44750,-555.19460,1.30420,2.34030,11.57100,8.7682,8.4034
2020-06-30,408.27300,313.58800,94.68500,43.13400,-0.03100,43.98900,50.69600,-5.33700,45.35900,4.73700,40.62200,40.62200,14.36700,51.52000,50.69600,6.08800,6.09700,2.36000,2.36000,1.36130,0.38770,1.70680,23.19160,12.41720,12.41720,11.11000,3.51900,0.77760,1.83060,7.10790,12.66190,23.64080,-1603.69800,7.73700,14.47630,11.80960,32.7613,32.6816
2020-03-31,189.96300,145.37900,44.58400,32.38300,-2.92500,36.09900,8.48500,-5.03400,3.45100,0.47200,2.97900,2.97900,1.08500,9.27600,8.48500,6.08800,6.08800,0.18000,0.18000,1.16580,0.44000,2.95840,23.46980,4.46670,4.46670,1.81670,0.57120,0.32740,0.43610,9.57520,9.39930,2.14830,-8.34550,0.51340,1.20300,9.53040,-7.7332,-8.0319
2019-12-31,153.69800,121.50900,32.18900,28.30500,-0.43700,29.50200,2.68700,-3.75400,-1.06700,,-1.06700,-1.06700,-1.31400,3.44700,2.68700,,,,0.00000,1.15800,0.66560,10.04650,20.94300,1.74820,1.74820,-0.69420,-0.85490,0.28550,0.38720,16.05370,5.60620,-3.16850,0.75840,-0.19820,-1.05970,,0.00000,
2019-09-30,208.75100,162.40000,46.35100,33.07300,-0.46000,33.87200,12.47900,-7.45500,5.02400,0.00000,5.02400,5.02400,6.99800,13.27800,12.47900,,,,0.00000,1.19200,0.63050,7.93520,22.20400,5.97790,5.97790,2.40670,3.35230,0.41360,0.58560,13.64920,6.59380,13.23190,-3.68340,0.99530,4.88920,,0,0
2019-06-30,274.82400,212.09300,62.73100,34.71300,-0.40000,35.80400,26.92700,5.75300,32.68000,,32.68000,32.68000,31.90800,27.61800,26.92700,,,,0.00000,,,,22.82590,9.79790,9.79790,11.89130,11.61030,,,,,,,,,,0,0
2019-03-31,180.77100,141.04600,39.72500,27.54800,1.21100,26.92200,12.80300,-15.75400,-2.95100,,-2.95100,-2.95100,-3.22100,13.38800,12.80300,,,,0.00000,,,,21.97530,7.08240,7.08240,-1.63250,-1.78180,,,,,,,,,,0,0
2018-12-31,103.27800,79.95900,23.31900,21.62900,,22.23600,1.08300,1.42700,2.51000,,2.51000,2.51000,-0.02800,1.69000,1.08300,,,,0.00000,,,,22.57890,1.04860,1.04860,2.43030,-0.02710,,,,,,,,,,0.00000,
2018-09-30,,,,,,,,,,,,,,,,,,,0.00000,,,,,,,,,,,,,,,,,,0,0
