Date,revenue,cost-goods-sold,gross-profit,selling-general-administrative-expenses,other-operating-income-expenses,operating-expenses,operating-income,total-non-operating-income-expense,pre-tax-income,total-provision-income-taxes,income-after-taxes,income-from-continuous-operations,net-income,ebitda,ebit,basic-shares-outstanding,shares-outstanding,eps-basic-net-earnings-per-share,eps-earnings-per-share-diluted,current-ratio,debt-equity-ratio,gross-margin,operating-margin,ebit-margin,pre-tax-profit-margin,net-profit-margin,asset-turnover,receiveable-turnover,days-sales-in-receivables,roe,return-on-tangible-equity,roa,roi,book-value-per-share,operating-cash-flow-per-share,free-cash-flow-per-share
2023-09-30,75.66800,14.07500,61.59300,18.51100,-12.30500,46.01200,15.58100,0.41400,15.99500,0.46300,15.53200,15.53200,2.16900,31.37100,27.65800,16.77230,17.05780,0.13000,0.13000,1.45970,1.81390,81.39900,20.59130,36.55180,21.13840,2.86650,0.12600,0.16110,558.51670,8.18190,8.18190,2.58610,8.18190,1.71650,3.7923,3.6804
2023-06-30,74.57700,13.40000,61.17700,19.46200,-8.83300,42.84300,18.33400,0.43000,18.76400,0.68800,18.07600,18.07600,2.14200,33.39600,29.56500,15.63200,15.87400,0.14000,0.14000,1.43620,1.87520,82.03200,24.58400,39.64360,25.16060,2.87220,0.12920,0.16580,542.81180,10.21300,10.21300,3.13070,10.21300,1.60440,4.408,4.2555
2023-03-31,57.18600,10.52800,46.65800,17.63200,-10.53400,42.92800,3.73000,0.34600,4.07600,0.14600,3.93000,3.93000,0.25100,19.25600,15.10100,15.03700,15.19000,0.02000,0.02000,1.40810,2.02010,81.58990,6.52260,26.40680,7.12760,0.43890,0.10210,0.13590,662.25370,2.39450,2.39450,0.70170,2.39450,1.49490,4.32110,4.18180
2022-12-31,48.45400,12.46600,35.98800,16.10000,-15.23600,45.60200,-9.61400,2.38100,-7.23300,-2.03400,-5.19900,-5.19900,3.13500,5.86300,1.12700,13.91360,84.25610,0.21000,-0.02270,1.36390,2.17600,74.27250,-19.84150,2.32590,-14.92760,6.47010,0.08360,0.10530,854.30510,-3.26670,-3.26670,-0.89660,-3.26670,1.45080,-9.4407,-8.8716
2022-09-30,52.62600,12.86100,39.76500,17.58000,-10.60700,40.73400,-0.96900,1.32300,0.35400,1.01500,-0.66100,-0.66100,-0.57100,11.69800,8.12600,13.97300,13.97300,-0.04000,-0.04000,1.39310,2.06030,75.56150,-1.84130,15.44100,0.67270,-1.08500,0.09070,0.11390,789.97200,-0.39950,-0.39950,-0.11400,-0.39950,1.51230,11.1088,10.4644
2022-06-30,65.15200,19.07900,46.07300,18.60600,-9.82100,39.67100,6.40200,3.29700,9.69900,0.20200,9.49700,9.49700,3.45800,18.54300,14.28000,13.52500,84.28300,0.26000,0.10000,1.40740,2.00250,70.71620,9.82630,21.91800,14.88670,5.30760,0.11270,0.14310,628.91980,5.73840,5.73840,1.64290,5.73840,1.51330,0.69,0.6531
2022-03-31,50.72800,13.88800,36.84000,19.55500,-8.76000,39.00100,-2.16100,2.40400,0.24300,0.54000,-0.29700,-0.29700,1.07600,9.13400,5.28700,13.58200,84.47400,0.08000,0.01270,1.46160,1.67120,72.62260,-4.26000,10.42230,0.47900,2.12110,0.09900,0.13120,685.99270,-0.18970,-0.18970,-0.05790,-0.18970,1.42760,0.52950,0.48440
2021-12-31,61.88500,17.96000,43.92500,21.28000,-9.42900,40.55100,3.37400,13.26600,16.64000,-0.39200,17.03200,17.03200,-30.94200,13.79100,10.22300,13.21810,84.47400,0.87000,0.19000,1.45940,1.59350,70.97840,5.45200,16.51930,26.88860,-49.99920,0.12330,0.15950,564.43260,10.78810,10.78810,3.39210,10.78810,1.43570,0.5592,0.5142
2021-09-30,72.89400,15.58000,57.31400,21.46200,-15.21400,45.80200,11.51200,19.58300,31.09500,0.70300,30.39200,30.39200,14.12500,21.21000,17.92600,13.36400,84.46500,1.06000,0.29000,1.54520,1.48810,78.62650,15.79280,24.59190,42.65780,19.37750,0.16540,0.21730,414.08720,21.95760,21.95750,6.89700,21.95750,1.25870,1.4218,1.2967
2021-06-30,67.03900,11.43900,55.60000,19.98100,-8.83400,37.61300,17.98700,,17.98700,0.00000,17.98700,17.98700,17.98700,27.42700,24.37200,,,,0.00000,0.27780,,82.93680,26.83070,36.35500,26.83070,26.83070,0.27500,,,359.73930,359.73780,7.37750,359.73930,0.45560,0,0
2021-03-31,61.86100,7.48300,54.37800,16.18600,-7.03600,29.99400,24.38400,,24.38400,0.00000,24.38400,24.38400,24.38400,31.67700,28.99200,,,,0.00000,0.57580,,87.90350,39.41740,46.86640,39.41740,39.41740,0.25330,,,487.67920,487.67400,9.98630,487.67900,0.53330,0.00000,
2020-12-31,,,,,,,,,,,,,,,,,,,0.00000,,,,,,,,,,,,,,,,0,0
2020-09-30,44.87900,2.17000,42.70900,10.88300,-6.03200,23.36700,19.34200,,19.34200,,19.34200,19.34200,19.34200,23.99500,23.99500,,,,0.00000,,,95.16480,43.09810,53.46600,43.09810,43.09810,,,,,,,,,0,0
2019-12-31,,,,,,,,,,,,,,,,,,,0.00000,,,,,,,,,,,,,,,,0,0
