Date,revenue,cost-goods-sold,gross-profit,selling-general-administrative-expenses,operating-expenses,operating-income,pre-tax-income,total-provision-income-taxes,income-after-taxes,income-from-continuous-operations,net-income,basic-shares-outstanding,shares-outstanding,eps-basic-net-earnings-per-share,eps-earnings-per-share-diluted,long-term-debt-capital,debt-equity-ratio,pre-tax-profit-margin,net-profit-margin,asset-turnover,roe,return-on-tangible-equity,roa,roi,book-value-per-share,operating-cash-flow-per-share,free-cash-flow-per-share
2023-09-30,268.22000,46.96500,221.25500,258.62500,258.62500,-37.37000,-37.37000,-16.23200,-21.13800,-21.13800,-21.13800,38.28310,38.28310,-0.55000,-0.55000,0.85610,5.94940,-16.89000,-9.55370,0.06450,-4.78930,-6.73040,-0.61630,-0.68920,12.89400,2.5942,2.447
2023-06-30,266.56300,41.44800,225.11500,242.58600,242.58600,-17.47100,-17.47100,-2.57200,-14.89900,-14.89900,-14.89900,36.69130,36.69130,-0.41000,-0.41000,0.85160,5.73920,-7.76090,-6.61840,0.06480,-3.25020,-4.57890,-0.42910,-0.48230,13.47150,2.6277,2.4628
2023-03-31,259.51200,38.99700,220.51500,362.04800,362.04800,-141.53300,-141.53300,-39.44300,-102.09000,-102.09000,-102.09000,33.97910,33.97910,-3.00000,-3.00000,0.85560,5.92670,-64.18290,-46.29620,0.06300,-22.38100,-32.07450,-2.91510,-3.23110,13.46190,2.26060,1.91500
2022-12-31,261.94710,35.59400,226.35310,234.27400,234.27400,-7.92100,-7.92100,0.50200,-8.42300,-8.42300,-8.42300,32.82580,32.82580,-0.30000,-0.25000,0.83170,4.94020,-3.49940,-3.72120,0.06260,-1.53820,-2.06550,-0.23310,-0.25890,16.41750,2.7241,2.3502
2022-09-30,250.07600,26.67100,223.40500,335.76800,335.76800,-112.36300,-112.36300,-6.53600,-105.82700,-105.82700,-105.82700,33.01010,33.01010,-3.21000,-3.21000,0.82580,4.74120,-50.29570,-47.37000,0.06310,-19.27240,-25.80870,-2.98950,-3.35680,16.54550,2.0358,1.6385
2022-06-30,225.80200,17.10400,208.69800,221.37000,221.37000,-12.67200,-12.67200,-3.51500,-9.15700,-9.15700,-9.15700,32.83150,32.83150,-0.28000,-0.28000,0.79020,3.76670,-6.07190,-4.38770,0.06230,-1.41270,-2.24910,-0.27330,-0.29640,19.70230,1.634,1.2351
2022-03-31,214.72000,13.67700,201.04300,143.37300,143.37300,57.67000,57.67000,12.00700,45.66300,45.66300,45.66300,32.21660,33.32310,1.42000,1.37000,0.76080,3.17990,28.68540,22.71310,0.06720,7.02580,11.06500,1.52590,1.68080,19.81100,1.15730,0.83800
2021-12-31,194.13100,11.42800,182.70300,161.81200,161.81200,20.89100,20.89100,6.72500,14.16600,14.16600,14.16600,28.19160,30.32320,0.49000,0.47000,0.77210,3.38740,11.43440,7.75360,0.06200,2.34580,3.84230,0.48080,0.53470,18.86870,1.9897,1.7232
2021-09-30,159.08400,10.57400,148.51000,120.38800,120.38800,28.12200,28.12200,5.14300,22.97900,22.97900,22.97900,28.16770,30.50380,0.82000,0.75000,0.76750,3.30140,18.93610,15.47300,0.06330,4.49320,4.49320,0.97870,1.04460,18.01720,1.6089,1.406
2021-06-30,138.25400,12.16300,126.09100,116.28800,116.28800,9.80300,9.80300,2.55300,7.25000,7.25000,7.25000,28.00470,30.05090,0.26000,0.24000,0.76910,3.33170,7.77450,5.74980,0.05680,1.49690,1.49690,0.32640,0.34560,17.27660,1.1786,0.9656
2021-03-31,135.31300,13.50400,121.80900,117.83400,117.83400,3.97500,3.97500,0.95600,3.01900,3.01900,3.01900,27.77010,29.62000,0.11000,0.10000,0.74980,2.99620,3.26330,2.47850,0.06110,0.63960,0.63960,0.15160,0.16010,16.87200,0.61300,0.42220
2020-12-31,140.83200,13.48900,127.34300,112.68000,112.68000,14.66300,14.66300,6.15000,8.51300,8.51300,8.51300,27.33330,27.33330,0.32000,0.32000,0.75180,3.02960,11.51460,6.68510,0.06340,1.82440,1.93850,0.42370,0.45270,16.85840,0.5159,0.4514
2020-09-30,136.76700,13.40800,123.35900,131.19900,131.19900,-7.84000,-7.84000,-1.79400,-6.04600,-6.04600,-6.04600,27.45900,27.45900,-0.22000,-0.22000,0.74780,2.96550,-6.35540,-4.90110,0.06430,-1.33460,-1.33460,-0.31530,-0.33660,16.42390,1.6246,1.4176
2020-06-30,142.70700,15.11000,127.59700,174.49800,174.49800,-46.90100,-46.90100,-12.65300,-34.24800,-34.24800,-34.24800,27.23300,27.23300,-1.26000,-1.26000,0.75830,3.13650,-36.75710,-26.84080,0.06460,-7.53810,-7.53810,-1.73440,-1.82230,16.62330,1.523,1.2598
2020-03-31,163.42800,16.36100,147.06700,165.08300,165.08300,-18.01600,-18.01600,-4.71500,-13.30100,-13.30100,-13.30100,27.01600,27.01600,-0.49000,-0.49000,0.75760,3.12490,-12.25020,-9.04420,0.06950,-2.75070,-2.75070,-0.62820,-0.66690,17.81390,1.92930,1.66740
2019-12-31,165.34390,15.79500,149.54890,118.39800,118.39800,31.15090,31.15100,7.98800,23.16300,23.16300,28.45900,9.34700,10.76300,5.76000,5.76000,0.76400,3.23790,20.72910,18.93770,0.06820,4.73910,4.73910,1.05200,1.11830,18.10040,-18.6573,-17.0186
2019-09-30,153.88000,15.49900,138.38100,123.96600,123.96600,14.41500,14.41500,4.38600,10.02900,10.02900,-27.42700,4.29410,4.29410,-6.39000,-6.39000,0.76750,3.30060,10.38490,-19.75910,0.06630,2.17490,2.17490,0.47930,0.50570,17.07760,5.56,5.0273
2019-06-30,142.59600,14.63300,127.96300,109.06500,109.06500,18.89800,18.89800,5.10600,13.79200,13.79200,1.54200,2.94280,2.95590,0.52000,0.52000,,,14.43410,1.17780,,,,,,,19.1506,17.0385
2019-03-31,138.32800,14.61900,123.70900,103.74100,103.74100,19.96800,19.96800,5.35400,14.61400,14.61400,1.68800,2.93800,3.31400,0.57000,0.51000,,,16.09350,1.36050,,,,,,,14.23600,12.80570
2018-12-31,,,,,,,,,,,,,,,0.00000,,,,,,,,,,,-25.1691,-22.7192
2018-09-30,128.48400,11.93200,116.55200,87.47100,87.47100,29.08100,29.08100,8.24200,20.83900,20.83900,2.56500,2.63140,3.99040,0.97000,0.64000,,,26.56140,2.34280,,,,,,,25.1691,22.7192
2017-12-31,,,,,,,,,,,,,,,0.00000,,,,,,,,,,,0,0
