Date,revenue,cost-goods-sold,gross-profit,research-development-expenses,selling-general-administrative-expenses,operating-expenses,operating-income,total-non-operating-income-expense,pre-tax-income,income-after-taxes,income-from-continuous-operations,net-income,ebitda,ebit,basic-shares-outstanding,shares-outstanding,eps-basic-net-earnings-per-share,eps-earnings-per-share-diluted,current-ratio,long-term-debt-capital,debt-equity-ratio,gross-margin,operating-margin,ebit-margin,pre-tax-profit-margin,net-profit-margin,asset-turnover,inventory-turnover,receiveable-turnover,days-sales-in-receivables,roe,return-on-tangible-equity,roa,roi,book-value-per-share,operating-cash-flow-per-share,free-cash-flow-per-share
2023-09-30,19.82300,2.22500,17.59800,1.28100,18.01100,19.29200,-1.69400,-7.60000,-9.29400,-9.29400,-9.29400,-9.29400,-1.17400,-1.69400,112.23000,112.23000,-0.08000,-0.08000,0.60140,,-1.67250,88.77570,-8.54560,-8.54560,-46.88490,-46.88490,0.19550,0.27660,0.92750,97.03730,11.97450,11.97450,-9.16500,11.97450,-0.69110,-0.0391,-0.0407
2023-06-30,19.45400,2.57100,16.88300,0.95100,20.10400,21.05500,-4.17200,6.80400,2.63200,2.63200,2.63200,2.57300,-3.64500,-4.17200,111.98000,112.04200,0.02000,0.02000,0.63060,,-1.85750,86.78420,-21.44550,-21.44550,13.52940,13.22610,0.18340,0.33250,0.87920,102.37070,-3.77840,-3.77840,2.48140,-3.77840,-0.62150,-0.1117,-0.1124
2023-03-31,11.84600,1.70600,10.14000,1.78500,22.72300,24.50800,-14.36800,-4.47900,-18.84700,-18.84700,-18.84700,-18.84700,-13.89100,-14.36800,111.77400,111.77400,-0.17000,-0.17000,0.67450,,-1.74800,85.59850,-121.28990,-121.28990,-159.10010,-159.10010,0.10310,0.20550,0.69770,128.99800,25.54310,25.54310,-16.39940,25.54310,-0.65910,-0.09370,-0.09370
2022-12-31,20.85600,2.98100,17.87500,2.92100,23.31000,26.23100,-8.35600,-6.79300,-15.14900,-15.14900,-15.14900,-15.14900,-7.59500,-8.35600,85.90000,85.90000,-0.15000,-0.15000,0.78600,,-2.27070,85.70680,-40.06520,-40.06520,-72.63610,-72.63620,0.14460,0.31570,0.61460,146.42690,26.75370,26.75370,-10.50390,26.75370,-0.50790,-0.1879,-0.1878
2022-09-30,20.07800,2.12500,17.95300,3.26700,25.48600,28.75300,-10.80000,-4.15400,-14.95400,-14.95400,-14.95400,-14.95400,-10.03200,-10.80000,83.32100,83.32100,-0.18000,-0.18000,0.56770,,-1.74490,89.41630,-53.79020,-53.79020,-74.47950,-74.47950,0.19070,0.20400,0.75440,119.30670,20.36890,20.36890,-14.20540,20.36890,-0.87900,-0.2072,-0.2074
2022-06-30,20.58200,2.14300,18.43900,4.27000,29.51400,33.78400,-15.34500,-4.05200,-19.39700,-19.39700,-19.39700,-19.39700,-14.67900,-15.34500,82.74000,82.74000,-0.23000,-0.23000,2.14500,1.91130,-2.09730,89.58800,-74.55540,-74.55540,-94.24260,-94.24250,0.16760,0.19530,0.79880,112.66840,31.91190,31.91190,-15.79150,-29.08100,-0.73190,-0.158,-0.158
2022-03-31,14.76000,2.01400,12.74600,4.80200,29.33900,34.14100,-21.39500,-3.93800,-25.33300,-25.33300,-25.33300,-25.33300,-20.74000,-21.39500,82.44800,82.44800,-0.31000,-0.31000,2.56720,1.54640,-2.83010,86.35500,-144.95260,-144.95260,-171.63280,-171.63280,0.11030,0.17700,0.65020,138.42680,56.47380,56.47380,-18.93140,-30.85780,-0.54250,-0.23450,-0.23510
2021-12-31,22.50900,2.57500,19.93400,5.26000,26.34000,31.60000,-11.66600,-3.95800,-15.62400,-15.62400,-15.62400,-15.62400,-11.06700,-11.66600,56.85200,56.85200,-0.20000,-0.20000,2.70750,1.20810,-5.80640,88.56010,-51.82820,-51.82820,-69.41220,-69.41220,0.13550,0.21740,0.63500,141.73930,71.76200,71.76190,-9.40800,-14.93030,-0.26470,-0.2242,-0.2245
2021-09-30,21.82600,2.41100,19.41500,6.65400,25.80100,32.45500,-13.04000,-4.07700,-17.11700,-17.11700,-17.11700,-17.11700,-12.38300,-13.04000,53.33500,53.33500,-0.32000,-0.32000,2.33920,1.68560,-2.45860,88.95350,-59.74530,-59.74530,-78.42480,-78.42480,0.16550,0.18320,0.90610,99.32740,33.25690,33.25690,-12.97560,-22.80050,-0.96290,-0.1781,-0.1786
2021-06-30,18.35700,2.42500,15.93200,8.17900,27.30800,35.48700,-19.55500,-3.94700,-23.50200,-23.50200,-23.50200,-23.50200,-18.91700,-19.55500,53.12100,53.12100,-0.44000,-0.44000,2.83330,1.41670,-3.39990,86.78980,-106.52610,-106.52610,-128.02750,-128.02750,0.13160,0.18230,0.88620,101.56070,63.39380,63.39390,-16.84550,-26.41570,-0.69570,-0.4222,-0.4207
2021-03-31,11.96000,1.74000,10.22000,5.22500,27.18400,32.40900,-22.18900,-3.86400,-26.05300,-26.05300,-26.05300,-26.05300,-21.64200,-22.18900,52.99800,52.99800,-0.49000,-0.49000,3.35670,1.15300,-7.53490,85.45150,-185.52680,-185.52680,-217.83440,-217.83440,0.07570,0.13700,0.66600,135.13550,156.31500,156.31480,-16.49490,-23.92010,-0.31380,-0.52880,-0.53050
2020-12-31,16.34700,2.24300,14.10400,6.44800,28.10600,34.55400,-20.45000,-3.41300,-23.86300,-23.86300,-23.86300,-23.86300,-19.73600,-20.45000,48.27500,48.27500,-0.45000,-0.45000,3.46260,0.94860,18.44460,86.27880,-125.09940,-125.09930,-145.97790,-145.97790,0.08660,0.24810,0.69880,128.79790,-351.54760,-351.54640,-12.63840,-18.07940,0.12820,-0.4148,-0.4167
2020-09-30,15.43600,2.22100,13.21500,6.52400,24.57500,31.09900,-17.88400,-3.33000,-21.21400,-21.21400,-21.21400,-21.21400,-17.08200,-17.88400,48.90800,48.90800,-0.43000,-0.43000,3.97780,0.79140,3.79340,85.61160,-115.85900,-115.85900,-137.43200,-137.43200,0.08530,0.23820,0.88080,102.17410,-76.63180,-76.63190,-11.71890,-15.98690,0.53150,-0.2487,-0.2514
2020-06-30,10.27200,1.70000,8.57200,5.47400,25.69700,31.17100,-22.59900,-3.25300,-25.85200,-25.85200,-25.85200,-25.85200,-22.04300,-22.59900,45.90800,45.90800,-0.56000,-0.56000,4.26690,0.89270,8.32320,83.45020,-220.00590,-220.00590,-251.67440,-251.67440,0.06710,0.27760,0.72870,123.50470,-205.02800,-205.02800,-16.89140,-21.99120,0.27420,-0.513,-0.5181
2020-03-31,7.06200,1.35600,5.70600,4.93200,27.06000,31.99200,-26.28600,-2.57000,-28.85600,-28.85600,-28.85600,-28.85600,-25.70900,-26.28600,45.90600,45.90600,-0.63000,-0.63000,4.95770,0.74870,2.97900,80.79860,-372.21750,-372.21750,-408.60950,-408.60950,0.04050,0.23750,0.60190,149.52850,-82.13830,-82.13830,-16.56770,-20.64280,0.76530,-0.60920,-0.61080
2019-12-31,11.08100,2.07800,9.00300,5.37900,26.54500,31.92400,-22.92100,-2.07300,-24.99400,-24.99400,-24.99400,-24.99400,-22.41500,-22.92100,41.87800,41.87800,-0.58000,-0.58000,4.65040,0.54760,1.21030,81.24720,-206.84950,-206.84950,-225.55730,-225.55730,0.06420,0.59640,0.81220,110.80860,-40.58590,-40.58590,-14.47670,-18.36260,1.34150,-0.4146,-0.4162
2019-09-30,12.39700,1.38900,11.00800,5.54700,25.27000,30.81700,-19.80900,-8.99900,-28.80800,-28.80800,-28.80800,-28.80800,-19.37500,-19.80900,41.45400,41.45400,-0.69000,-0.69000,4.80950,0.62520,1.66820,88.79570,-159.78870,-159.78870,-232.37880,-232.37880,0.08300,0.31540,1.12930,79.69830,-64.71090,-64.71090,-19.28540,-24.25240,1.07300,-0.3601,-0.3616
2019-06-30,6.67700,1.08900,5.58800,5.29500,26.00000,31.29500,-25.70700,-1.67000,-27.37700,-27.37700,-27.37700,-27.37700,-25.26300,-25.70700,41.31100,41.31100,-0.66000,-0.66000,6.60130,0.51560,1.06420,83.69030,-385.00820,-385.00820,-410.01950,-410.01950,0.04010,0.25560,0.69540,129.41290,-39.98280,-39.98280,-16.43550,-19.36950,1.65270,-0.6742,-0.6803
2019-03-31,4.47600,0.73800,3.73800,4.56200,26.34000,30.90200,-27.16400,-1.71000,-28.87400,-28.87400,-28.87400,-28.87400,-26.78200,-27.16400,41.25600,41.25600,-0.70000,-0.70000,6.95180,0.44040,0.78700,83.51210,-606.88120,-606.88120,-645.08500,-645.08500,0.02320,0.12910,0.75650,118.97450,-31.26480,-31.26480,-14.96120,-17.49590,2.23810,-0.71970,-0.72380
2018-12-31,3.02400,0.71800,2.30600,3.36300,23.66100,27.02400,-24.71800,-1.66400,-26.38200,-26.38200,-26.38200,-26.38200,-24.39200,-24.71800,39.76600,39.76600,-0.62000,-0.62000,8.28330,0.37940,0.61120,76.25660,-817.39400,-817.39370,-872.42020,-872.42050,0.01390,0.10070,1.18500,75.95240,-22.24250,-22.24240,-12.15820,-13.80450,2.87700,-0.5708,-0.5781
2018-09-30,1.90200,0.31900,1.58300,2.98900,22.08600,25.07500,-23.49200,-1.63100,-25.12300,-25.12300,-25.12300,-25.12300,-23.22800,-23.49200,41.20700,41.20700,-0.61000,-0.61000,10.43980,0.33630,0.50670,83.22820,-1235.12100,-1235.12100,-1320.87300,-1320.87300,0.00800,0.04550,0.61260,146.92430,-17.60180,-17.60180,-10.57270,-11.68250,3.47090,-0.5105,-0.5229
2018-06-30,1.27400,0.35100,0.92300,2.04600,21.86000,23.90600,-22.98300,-1.59800,-24.58100,-24.58100,-24.58100,-24.58100,-22.86000,-22.98300,38.68800,38.68800,-0.64000,-0.64000,11.03060,0.30510,0.43900,72.44900,-1804.00300,-1804.00300,-1929.43500,-1929.43500,0.00490,0.07090,0.32820,274.23860,-14.95810,-14.95810,-9.45600,-10.39500,3.99620,-0.62,-0.6327
2018-03-31,0.86500,0.20000,0.66500,1.70100,28.01100,29.71200,-29.04700,-1.52500,-30.57200,-30.57200,-30.57200,-30.57200,-28.81700,-29.04700,37.84900,37.84900,-0.81000,-0.81000,9.65270,0.36330,0.57060,76.87860,-3358.03400,-3358.03400,-3534.33500,-3534.33500,0.00390,0.05590,0.37280,241.38730,-24.24210,-24.24210,-13.86100,-15.43460,3.32670,-0.60760,-0.61770
2017-12-31,,,,1.21200,18.48400,,-19.69600,0.14500,-19.55100,-19.55100,-19.55100,-20.26800,-19.63000,-19.69600,10.99900,10.99900,4.63000,4.63000,16.11740,0.31750,0.46510,,,,,,,,,,-12.65470,-12.65470,-8.10790,-8.63720,4.08690,2.1342,2.2128
2017-09-30,,,,6.64100,6.55300,,-13.19400,0.12600,-13.06800,-13.06800,-13.06800,-17.19200,-13.15600,-13.19400,4.06800,4.06800,-4.23000,-4.23000,5.18820,,,,,,,,,,,,6.83810,-28.76130,-23.70180,-28.76130,11.16910,-2.0266,-2.1492
2017-06-30,,,,4.74900,3.58800,,-8.33700,0.12900,-8.20800,-8.20800,-8.20800,-12.83700,-8.30300,-8.33700,4.06800,4.06800,-3.16000,-3.16000,,,,,,,,,,,,,,,,,,-1.5005,-1.6531
2017-03-31,,,,4.23000,3.07300,,-7.30300,-0.77200,-8.07500,-8.07500,-8.07500,-11.67000,-7.07700,-7.30300,4.06800,4.06800,-2.87000,-2.87000,,,,,,,,,,,,,,,,,,-1.85100,-1.87320
2016-12-31,,,,,,,,,,,,,,,,,,0.00000,,,,,,,,,,,,,,,,,,-6.8286,-6.818
2016-09-30,,,,3.86800,1.76100,,-5.62900,-0.47700,-6.10600,-6.10600,-6.10600,-9.38500,-5.62900,-5.62900,4.05000,4.05000,-2.32000,-2.32000,,,,,,,,,,,,,,,,,,6.8286,6.818
2015-12-31,,,,,,,,,,,,,,,,,,0.00000,,,,,,,,,,,,,,,,,,0,0
