Date,revenue,cost-goods-sold,gross-profit,research-development-expenses,selling-general-administrative-expenses,other-operating-income-expenses,operating-expenses,operating-income,total-non-operating-income-expense,pre-tax-income,total-provision-income-taxes,income-after-taxes,income-from-continuous-operations,net-income,ebitda,ebit,basic-shares-outstanding,shares-outstanding,eps-basic-net-earnings-per-share,eps-earnings-per-share-diluted,current-ratio,long-term-debt-capital,debt-equity-ratio,gross-margin,operating-margin,ebit-margin,pre-tax-profit-margin,net-profit-margin,asset-turnover,inventory-turnover,receiveable-turnover,days-sales-in-receivables,roe,return-on-tangible-equity,roa,roi,book-value-per-share,operating-cash-flow-per-share,free-cash-flow-per-share
2023-09-30,60.29400,17.51800,42.77600,11.23300,3.77900,,22.70300,20.07300,-2.33900,17.73400,12.36400,5.37000,5.37000,5.37000,27.76400,20.07300,313.80000,331.50000,0.02000,0.02000,2.90990,0.20190,0.30290,70.94570,33.29190,33.29190,29.41250,8.90640,0.09310,0.61310,8.43740,10.66670,1.17580,1.17580,0.82900,0.93840,1.45250,0.0751,0.0559
2023-06-30,59.27200,14.90600,44.36600,7.20100,3.91300,,18.06100,26.30500,-2.70600,23.59900,10.77200,12.82700,12.82700,12.82700,33.25200,26.30500,311.20000,329.40000,0.04000,0.04000,2.10400,0.16980,0.30460,74.85150,44.38010,44.38010,39.81480,21.64090,0.09400,0.55210,7.56120,11.90290,2.85160,2.85160,2.03330,2.36730,1.43540,0.0709,0.0565
2023-03-31,51.13100,13.09800,38.03300,6.86600,4.37200,,17.21000,20.82300,-2.91800,17.90500,4.67000,13.23500,13.23500,13.23500,26.79500,20.82300,306.30000,325.60000,0.04000,0.04000,1.72990,0.19060,0.34410,74.38350,40.72480,40.72480,35.01790,25.88450,0.08550,0.52650,5.75410,15.64100,3.19310,3.19310,2.21280,2.58440,1.34600,-0.01510,-0.02360
2022-12-31,56.75800,14.92100,41.83700,5.60500,3.26700,,12.63800,29.19900,-3.87400,25.32500,6.63500,18.69000,18.69000,18.69000,30.71900,29.19900,272.20000,292.80000,0.06000,0.06000,1.35880,0.20620,0.37310,73.71120,51.44470,51.44470,44.61930,32.92930,0.09250,0.66480,6.28970,14.30920,4.70800,4.70800,3.04490,3.73720,1.29810,0.1116,0.0823
2022-09-30,49.03000,13.19000,35.84000,8.32700,2.86000,,17.55500,18.28500,1.54200,19.82700,10.93200,8.89500,8.89500,8.89500,25.36600,18.28500,282.50000,296.70000,0.03000,0.03000,1.51450,0.26020,0.45110,73.09810,37.29350,37.29350,40.43850,18.14200,0.08290,0.72250,8.60630,10.45750,2.37710,2.37710,1.50360,1.75860,1.23750,0.0543,0.0529
2022-06-30,47.79700,11.87500,35.92200,2.54100,3.42500,,11.02600,24.89600,-12.86700,12.02900,12.62600,-0.59700,-0.59700,-0.59700,31.15000,24.89600,253.30000,253.30000,0.00000,0.00000,1.65330,0.38450,0.77250,75.15540,52.08700,52.08700,25.16690,-1.24900,0.11470,0.77090,3.89990,23.07760,-0.27460,-0.27460,-0.14320,-0.16900,0.84110,0.0849,0.0782
2022-03-31,39.64500,10.43000,29.21500,2.46600,3.80800,,6.31000,22.90500,-1.68800,21.21700,2.43500,18.78200,18.78200,18.78200,23.28000,22.90500,247.80000,274.40000,0.08000,0.07000,1.51710,0.35970,0.61530,73.69150,57.77530,57.77530,53.51750,47.37550,0.10090,0.98130,2.02540,44.43590,9.17180,9.17170,4.77920,5.87300,0.82360,0.07470,0.05070
2021-12-31,,,,2.86300,2.30600,,,-6.59400,-2.54800,-5.01800,,-5.01800,-5.01800,-5.01800,-6.56000,-2.47000,241.40000,241.40000,-0.02000,-0.02000,1.28010,0.42640,0.88050,,,,,,,,,,-2.72100,-2.72100,-1.37520,-1.56080,0.74480,-0.0714,-0.113
2021-09-30,,,,3.57300,2.06500,,,-5.69000,-3.86400,-9.55400,,-9.55400,-9.55400,-9.55400,-5.63800,-5.69000,246.00000,246.00000,-0.04000,-0.04000,1.96170,0.37390,0.65050,,,,,,,,,,-5.06080,-5.06080,-2.57030,-3.16860,0.76280,-0.0111,-0.0935
2021-06-30,,,,3.76100,2.37400,,,-6.17000,5.27100,-0.89900,,-0.89900,-0.89900,-0.89900,-6.13500,-6.17000,237.70000,237.70000,0.00000,0.00000,1.99910,0.40110,0.72950,,,,,,,,,,-0.53950,-0.53950,-0.25930,-0.32310,0.70060,0.0001,-0.1015
2021-03-31,,,,4.91100,2.79100,,,-7.73500,-3.07200,-10.80700,,-10.80700,-10.80700,-10.80700,-7.70200,-7.73500,234.00000,234.00000,-0.05000,-0.05000,2.95100,0.29960,0.42780,,,,,,,,,,-6.55560,-6.51610,-3.74250,-4.59130,0.69360,-0.02010,-0.19320
2020-12-31,,,,4.56600,1.87900,,,-5.90300,-1.74200,-7.64500,0.00000,-7.64500,-5.86700,-5.86700,-5.86700,-5.90300,254.83300,254.83300,-0.02000,-0.02000,9.46160,0.30440,0.43760,,,,,,,,,,-3.65360,-3.65360,-2.45280,-2.54140,0.70040,-0.0094,-0.038
2020-09-30,,,,3.59000,1.43000,-0.43600,,-5.47900,-2.17200,-7.65100,,-7.65100,-7.65100,-7.65100,-5.85400,-5.47900,227.50000,227.50000,-0.03000,-0.03000,,,,,,,,,,,,,,,,,,-0.0292,-0.0699
2020-06-30,,,,0.77000,1.33300,-0.29600,,-2.78100,0.57200,-2.20900,,-2.20900,-2.20900,-2.20900,-2.57900,-2.78100,224.40000,224.40000,-0.01000,-0.01000,,,,,,,,,,,,,,,,,,0.006,-0.0473
2020-03-31,,,,7.37600,1.22100,-0.25800,,-9.09800,-1.09100,-10.18900,,-10.18900,-10.18900,-10.18900,-8.85500,-9.09800,187.20000,187.20000,-0.05000,-0.05000,,,,,,,,,,,,,,,,,,-0.03850,-0.03880
2019-12-31,,,,,,,,,,,,,,,,,,,,0.00000,,,,,,,,,,,,,,,,,,0,0
