Date,revenue,cost-goods-sold,gross-profit,selling-general-administrative-expenses,other-operating-income-expenses,operating-expenses,operating-income,total-non-operating-income-expense,pre-tax-income,total-provision-income-taxes,income-after-taxes,income-from-continuous-operations,net-income,ebitda,ebit,basic-shares-outstanding,shares-outstanding,eps-basic-net-earnings-per-share,eps-earnings-per-share-diluted,long-term-debt-capital,debt-equity-ratio,operating-margin,ebit-margin,pre-tax-profit-margin,net-profit-margin,asset-turnover,roe,return-on-tangible-equity,roa,roi,book-value-per-share,operating-cash-flow-per-share,free-cash-flow-per-share
2024-03-31,2142.30500,1554.77400,587.53090,394.16200,,401.97300,185.55790,-7.08000,178.47800,0.99600,177.48200,177.48200,177.36800,187.33690,185.55790,231.44300,293.79600,0.77000,0.62000,0.22420,0.28910,8.66160,8.66160,8.33110,8.27930,0.48480,17.15980,17.15980,4.01650,13.31190,4.38240,2.15920,2.13890
2023-12-31,1431.65800,1205.23900,226.41870,-210.75900,-587.59400,371.89600,-145.47730,-5.16700,-150.64400,-0.80600,-149.83800,-149.83800,-150.03000,-144.05830,-145.47670,221.65500,221.65500,-0.68000,-0.68000,0.27040,0.37060,-10.16150,-10.16140,-10.52240,-10.47950,0.39750,-18.58760,-18.58760,-4.16050,-13.56130,3.51420,1.3227,1.2947
2023-09-30,1439.99100,1163.19400,276.79700,75.50300,-259.53800,335.04100,-58.24410,-6.54400,-64.78800,0.91500,-65.70300,-65.70300,-65.39800,-56.44010,-58.24410,223.09900,223.09900,-0.29000,-0.29000,0.24470,0.32400,-4.04480,-4.04480,-4.49920,-4.54160,0.42990,-7.13050,-7.13050,-1.96160,-5.38540,4.07550,-5.1953,-5.2233
2023-06-30,1521.53500,1181.99900,339.53600,76.45300,-269.61200,346.06500,-6.52890,-7.73200,-14.26100,1.16400,-15.42500,-15.42500,-15.52800,-5.46490,-6.52890,219.40000,219.40000,-0.07000,-0.07000,0.23860,0.31340,-0.42910,-0.42910,-0.93730,-1.02050,0.33330,-1.62030,-1.62030,-0.33790,-1.23370,4.28990,0.7328,0.7075
2023-03-31,1469.68500,1091.59200,378.09300,398.51900,,403.45800,-25.36500,-12.24200,-37.60700,2.02100,-39.62800,-39.62800,-39.77200,-27.55400,-25.36500,216.91300,216.91300,-0.18000,-0.18000,0.24240,0.32000,-1.72590,-1.72590,-2.55880,-2.70620,0.32780,-4.25300,-4.25300,-0.88400,-3.22190,4.26730,1.91190,1.87790
2022-12-31,995.12700,884.90420,110.22270,75.80800,-256.89400,332.70180,-222.47900,-4.79600,-227.27500,-0.71500,-226.56000,-226.56000,-226.04600,-220.20800,-222.47900,212.47500,212.47500,-1.05000,-1.05000,0.25030,0.33390,-22.35690,-22.35690,-22.83880,-22.71530,0.21980,-25.38770,-25.38770,-5.00510,-19.03230,4.12590,0.7143,0.6805
2022-09-30,978.42700,852.68900,125.73800,78.55700,-239.55300,318.11000,-192.37210,-2.79000,-195.16200,-1.61500,-193.54700,-193.54700,-192.91300,-187.12210,-192.37210,212.82300,212.82300,-0.91000,-0.91000,0.21540,0.27460,-19.66140,-19.66140,-19.94650,-19.71670,0.22710,-17.84550,-17.84550,-4.49200,-14.00110,5.05020,-2.6027,-2.6475
2022-06-30,1017.31900,808.63900,208.68000,80.75400,-234.41300,315.16700,-106.48690,-5.34800,-111.83500,0.29000,-112.12500,-112.12500,-112.16400,-101.38190,-106.48690,211.31100,211.31100,-0.53000,-0.53000,0.19250,0.23840,-10.46740,-10.46740,-10.99310,-11.02550,0.21410,-8.98150,-8.98150,-2.35990,-7.25250,5.88450,1.0052,0.9769
2022-03-31,972.76500,734.56600,238.19900,74.66400,-232.06400,306.72800,-68.52890,-7.27400,-75.80300,1.51700,-77.32000,-77.32000,-75.15200,-62.67890,-68.52890,210.54800,210.54800,-0.36000,-0.36000,0.18220,0.22280,-7.04480,-7.04480,-7.79250,-7.72560,0.22360,-5.79100,-5.79100,-1.77730,-4.73610,6.33010,2.67330,2.64360
2021-12-31,496.06700,482.49190,13.57500,89.33700,-120.49200,209.82930,-196.25420,-1.59800,-197.85200,-0.11100,-197.74100,-197.74100,-198.92100,-189.74320,-196.25410,178.96700,178.96700,-0.83000,-0.83000,,,-39.56200,-39.56200,-39.88410,-40.09960,0.14930,-14.20020,-14.20020,-5.95310,-14.20020,6.62070,0.0232,-0.0317
2021-09-30,443.97900,453.57600,-9.59700,60.00300,-142.08000,202.08300,-211.68000,-0.39800,-212.07800,-0.59700,-211.48100,-211.48100,-211.48100,-205.57400,-211.68000,208.15900,208.15900,-1.02000,-1.02000,,,-47.67790,-47.67790,-47.76760,-47.63310,0.14010,-13.61570,-13.61570,-6.67160,-13.61570,7.42550,-2.8366,-2.866
2021-06-30,529.28100,419.87900,109.40200,51.16600,-130.74200,181.90800,-72.50600,-0.22800,-72.73400,0.58900,-73.32300,-73.32300,-73.32300,-66.96400,-72.50600,207.47800,207.47800,-0.35000,-0.35000,,,-13.69900,-13.69900,-13.74200,-13.85330,0.14280,-4.22900,-4.22900,-1.97820,-4.22900,8.35300,-1.777,-1.7634
2021-03-31,369.38800,268.04800,101.34000,64.57200,-100.80900,165.38100,-64.04100,-23.87500,-87.91600,0.96500,-88.88100,-88.88100,-88.88100,-59.23500,-64.04100,88.86600,88.86600,-1.00000,-1.00000,,,-17.33710,-17.33710,-23.80050,-24.06170,0.10280,-4.97590,-4.97590,-2.47280,-4.97590,8.62180,3.57490,3.50090
2020-12-31,157.67300,84.23300,73.44000,260.27700,,260.27700,-186.83700,-3.51400,-190.35100,-0.48100,-189.87000,-189.87000,-189.87000,-182.13800,-186.83700,29.26300,29.26300,-6.66000,-6.66000,0.24090,0.31730,-118.49650,-118.49650,-120.72520,-120.42010,0.06940,14.65170,-42.28560,-8.35660,-32.09950,14.27490,3.0062,2.8953
2020-09-30,101.70000,85.39200,16.30800,36.54600,-59.89200,96.43800,-80.13000,,-80.13000,-0.99800,-79.13200,-79.13200,-79.13200,-76.17400,-80.13000,29.04300,29.04300,-2.72000,-2.72000,,,-78.79060,-78.79060,-78.79060,-77.80930,,,,,,,-7.5959,-7.692
2020-06-30,115.32500,55.51200,59.81300,35.99400,-63.17000,99.16400,-39.35100,,-39.35100,1.59300,-40.94400,-40.94400,-40.94400,-36.50500,-39.35100,28.90500,28.90500,-1.42000,-1.42000,,,-34.12180,-34.12180,-34.12180,-35.50310,,,,,,,8.518,8.3835
2020-03-31,88.10300,84.21600,3.88700,31.83900,-67.99600,99.83500,-95.94800,,-95.94800,0.93100,-96.87900,-96.87900,-96.87900,-93.24900,-95.94800,28.87500,28.87500,-3.36000,-3.36000,,,-108.90440,-108.90440,-108.90440,-109.96110,,,,,,,3.68310,3.54540
2019-12-31,,,,,,,,,,,,,,,,,,,0.00000,,,,,,,,,,,,,0,0
