Date,revenue,cost-goods-sold,gross-profit,research-development-expenses,selling-general-administrative-expenses,other-operating-income-expenses,operating-expenses,operating-income,total-non-operating-income-expense,pre-tax-income,total-provision-income-taxes,income-after-taxes,income-from-continuous-operations,income-from-discontinued-operations,net-income,ebitda,ebit,basic-shares-outstanding,shares-outstanding,eps-basic-net-earnings-per-share,eps-earnings-per-share-diluted,current-ratio,long-term-debt-capital,debt-equity-ratio,gross-margin,operating-margin,ebit-margin,pre-tax-profit-margin,net-profit-margin,asset-turnover,receiveable-turnover,days-sales-in-receivables,roe,return-on-tangible-equity,roa,roi,book-value-per-share,operating-cash-flow-per-share,free-cash-flow-per-share
2023-09-30,3.71500,1.04000,2.67500,1.55200,5.18700,,6.73900,-4.06400,-2.35400,-6.41800,,-6.41800,-6.41800,,-8.65700,-2.23600,-4.06400,4.90500,4.90500,-1.76000,-1.76000,1.13700,1.49080,-3.03740,72.00540,-109.39430,-109.39430,-172.75910,-233.02830,0.17890,6.59860,13.63930,138.64680,60.82260,-30.90330,-68.05220,-0.94140,-0.3622,-0.3771
2023-06-30,2.96000,0.80400,2.15600,1.53700,5.24700,,6.78400,-4.62800,-2.22800,-6.85600,-0.10000,-6.75600,-6.75600,,-8.99400,-2.86300,-4.62800,4.88700,4.88700,-1.84000,-1.84000,1.42150,0.94030,15.75790,72.83780,-156.35130,-156.35130,-231.62160,-303.85140,0.13090,4.58200,19.64190,-893.63670,123.46490,-29.88060,-53.32700,0.15470,-1.0034,-1.0232
2023-03-31,2.52900,0.84700,1.68200,1.64400,6.80800,-0.45700,8.90900,-7.22700,-1.10300,-8.33000,0.02000,-8.35000,-8.35000,,-10.58900,-6.02000,-7.22700,4.68680,4.68680,-2.27950,-2.27950,1.88150,0.59690,1.48100,66.50850,-285.76510,-285.76510,-329.37920,-418.70300,0.10180,2.71640,33.13170,-126.13300,-9597.60800,-33.60700,-50.84020,1.35440,-1.05680,-1.06210
2022-12-31,2.51000,0.97300,1.53700,1.86100,7.67500,,9.53600,-7.99900,-1.15900,-9.15800,-0.05200,-9.10600,-9.10600,,-11.34400,-10.30100,-7.99900,3.87830,3.87830,-2.06790,-2.06790,1.50590,0.63940,1.77290,61.23510,-318.68520,-318.68520,-364.86060,-451.95230,0.09740,1.76020,51.13150,-160.40160,784.32430,-35.35350,-57.84530,1.25380,-0.6273,-0.6778
2022-09-30,2.84300,1.43600,1.40700,2.83300,8.70300,-0.93400,12.47000,-11.06300,-1.68100,-12.74400,0.02000,-12.76400,-12.76400,,-15.00300,-6.29500,-11.06300,4.05600,4.05600,-3.70000,-3.70000,2.53540,0.41130,0.69870,49.49000,-389.13120,-389.13120,-448.25890,-527.71720,0.09270,0.56840,158.34680,-96.66050,-210.55750,-41.63350,-56.90340,2.94320,-1.4687,-1.4996
2022-06-30,3.90300,2.20600,1.69700,2.85200,10.75500,,13.60700,-11.91000,-3.12800,-15.03800,0.02000,-15.05800,-15.05800,,-17.29600,-10.46400,-11.91000,3.48100,3.48100,-4.97000,-4.97000,2.71600,0.23920,0.31440,43.47940,-305.14990,-305.14990,-385.29340,-443.14630,0.11170,0.89740,100.28440,-76.31250,-122.59220,-43.09300,-58.06050,5.65060,-1.0467,-1.1895
2022-03-31,5.25800,2.84600,2.41200,3.42800,12.12900,,15.55700,-13.14500,-1.40000,-14.54500,0.10000,-14.64500,-14.64500,,-16.88400,-11.85700,-13.14500,3.45450,3.45450,-4.85900,-4.85900,4.46660,0.33450,0.50260,45.87300,-250.00000,-250.00000,-276.62610,-321.11070,0.08810,0.52880,170.19210,-45.64720,-60.19570,-24.53800,-30.37820,9.23910,-3.03690,-3.11070
2021-12-31,10.33200,4.08900,6.24300,4.74800,10.57400,-8.90300,24.22500,-17.98200,-1.91600,-19.89800,,-20.05100,-20.05100,,-22.28900,-16.81000,-17.98200,3.11000,3.11000,-6.95860,-6.95860,7.77430,0.44090,0.78870,60.42400,-174.04180,-174.04170,-192.58620,-215.72780,0.11030,1.12630,79.90420,-44.01490,-53.47500,-21.40330,-24.60760,13.21060,-4.8863,-5.101
2021-09-30,18.59400,5.85600,12.73800,4.56300,13.59400,-0.04900,18.20600,-5.46800,-2.41500,-7.88300,,-7.88300,-7.88300,,-10.12200,-4.44400,-5.46800,3.15310,3.15310,-3.23940,-3.23940,6.20700,0.47090,0.89000,68.50600,-29.40730,-29.40730,-42.39540,-54.43690,0.16050,1.77710,50.64380,-15.07290,-17.94240,-6.80620,-7.97520,16.37860,-4.5659,-4.9611
2021-06-30,26.48500,8.51900,17.96600,4.39900,15.21800,,19.61700,-1.65100,-2.06600,-3.71700,,-3.71700,-3.71700,,-5.95500,-0.69900,-1.65100,3.02660,3.02660,-1.97960,-1.97960,4.30980,0.44000,0.78570,67.83460,-6.23370,-6.23370,-14.03440,-22.48440,0.19860,2.55250,35.25920,-6.29650,-7.38030,-2.78690,-3.52600,18.97990,-1.1475,-1.6965
2021-03-31,28.72200,12.75000,15.97200,4.56900,14.28300,,18.85200,-2.88000,-2.61300,-5.49300,,-5.49300,-5.49300,,-7.73200,-2.01700,-2.88000,2.93760,2.93760,-2.63950,-2.63950,3.09080,0.44940,0.81620,55.60890,-10.02720,-10.02720,-19.12470,-26.92010,0.19820,1.57620,57.09840,-9.69350,-11.51740,-3.79020,-5.33720,19.17280,2.18960,1.90800
2020-12-31,29.25100,13.42600,15.82500,4.90800,12.74100,,17.64900,-1.82400,-2.05000,-3.87400,,-3.22900,-3.22900,,-4.75200,-1.16600,-1.82400,2.85260,2.85260,-1.55970,-1.55970,3.39570,0.43160,0.75940,54.10070,-6.23570,-6.23570,-13.24400,-16.24560,0.20210,1.38580,64.94550,-5.31510,-6.27440,-2.23150,-3.02090,20.77370,-0.0901,-0.3135
2020-09-30,24.02200,13.06800,10.95400,3.69700,10.26500,,13.96200,-3.00800,-2.66500,-5.67300,,-5.67300,-5.67300,,-6.13700,-2.49800,-3.00800,2.88060,2.88060,-2.15960,-2.15960,3.58720,0.75270,3.04290,45.59990,-12.52190,-12.52190,-23.61590,-25.54740,0.28850,2.81190,32.00690,-37.54220,-37.54220,-6.81340,-9.28600,5.20640,-0.859,-1.0348
2020-06-30,17.22600,9.87600,7.35000,2.37400,9.06300,,11.43700,-4.08700,-2.12600,-6.21300,,-6.21300,-6.21300,,-6.21300,-3.69800,-4.08700,2.83290,2.83290,-2.21960,-2.21960,1.14260,6.82470,-1.17170,42.66810,-23.72580,-23.72580,-36.06760,-36.06760,0.68770,2.98030,30.19850,20.67970,20.67970,-24.80540,-120.45370,-10.56680,-0.1226,-0.3343
2020-03-31,12.33800,7.23300,5.10500,1.94400,9.16500,,11.10900,-6.00400,-1.59100,-7.59500,,-7.59500,-7.59500,,-7.59500,-5.63400,-6.00400,2.78270,2.78270,-2.69950,-2.69950,1.28870,5.73570,-1.21120,41.37620,-48.66270,-48.66270,-61.55780,-61.55780,0.53910,2.16420,41.58620,27.66550,27.66550,-33.18480,-131.01600,-9.75800,-1.13050,-1.13560
2019-12-31,11.75800,6.89700,4.86100,,21.03900,,11.85700,-6.99600,-1.68900,-8.68500,,-8.68500,-8.68500,,-8.68500,-6.72400,-6.99600,2.73690,2.73690,-3.11940,-3.11940,1.44640,4.01840,-1.33130,41.34210,-59.49990,-59.49990,-73.86460,-73.86460,0.49290,2.05990,43.69110,36.32530,36.32520,-36.40750,-109.64530,-8.63180,-1.5119,-1.5119
2019-09-30,8.84500,6.11900,2.72600,,,-8.32200,8.32200,-5.59600,-2.96700,-8.56300,,-8.56300,-8.56300,,-8.56300,-5.36900,-5.59600,2.76090,2.76090,-3.11940,-3.11940,2.21310,2.45890,-1.68550,30.81970,-63.26740,-63.26740,-96.81180,-96.81180,0.36180,2.02770,44.38440,48.32130,48.32120,-35.02250,-70.49480,-6.40960,-2.4738,-2.4738
2019-06-30,7.68100,4.36500,3.31600,,8.22300,,8.22300,-4.90700,-0.58300,-5.49000,,-5.49000,-5.49000,,-5.49000,-4.71500,-4.90700,2.71970,2.71970,-2.03960,-2.03960,0.96120,9.30830,-1.27810,43.17150,-63.88490,-63.88490,-71.47510,-71.47510,0.47830,2.11540,42.54520,45.16660,45.16660,-34.18430,-375.25620,-4.40950,-0.5753,-0.5753
2019-03-31,6.81100,3.02700,3.78400,,,-6.29900,6.29900,-2.51500,-0.40600,-2.92100,,-2.92100,-2.92100,,-2.92100,-2.37700,-2.51500,2.70020,2.70020,-1.07980,-1.07980,0.68930,-4.88210,-0.93930,55.55720,-36.92560,-36.92560,-42.88650,-42.88650,0.94370,1.89140,47.58330,27.36050,27.36040,-40.47390,160.93670,-3.95210,-1.61430,-1.61430
2018-12-31,5.62400,2.65400,2.97000,,,-4.15700,4.15700,-1.18700,-0.25400,-1.44100,,-1.44100,-1.44100,,-1.44100,-1.03600,-1.18700,2.65970,2.65970,-0.53990,-0.53990,0.72310,-5.00470,-0.83350,52.80940,-21.10600,-21.10600,-25.62240,-25.62230,0.88950,4.06950,22.11590,16.07360,16.07360,-22.78980,96.51720,-3.32280,-0.5618,-0.5652
2018-09-30,4.36900,3.23700,1.13200,,,-5.17900,5.17900,-4.04700,-0.30600,-4.35300,,-4.35300,-4.35300,,-4.35300,-3.90300,-4.04700,2.65340,2.65340,-1.61970,-1.61970,0.91030,-25.13560,-0.96170,25.90980,-92.62990,-92.62990,-99.63380,-99.63380,0.51530,1.82730,49.25380,56.45940,56.45920,-51.33860,1475.59300,-2.87500,-1.2166,-1.2166
2018-06-30,3.27300,2.94100,0.33200,,,-4.47700,4.47700,-4.14500,-0.05500,-4.20000,,-4.20000,-4.20000,,-4.20000,-4.05000,-4.14500,2.65270,2.65270,-1.55970,-1.55970,0.91360,20.61440,-1.05100,10.14360,-126.64220,-126.64220,-128.32260,-128.32260,0.41450,2.87110,31.34740,90.73300,90.73240,-53.19150,-1779.66400,-1.74500,-0.1563,-0.1563
2018-03-31,1.91100,2.28700,-0.37600,,,-3.87100,3.87100,-4.24700,0.02900,-4.21800,,-4.21800,-4.21800,,-4.21800,-4.16200,-4.24700,2.65020,2.65020,-1.61970,-1.61970,0.62650,,,-19.67560,-222.23970,-222.23970,-220.72210,-220.72210,0.50530,1.57800,57.03300,459.98210,459.97830,-111.52830,459.97820,-0.34570,-1.28900,-1.28900
2017-12-31,3.03500,2.03000,1.00500,,3.66700,,3.78200,-2.77700,0.09700,-2.68000,0.00200,-2.68200,-2.68200,,-2.68200,-2.91500,-2.77700,2.29230,2.29230,2.51950,2.69950,1.00120,0.00220,0.00220,33.11370,-91.49920,-91.49920,-88.30310,-88.36910,0.45960,5.93930,15.15320,-298.66020,-298.66350,-40.61170,-297.99990,0.33900,-2.5409,-2.7018
2017-09-30,1.19500,1.66400,-0.46900,,2.57500,,2.62200,-3.09100,0.01300,-3.07800,0.00200,-3.08000,-3.08000,,-3.08000,-3.04400,-3.09100,7.94130,7.94130,-0.35990,-0.35990,1.45300,0.00180,0.00180,-39.24690,-258.66110,-258.66110,-257.57320,-257.74060,0.13480,1.68550,53.39750,-93.21990,-93.22030,-34.73950,-93.05140,1.24740,0.6729,0.6916
2017-06-30,1.66500,1.33200,0.33300,,2.94000,,2.98500,-2.65200,16.57800,13.92600,0.00100,13.92500,13.92500,,13.92500,0.72800,-2.65200,2.31460,2.38360,5.99880,5.81880,2.19370,0.00220,0.00220,20.00000,-159.27930,-159.27930,836.39640,836.33630,0.14850,1.68690,53.35140,219.18790,219.18780,124.19730,218.70580,2.39840,-0.2985,-0.3199
2017-03-31,1.82200,1.36500,0.45700,,2.62900,,2.66800,-2.21100,-19.55600,-21.76700,0.00100,-21.76800,-21.76800,,-21.76800,-2.17200,-2.21100,1.54130,1.54130,-14.09720,-14.09720,0.06230,-0.00050,-0.22570,25.08230,-121.35020,-121.35020,-1194.67600,-1194.73100,0.61970,1.44260,62.38750,48.80720,48.80720,-740.40810,48.83130,-28.33280,-1.04780,-1.07960
2016-12-31,3.78800,1.28900,2.49900,,2.32000,,2.34900,0.15000,-1.64900,-1.50900,0.00200,-1.51100,-1.51100,,-1.51100,1.16700,0.15000,1.53010,1.53010,-0.95980,-0.95980,0.10110,-0.00120,-0.38800,65.97150,3.95990,3.95990,-39.83640,-39.88920,1.22040,3.60080,24.99470,5.96570,5.96570,-48.67920,5.97300,-16.48810,-0.8316,-0.8342
2016-09-30,1.33600,1.25300,0.08300,,2.19500,,2.23300,-2.15000,-5.26100,-7.41100,0.00200,-7.41300,-7.41300,,-7.41300,0.90100,-2.15000,1.52930,1.52930,-4.85900,-4.85900,0.12750,-0.00160,-0.35340,6.21260,-160.92820,-160.92820,-554.71560,-554.86530,0.34670,1.50280,59.88770,30.15740,30.15740,-192.39550,30.20660,-16.06750,-0.9809,-1.0306
2016-06-30,1.22300,1.16200,0.06100,,2.13600,,2.17800,-2.11700,-2.61000,-4.71700,0.00300,-4.72000,-4.72000,,-4.72000,-1.42500,-2.11700,1.52830,1.52830,-3.05940,-3.05940,0.07450,-0.00320,-0.35430,4.98770,-173.09890,-173.09890,-385.69090,-385.93620,0.59110,1.34540,66.89290,27.14670,27.14670,-228.12950,27.23440,-11.37460,-0.9363,-0.9468
2016-03-31,0.72800,0.96600,-0.23800,,2.18700,,2.21900,-2.45700,-1.83300,-4.29000,0.00200,-4.29200,-4.29200,,-4.29200,-2.42500,-2.45700,1.52830,1.52830,-2.81940,-2.81940,0.09510,-0.00300,-0.36710,-32.69230,-337.50000,-337.50000,-589.28570,-589.56040,0.35220,1.19340,75.41210,33.42410,33.42420,-207.64390,33.52340,-8.40040,-0.99330,-0.99980
2015-12-31,1.26200,0.77800,0.48400,,1.92500,,1.95300,-1.46900,2.57500,1.10600,0.00200,1.10400,1.10400,,1.10400,-1.28300,-1.46900,1.12190,1.12190,0.35990,0.35990,0.43170,-0.74620,-0.42730,38.35180,-116.40250,-116.40260,87.63870,87.48020,0.43820,2.13900,42.07610,-12.65480,-12.65470,38.33330,-22.09770,-5.70720,-1.6816,-1.7634
2015-09-30,0.53800,0.72000,-0.18200,,1.96800,,1.99800,-2.18000,-5.29700,-7.47700,0.00300,-7.48000,-7.48000,,-7.48000,-1.03900,-2.18000,1.32380,1.32380,-5.75770,-5.75770,0.09910,-0.00140,-0.16740,-33.82900,-405.20440,-405.20440,-1389.77700,-1390.33500,0.27930,1.28710,69.92570,61.84380,61.84370,-388.36970,61.93080,-9.04110,-0.2851,-0.2824
2015-06-30,0.47200,0.52900,-0.05700,,2.42200,,2.45200,-2.50900,1.92400,-0.58500,0.00200,-0.58700,-0.58700,,-0.58700,-1.42300,-2.50900,0.98300,0.98300,-0.71970,-0.71970,0.16540,-0.00250,-0.44620,-12.07630,-531.56770,-531.56770,-123.94070,-124.36440,0.24660,1.89560,47.47880,11.15120,10.95970,-30.66880,11.17880,-4.06520,-1.4856,-1.4905
2015-03-31,0.43300,0.40600,0.02700,,2.73400,,2.76800,-2.74100,2.48300,-0.25800,0.00200,-0.26000,-0.26000,,-0.26000,-2.70800,-2.74100,0.70270,0.70270,-0.35990,-0.35990,0.14550,-0.00040,-0.00540,6.23560,-633.02540,-633.02540,-59.58430,-60.04620,0.32340,3.97250,22.65590,0.64330,0.64180,-19.41750,0.64360,-57.44110,-1.15420,-1.16560
2014-12-31,1.14900,0.42300,0.72600,,3.36900,,1.69100,-0.96500,-0.86100,-1.82600,0.00200,-1.82800,-1.82800,,-1.82800,-3.70500,-0.96500,0.62120,0.62120,-1.79930,-0.35990,0.51010,-0.00060,-0.00060,63.18540,-83.98610,-83.98610,-158.92090,-159.09500,0.48850,2.34970,38.30290,4.43430,4.42350,-77.72110,4.43680,-58.76530,-2.9012,-2.9079
2014-09-30,0.37000,0.34600,0.02400,,1.59600,,1.62600,-1.60200,1.39500,-0.20700,0.00300,-0.21000,-0.21000,,-0.21000,-1.57200,-1.60200,0.65340,0.65340,-0.35990,-0.35990,0.53570,-0.00060,-0.00060,6.48650,-432.97300,-432.97300,-55.94600,-56.75680,0.13990,2.15120,41.83780,0.51000,0.50870,-7.93950,0.51030,-60.70420,-0.92,-0.9582
2014-06-30,0.31200,0.26700,0.04500,1.70900,,,1.73700,-1.69200,-25.76100,-27.45300,0.00200,-27.45500,-27.45500,0.00800,-27.44700,1.10300,-1.69200,0.60310,0.60310,-45.70170,-45.70170,0.48370,-0.00050,-0.00050,14.42310,-542.30770,-542.30770,-8799.03800,-8797.11500,0.13560,1.76270,51.05770,63.96930,63.80730,-1193.17700,63.99920,-65.78070,-2.7973,-2.8186
2014-03-31,0.19900,0.26500,-0.06600,,1.33700,,1.36100,-1.42700,3.78900,2.36200,0.00200,2.36000,2.36000,-0.22100,2.13900,-1.39900,-1.42700,0.54050,0.78270,3.95840,2.51900,0.29920,-0.00150,-0.00150,-33.16580,-717.08540,-717.08540,1186.93500,1074.87400,0.09510,0.67920,132.51260,-14.85120,-14.74630,112.81070,-14.87360,-27.81360,-1.87040,-1.90880
2013-12-31,0.40300,0.13600,0.26700,,1.12500,,1.08800,-0.82100,0.59400,-0.22700,0.00400,-0.23100,-0.23100,-1.26700,-1.49800,-0.66900,-0.82100,0.40580,0.40580,-4.13280,-1.97370,0.40720,-0.00140,-0.00140,66.25310,-203.72210,-203.72200,-56.32750,-371.71210,0.15360,1.39930,64.31760,1.28030,1.27200,-8.80670,1.28210,-34.47060,-6.6761,-6.6761
2013-09-30,0.10900,0.16200,-0.05300,,1.24600,,1.25300,-1.30600,2.23000,0.92400,0.00200,0.92200,0.92200,-0.24200,0.68000,-1.29900,-1.30600,0.39700,0.53810,1.43940,1.43940,0.20670,-0.00110,-0.00110,-48.62390,-1198.16500,-1198.16500,847.70650,623.85330,0.05220,0.28530,315.41280,-5.55660,-5.25720,44.17830,-5.56260,-41.79680,0.0178,0.0178
2013-06-30,0.10700,0.14800,-0.04100,,1.42600,,1.43200,-1.47300,-4.75400,-6.22700,0.00100,-6.22800,-6.22800,-0.24600,-6.47400,-1.50900,-1.47300,0.38680,0.38680,-16.73880,-16.73880,0.50990,-0.00120,-0.00120,-38.31780,-1376.63500,-1376.63500,-5819.62600,-6050.46700,0.03180,0.27650,325.51400,35.95430,34.03280,-185.02670,35.99580,-43.63310,-4.5657,-4.5657
2013-03-31,0.13500,0.20400,-0.06900,,1.62900,,1.67600,-1.74500,4.36000,2.61500,0.00200,2.61300,2.61300,,2.61300,-1.69800,-1.74500,0.33510,0.46020,7.91680,5.75770,0.51480,-0.00140,-0.00140,-51.11110,-1292.59200,-1292.59200,1937.03700,1935.55500,0.04050,0.48040,187.33330,-23.91540,-21.88810,78.39780,-23.94830,-32.54520,-3.40040,-3.40040
2012-12-31,0.17900,0.19800,-0.01900,,1.71200,-0.50100,2.24100,-2.26000,-3.51700,-5.77700,-0.02300,-5.75400,-5.75400,,-5.75400,-0.08600,-2.26000,0.16060,0.16060,-19.43220,-19.43220,0.90600,-0.00130,-0.00130,-10.61450,-1262.57000,-1262.57000,-3227.37400,-3214.52400,0.03630,0.73970,121.67600,41.82300,38.86260,-116.61940,41.87770,-43.06250,-10.7215,-10.79
2012-09-30,0.14000,0.19700,-0.05700,,1.94600,,2.01500,-2.07200,1.81700,-0.25500,0.00200,-0.25700,-0.25700,,-0.25700,-2.00300,-2.07200,0.16420,0.16420,-1.43940,-1.43940,0.46110,-0.00260,-0.00260,-40.71430,-1480.00000,-1480.00000,-182.14290,-183.57140,0.03810,0.62500,144.00000,3.12920,2.62810,-7.00080,3.13720,-40.43420,-5.5984,-5.5984
2012-06-30,0.12900,0.21700,-0.08800,,2.11300,-0.15500,2.34500,-2.43300,0.19700,-2.23600,0.02300,-2.25900,-2.25900,,-2.25900,-0.28600,-2.43300,0.14160,0.14160,-15.83370,-15.83370,0.42310,,,-68.21710,-1886.04600,-1886.04600,-1733.33300,-1751.16300,0.03710,0.63550,141.62790,26.64230,22.37520,-64.98850,26.64230,-54.59130,-6.7214,-6.7214
2012-03-31,0.09300,0.20400,-0.11100,,2.57000,,2.68500,-2.79600,-0.58400,-3.38000,-0.00700,-3.37300,-3.37300,,-3.37300,-2.10400,-2.79600,0.09420,0.09420,-35.62570,-35.62570,0.11260,,-0.08710,-119.35480,-3006.45200,-3006.45200,-3634.40900,-3626.88100,0.03530,0.60390,149.03220,48.61630,38.47820,-128.00760,48.61630,-73.64620,-15.25410,-15.25410
2011-12-31,0.06000,0.14300,-0.08300,,2.81600,,3.16600,-3.24900,-3.54500,-6.79400,0.00300,-6.79700,-6.79700,,-6.79700,-0.93500,-3.24900,0.05120,0.05120,-97.16110,-93.56260,0.38500,,,-138.33330,-5415.00300,-5415.00000,-11323.34000,-11328.34000,0.01680,0.33330,270.00010,151.17870,105.93830,-189.86030,151.17880,-47.72460,-46.8026,-46.8111
2011-09-30,0.05700,0.16100,-0.10400,,2.37600,,2.46100,-2.56500,0.24000,-2.32500,0.00200,-2.32700,-2.32700,,-2.32700,-2.29100,-2.56500,0.05890,0.05890,-39.58420,-39.58420,0.11610,,-0.10880,-182.45610,-4500.00000,-4500.00000,-4078.94800,-4082.45600,0.01870,0.51350,175.26320,118.90550,55.36520,-76.44550,118.90650,-32.44740,-24.0859,-24.0959
2011-06-30,0.06300,0.14500,-0.08200,,2.91000,,2.99900,-3.08100,6.04000,2.95900,0.00200,2.95700,2.95700,,2.95700,-2.99200,-3.08100,0.05800,0.06220,50.37980,46.78130,0.25430,,,-130.15870,-4890.47600,-4890.47600,4696.82500,4693.65100,0.01810,0.70790,127.14290,-453.53260,-100.00000,84.94690,-453.52760,-11.24740,8.7182,8.7969
2011-03-31,0.08700,0.12200,-0.03500,,3.04300,,3.13500,-3.17000,1.22500,-1.94500,0.00700,-1.95200,-1.95200,,-1.95200,-2.52000,-3.17000,0.02740,0.02740,-71.97120,-71.97120,1.12430,-0.00050,-0.00050,-40.22990,-3643.67800,-3643.67800,-2235.63200,-2243.67800,0.01390,1.27940,70.34480,50.66170,31.39780,-31.18710,50.68810,-66.46650,-71.29980,-71.55520
2010-12-31,0.11000,0.11700,-0.00700,,3.47000,,3.63700,-3.64400,-8.78400,-12.42500,,-12.42500,-12.42500,,-12.42500,-2.85300,-3.64400,0.00600,0.00600,-1813.67400,-1813.67400,1.42680,-1.33790,-0.57230,-6.36360,-3312.72800,-3312.72800,-11295.45000,-11295.46000,0.01380,1.50680,59.72730,122.08920,98.61110,-156.40740,285.43530,-806.13130,-249.668,-249.006
2010-09-30,0.10400,0.09900,0.00500,,2.58100,,2.78500,-2.78000,0.84000,-1.94000,0.00200,-1.94200,-1.94200,,-1.94200,-2.55500,-2.78000,0.00550,0.00550,-349.06030,-349.06030,0.12480,-0.01120,-0.01100,4.80770,-2673.07700,-2673.07700,-1865.38500,-1867.30800,0.02990,1.42470,63.17310,306.30790,62.32350,-55.77250,309.72890,-112.07930,-279.1636,-279.3665
2010-06-30,0.11100,0.05100,0.06000,,3.14100,,3.38700,-3.32700,0.85200,-2.47500,0.00200,-2.47700,-2.47700,,-2.47700,-3.01800,-3.32700,0.00490,0.00490,-431.82720,-431.82720,0.55170,-0.04070,-5.67010,54.05410,-2997.29700,-2997.29700,-2229.73000,-2231.53100,0.01480,0.04710,1912.70300,421.26030,79.18800,-33.08840,438.40710,-118.50100,-282.288,-282.0851
2010-03-31,0.12300,-0.01200,0.13500,0.01000,3.55800,,3.82300,-3.68800,0.55700,-3.13400,0.01800,-3.15200,-3.15200,,-3.15200,-3.37000,-3.68800,0.00460,0.00460,-719.71200,-719.71200,0.86060,0.04090,10.63230,109.75610,-2998.37400,-2998.37400,-2547.96800,-2562.60200,0.00770,0.91110,98.78050,-353.36400,184.54340,-19.82270,-338.92470,193.43250,-586.22140,-586.22140
2009-12-31,0.18400,0.00700,0.17700,,4.02700,,4.29600,-4.11900,5.68000,1.56100,0.00500,1.55600,1.55600,8.84200,1.55600,-3.78700,-4.11900,0.00400,0.00400,431.82730,431.82730,1.00520,0.01790,3.66940,96.19560,-2238.58700,-2238.58700,848.36920,845.65250,0.00960,0.59740,150.65220,58.91690,-9152.31900,8.14450,57.86540,582.31380,-526.02,-526.738
2009-09-30,0.26800,0.06800,0.20000,,3.87800,,4.15100,-3.95100,-4.88800,-8.83900,0.00300,-8.84200,-8.84200,-8.84200,-8.84200,-3.74900,-3.95100,0.00390,0.00390,-2303.07800,-2303.07800,1.12450,-0.14050,-23.26810,74.62690,-1474.25400,-1474.25400,-3298.13400,-3299.25300,0.01290,0.87870,102.42540,2135.83800,282.40180,-42.44020,2435.81300,-91.54360,-625.484,-622.59
2009-06-30,0.37100,0.16100,0.21000,,4.52600,,4.82800,-4.61800,-0.30600,-4.92400,0.00200,-4.92600,-4.92600,,-4.92600,-4.03500,-4.61800,0.00380,0.00380,-1295.48200,-1295.48200,0.87740,0.03020,5.39830,56.60380,-1244.74400,-1244.74400,-1327.22400,-1327.76300,0.02040,1.15580,77.87060,-243.13940,656.80080,-27.02290,-235.80660,528.65510,-818.669,-820.755
2009-03-31,0.70700,0.27300,0.43400,,5.60300,,6.00700,-5.57300,-1.81400,-7.38700,0.00800,-7.39500,-7.39500,10.44900,3.05400,-4.64500,-5.57300,0.00380,0.00380,863.65440,863.65440,0.44050,0.01230,1.84600,61.38610,-788.26020,-788.26020,-1044.83700,431.96600,0.03250,1.30200,69.12310,-129.69110,-258.29550,-34.01100,-128.09630,1490.25800,-1632.17500,-1634.00400
