Date,revenue,cost-goods-sold,gross-profit,research-development-expenses,selling-general-administrative-expenses,other-operating-income-expenses,operating-expenses,operating-income,total-non-operating-income-expense,pre-tax-income,total-provision-income-taxes,income-after-taxes,income-from-continuous-operations,income-from-discontinued-operations,net-income,ebitda,ebit,basic-shares-outstanding,shares-outstanding,eps-basic-net-earnings-per-share,eps-earnings-per-share-diluted,current-ratio,long-term-debt-capital,debt-equity-ratio,gross-margin,operating-margin,ebit-margin,pre-tax-profit-margin,net-profit-margin,asset-turnover,receiveable-turnover,days-sales-in-receivables,roe,return-on-tangible-equity,roa,roi,book-value-per-share,operating-cash-flow-per-share,free-cash-flow-per-share
2024-03-31,2.59770,0.81910,1.77870,1.21170,1.32910,,2.54080,-0.76220,0.15200,-0.61020,-0.11790,-0.49230,-0.49230,,-0.49230,-0.53580,-0.76220,9.22200,9.22200,-0.05000,-0.05000,5.08540,,,68.46960,-29.34070,-29.34070,-23.49000,-18.95140,0.11320,12.39100,7.26340,-2.49880,-4.52630,-2.14530,-2.49880,2.13640,-0.05650,-0.05650
2023-12-31,2.69190,0.83510,1.85680,1.25500,1.09600,,2.35090,-0.49410,0.17720,-0.31690,-0.03380,-0.28310,-0.28310,,-0.28310,-0.26780,-0.49410,9.22200,9.22200,-0.03000,-0.03000,4.70460,,,68.97800,-18.35560,-18.35550,-11.77360,-10.51640,0.11270,13.00960,6.91800,-1.40600,-2.54950,-1.18510,-1.40600,2.18330,-0.0108,-0.0108
2023-09-30,2.76790,0.82670,1.94130,1.19340,1.13730,,2.33070,-0.38940,0.16990,-0.21950,-0.03790,-0.18160,-0.18160,,-0.18160,-0.16320,-0.38940,9.22200,9.22200,-0.02000,-0.02000,4.87820,,,70.13440,-14.06880,-14.06880,-7.92980,-6.56000,0.11490,10.75200,8.37050,-0.89220,-1.63340,-0.75360,-0.89220,2.20690,0.0018,0.0018
2023-06-30,2.95600,0.77400,2.18200,1.16360,1.29600,,2.45970,-0.27770,0.51440,0.23670,0.10110,0.13560,0.13560,,0.13560,-0.05160,-0.27770,9.22200,9.22200,0.01000,0.01000,4.71290,,,73.81500,-9.39440,-9.39440,8.00700,4.58830,0.12120,7.91890,11.36520,0.66240,1.22910,0.55610,0.66240,2.22040,-0.021,-0.021
2023-03-31,2.56400,0.80250,1.76150,1.24860,1.42200,,2.67050,-0.90900,0.12120,-0.78790,-0.04960,-0.73830,-0.73830,,-0.73830,-0.68310,-0.90900,9.22200,9.22200,-0.08000,-0.08000,4.43830,,,68.70240,-35.45290,-35.45290,-30.72730,-28.79460,0.10570,23.93710,3.75990,-3.63980,-6.94120,-3.04330,-3.63980,2.19950,-0.08710,-0.08710
2022-12-31,2.79490,0.73460,2.06030,1.39700,1.46490,,2.86200,-0.80170,0.10530,-0.69640,-0.20220,-0.49420,-0.49420,,-0.49420,-0.51510,-0.80170,9.63900,9.63900,-0.04000,-0.04000,4.20520,,,73.71660,-28.68270,-28.68270,-24.91660,-17.68340,0.10990,22.85350,3.93810,-2.35640,-4.44410,-1.94340,-2.35640,2.27310,-0.0368,-0.0368
2022-09-30,2.62350,0.77530,1.84810,1.48550,1.42310,,2.90860,-1.06040,0.01980,-1.04070,0.00970,-1.05040,-1.05040,,-1.05040,-0.82010,-1.06040,9.72200,9.72200,-0.11000,-0.11000,4.58850,,,70.44640,-40.41990,-40.41990,-39.66710,-40.03730,0.09990,21.81280,4.12600,-4.81120,-8.97410,-4.00110,-4.81120,2.29440,-0.1017,-0.1017
2022-06-30,2.64450,0.66150,1.98290,1.52180,1.53750,0.00730,3.05200,-1.06910,-0.04040,-1.12400,0.00480,-1.12870,-1.12870,,-1.12870,-0.94090,-1.06910,9.77200,9.77200,-0.12000,-0.12000,4.85330,,,74.98370,-40.42630,-40.42630,-42.50200,-42.68180,0.09560,24.76300,3.63450,-4.86900,-8.64530,-4.07850,-4.86900,2.38440,-0.0428,-0.0428
2022-03-31,2.92670,0.65210,2.27460,1.53010,1.45760,,2.98780,-0.71320,-0.00970,-0.72290,0.01600,-0.73890,-0.73890,,-0.73890,-0.61700,-0.71320,9.83200,9.83200,-0.08000,-0.08000,7.06170,,,77.71910,-24.36760,-24.36760,-24.70060,-25.24840,0.10620,26.82880,3.35460,-3.02050,-4.10810,-2.68250,-3.02050,2.48820,-0.12540,-0.12540
2021-12-31,3.10840,0.69830,2.41010,1.46110,0.94980,-0.00900,2.41990,-0.00980,0.00510,-0.00480,0.01280,-0.01760,-0.01760,,-0.00530,0.09430,-0.00980,7.76600,7.80900,-0.03000,-0.03000,5.99790,,,77.53420,-0.31660,-0.31660,-0.15400,-0.16960,0.10760,20.25700,4.44290,-0.07030,-0.09500,-0.06090,-0.07030,2.54790,0.0209,0.1308
2021-09-30,3.37760,0.74460,2.63310,1.33470,1.18340,-0.57150,3.08960,-0.45650,0.05370,-0.40290,-0.00620,-0.39670,-0.39670,,-0.40900,-0.34370,-0.45650,7.71800,7.71800,-0.05000,-0.05000,3.12040,,,77.95610,-13.51660,-13.51660,-11.92750,-12.11010,0.18720,28.72440,3.13320,-2.76880,-5.11310,-2.19830,-2.76880,1.73880,0.0529,0.0529
2021-06-30,3.41580,0.63060,2.78520,1.29880,0.72470,-0.18470,2.20820,0.57700,0.24690,0.82390,0.00220,0.82170,0.82170,,0.82170,0.69410,0.57700,6.90600,6.93000,0.12000,0.12000,2.10630,,,81.53930,16.89240,16.89240,24.11980,24.05540,0.23200,65.36050,1.37700,7.19990,17.12800,5.58070,7.19990,1.65250,0.0744,0.0744
2021-03-31,3.37200,0.64670,2.72530,1.29730,1.01920,,2.31640,0.40890,0.50900,0.91780,0.00110,0.91670,0.91670,,0.91670,0.51990,0.40890,6.90600,6.90600,0.13000,0.13000,2.01390,,,80.82100,12.12520,12.12520,27.21910,27.18650,0.24570,67.83620,1.32670,8.50150,22.24090,6.68030,8.50150,1.56140,0.01390,0.01390
2020-12-31,3.42220,0.63250,2.78970,1.29510,0.96280,,2.25790,0.53180,-0.00190,0.52990,-0.00790,0.53790,0.53790,,0.53130,0.67630,0.53180,6.88500,6.88800,0.07000,0.07000,1.64340,0.01680,0.05150,81.51870,15.54100,15.54100,15.48550,15.52380,0.25180,47.92330,1.87800,5.46880,17.19740,3.95810,5.37710,1.42410,0.0761,0.0761
2020-09-30,3.30930,0.63250,2.67680,1.22380,0.90920,,2.13300,0.54380,0.19980,0.74350,0.00330,0.74020,0.74020,,0.74680,0.69850,0.54380,6.88900,6.89600,0.11000,0.11000,1.69040,0.02380,0.05470,80.88810,16.43250,16.43250,22.46870,22.56850,0.25900,13.22600,6.80480,7.99870,29.69590,5.79450,7.80840,1.34010,0.0707,0.0707
2020-06-30,3.38050,0.68540,2.69500,1.25590,0.90850,,2.16440,0.53070,0.00340,0.53400,0.00250,0.53150,0.53150,,0.53150,0.71590,0.53070,6.86900,6.86900,0.08000,0.08000,1.35490,0.02920,0.06020,79.72390,15.69790,15.69790,15.79780,15.72390,0.27790,27.09020,3.32220,6.31540,33.41720,4.37010,6.13090,1.22530,0.0591,0.0591
2020-03-31,2.72070,0.62270,2.09800,1.25070,1.21090,,2.46160,-0.36360,-0.07230,-0.43590,0.00250,-0.43840,-0.43840,,-0.43840,-0.17210,-0.36360,6.87400,6.87400,-0.06000,-0.06000,1.03880,,,77.11200,-13.36410,-13.36410,-16.02080,-16.11270,0.22790,22.15570,4.06220,-5.59910,-46.66540,-3.67230,-5.59910,1.13970,0.00250,0.00250
2019-12-31,2.57910,0.65020,1.92890,1.38550,1.62910,,9.77480,-7.84590,-0.03920,-7.88510,0.01110,-7.89620,-7.89620,0.00000,-7.89610,-0.90380,-7.84590,6.87400,6.87400,-1.14000,-1.14000,1.07960,,,74.78910,-304.20730,-304.20730,-305.72590,-306.15520,0.21110,19.73530,4.56040,-96.46050,-641.04950,-64.61910,-96.46050,1.19030,-0.0261,-0.0394
2019-09-30,2.95840,0.67950,2.27890,1.69440,1.67180,,3.36620,-1.08720,-0.48460,-1.57180,-0.15720,-1.41460,-1.41460,-0.15930,-1.57390,-0.79120,-1.08720,6.87500,6.87500,-0.23000,-0.23000,1.32390,,,77.03050,-36.75070,-36.75070,-53.13010,-53.20100,0.15000,15.80530,5.69430,-8.87570,-65.49470,-7.17120,-8.87570,2.31830,-0.1336,-0.1488
2019-06-30,4.87290,0.89250,3.98040,1.71200,1.84540,,3.55730,0.42300,0.02480,0.44790,0.16350,0.28440,0.28440,0.15900,0.44340,0.57600,0.42300,6.87500,6.88700,0.06000,0.06000,1.47210,,,81.68490,8.68170,8.68170,9.19140,9.09900,0.22800,29.45370,3.05560,1.65590,8.53530,1.33100,1.65590,2.49810,-0.0797,-0.0936
2019-03-31,4.87320,0.95220,3.92100,1.77160,2.25460,,4.02620,-0.10520,0.03000,-0.07530,-0.15900,0.08370,0.08370,0.56290,0.64660,0.04750,-0.10520,6.79500,6.79500,0.09000,0.09000,1.15170,,,80.46000,-2.15940,-2.15940,-1.54470,13.26890,0.22720,22.67530,3.96910,0.51400,3.51620,0.39030,0.51400,2.36910,-0.41020,-0.42470
2018-12-31,5.13150,0.99500,4.13650,1.69340,2.58050,,4.27390,-0.13740,0.03290,-0.10450,0.00110,-0.10570,-0.10570,-0.44830,-0.55400,0.29400,-0.13740,6.72200,6.72200,-0.09000,-0.09000,0.79310,,,80.60950,-2.67760,-2.67760,-2.03700,-10.79570,0.21000,12.18060,7.38880,-0.69730,-8.93100,-0.43250,-0.69730,2.20610,-0.0729,-0.0876
2018-09-30,5.30470,0.86820,4.43660,1.66280,2.35600,,4.01880,0.41770,-0.54720,-0.12950,-0.01360,-0.11590,-0.11590,-0.45370,-0.56960,0.92500,0.41770,6.88600,6.88600,-0.08000,-0.08000,0.81490,,,83.63400,7.87390,7.87390,-2.44200,-10.73700,0.20870,12.45440,7.22640,-0.75160,35.99810,-0.45600,-0.75160,2.23860,-0.0672,-0.0802
2018-06-30,5.82520,1.00270,4.82250,1.50810,2.65050,,4.15850,0.66390,-1.94260,-1.27870,0.01550,-1.29420,-1.29420,-0.57080,-1.86500,1.47470,0.66390,6.88200,6.88200,-0.27000,-0.27000,0.75800,,,82.78750,11.39750,11.39750,-21.95150,-32.01660,0.21760,17.52420,5.13570,-8.32310,210.47940,-4.83460,-8.32310,2.25950,0.6255,0.6139
2018-03-31,4.07040,0.74560,3.32480,1.72660,2.09130,,3.81790,-0.49310,0.00290,-0.49020,,-0.49020,-0.49020,-0.31850,-0.80870,-0.25530,-0.49310,6.88180,6.88180,-0.12000,-0.12000,0.93170,,,81.68180,-12.11400,-12.11400,-12.04180,-19.86670,0.18820,7.13600,12.61220,-2.88130,-115.17890,-2.26650,-2.88130,2.47190,-0.07890,-0.09050
2017-12-31,5.95530,1.10780,4.84750,2.28280,3.67500,,5.95780,-1.11030,-0.02690,-1.13730,,-1.36630,-1.36630,,-1.36630,-0.59670,-1.11030,6.45300,6.45300,-0.23000,-0.23000,0.93470,,,81.39810,-18.64450,-18.64450,-19.09700,-22.94190,0.26160,9.60620,9.36890,-7.83820,-322.37560,-6.00170,-7.83820,2.53280,-0.0109,-0.0233
2017-09-30,5.92750,1.22820,4.69930,2.21780,4.49360,,6.71140,-2.01210,0.00780,-2.00430,,-2.00430,-2.00430,,-2.00430,-1.48910,-2.01210,6.45200,6.45200,-0.31000,-0.31000,0.84550,,,79.27960,-33.94530,-33.94530,-33.81430,-33.81430,0.26180,8.63000,10.42870,-11.54130,3263.70800,-8.85240,-11.54130,2.58470,-0.1947,-0.2079
2017-06-30,6.23960,1.24280,4.99680,2.20640,4.25240,,6.45890,-1.46210,-0.02280,-1.48500,,-1.48500,-1.48500,,-1.48500,-0.91800,-1.46210,6.71560,6.71560,-0.22000,-0.22000,1.10110,,,80.08170,-23.43290,-23.43290,-23.79910,-23.79910,0.24200,7.65540,11.75640,-7.80130,4554.51500,-5.75840,-7.80130,2.83220,-0.048,-0.0587
2017-03-31,6.71900,1.28250,5.43640,2.21130,4.30060,,6.51200,-1.07550,0.03680,-1.03870,,-1.03870,-1.03870,,-1.03870,-0.52370,-1.07550,6.71500,6.71500,-0.15000,-0.15000,1.22090,,,80.91210,-16.00720,-16.00720,-15.45930,-15.45930,0.25150,7.82280,11.50480,-5.16400,-165.98330,-3.88850,-5.16400,2.99550,0.14040,0.13110
2016-12-31,7.04720,1.26870,5.77850,2.21610,4.50650,,6.72260,-0.94410,0.26030,-0.68380,,-1.02520,-1.02520,,-1.02520,-0.27600,-0.94410,5.57790,5.57790,-0.35000,-0.35000,1.27660,,,81.99690,-13.39670,-13.39670,-9.70350,-14.54750,0.25600,6.23170,14.44230,-4.91850,-109.81060,-3.72470,-4.91850,3.10400,-0.3173,-0.2512
2016-09-30,4.64790,1.12080,3.52720,1.86440,1.73050,,3.59500,-0.06780,0.00020,-0.06760,-0.34140,0.27380,0.27380,,0.27380,0.06510,-0.06780,1.23400,1.23400,0.22000,0.22000,0.35650,-0.00400,-0.85640,75.88640,-1.45890,-1.45890,-1.45370,5.89080,1.70850,8.54980,10.52650,-8.49670,-8.49670,10.06470,-8.53050,-2.70240,0.2646,0.1758
2016-06-30,4.35560,1.22710,3.12850,2.42740,1.47360,,3.90090,-0.77240,0.03030,-0.74220,,-0.74220,-0.74220,,-0.74220,-0.41340,-0.77240,5.22860,5.22860,-0.14000,-0.14000,0.38720,-0.00940,-0.61240,71.82780,-17.73470,-17.73470,-17.03960,-17.03960,1.51950,12.39860,7.25890,19.98240,19.98240,-25.89170,20.16970,-3.27170,-0.0982,-0.1167
2016-03-31,4.93770,1.39900,3.53870,2.09280,1.40540,,3.49820,0.04050,0.00030,0.04080,,0.04080,0.04080,,0.04080,0.28310,0.04050,5.22900,5.22900,0.01000,0.01000,0.47280,-0.01880,-0.66180,71.66700,0.82030,0.82030,0.82610,0.82610,1.54060,13.04630,6.89850,-1.35500,-1.35500,1.27270,-1.38040,-2.65170,0.07800,0.05730
2015-12-31,10.82080,3.81110,7.00970,6.96170,-0.59980,,6.36190,0.64780,-0.14650,0.50130,,0.67290,0.67290,,0.67290,0.68690,0.64780,5.22900,5.22900,0.99900,0.99900,2.26690,,,64.77970,5.98650,5.98650,4.63270,6.21840,0.62680,11.01220,8.17270,5.05850,10.40060,3.89770,5.05850,2.54390,1.0636,1.0039
2015-09-30,2.92670,0.42490,2.50180,0.46460,1.93450,,2.39910,0.10270,0.43660,0.53940,,0.53940,0.53940,,0.53940,0.44510,0.10270,1.13500,1.13500,0.34970,0.34970,0.90180,-6.59900,-0.86840,85.48230,3.50930,3.50930,18.42880,18.42880,0.78490,6.82740,13.18210,-32.87370,-32.87370,14.46480,-249.80730,-1.44530,0.2294,0.2231
2015-06-30,3.18850,0.43090,2.75760,0.54100,2.45500,,2.99600,-0.23840,-0.02060,-0.25900,,-0.25900,-0.25900,,-0.25900,0.10030,-0.23840,1.13490,1.13490,-0.34970,-0.34970,0.81910,-0.88350,-0.46910,86.48560,-7.47600,-7.47600,-8.12240,-8.12240,0.89640,6.46110,13.92960,10.68730,10.68730,-7.28070,20.12920,-2.13520,-0.3407,-0.3502
2015-03-31,3.18610,0.45030,2.73570,0.62980,3.08870,,3.71860,-0.98280,-0.23640,-1.21920,,-1.21920,-1.21920,,-1.21920,-0.76730,-0.98280,1.12720,1.12720,-1.04900,-1.04900,0.84570,-0.53550,-0.34870,85.86520,-30.84590,-30.84590,-38.26580,-38.26580,0.79950,6.84540,13.14740,49.94760,49.94760,-30.59440,76.69480,-2.15070,-0.93390,-0.95180
2014-12-31,3.33180,-0.43860,3.77050,,1.81060,,4.07250,-0.30210,0.05830,-0.24760,,-0.24760,-0.24760,,-0.24760,-0.24820,-0.30210,1.12020,1.12020,0.00000,0.00000,0.49240,-0.11190,-0.37060,113.16520,-9.06610,-9.06610,-7.43000,-7.43000,1.04330,3.83020,23.49760,16.70870,16.70870,-7.75170,18.57770,-1.32210,0.1971,0.1971
2014-09-30,3.48450,0.68720,2.79730,,2.82820,-0.15180,2.98000,-0.18270,-0.03490,-0.21750,,-0.21750,-0.21750,,-0.21750,-0.13780,-0.18270,1.11980,1.11980,-0.34970,-0.34970,0.53410,,-0.26930,80.27950,-5.24300,-5.24300,-6.24330,-6.24330,1.14520,3.40080,26.46410,14.64440,14.64440,-7.15020,14.64440,-1.32560,0.3371,0.3371
2014-06-30,3.45000,0.66980,2.78020,,2.77140,-0.26290,3.03430,-0.25410,-0.00560,-0.25970,,-0.25970,-0.25970,,-0.25970,-0.21050,-0.25410,1.11980,1.11980,-0.34970,-0.34970,0.48030,,-0.25600,80.58570,-7.36520,-7.36520,-7.52690,-7.52690,1.25500,3.58290,25.11900,16.62080,16.62080,-9.44610,16.62080,-1.39420,-0.2689,-0.2688
2014-03-31,3.29240,0.94240,2.34990,,3.10500,-0.25020,3.35520,-1.00520,0.06840,-0.93310,,-0.93310,-0.93310,,-0.93310,-0.96200,-1.00520,1.11950,1.11950,-0.69930,-0.69930,0.40000,,,71.37580,-30.53270,-30.53270,-28.34130,-28.34130,1.42780,5.20810,17.28090,59.06860,59.06870,-40.46620,59.06870,-1.41050,-0.41490,-0.41830
2013-12-31,2.99860,1.08500,1.91350,,2.71190,-0.33120,3.04310,-1.12960,0.47310,-0.65980,,-0.65980,-0.65980,,-0.65980,-1.08500,-1.12960,1.11360,1.11360,-0.69930,-0.69930,0.58750,,,63.81500,-37.67060,-37.67070,-22.00330,-22.00330,1.01880,4.85490,18.53790,75.91910,75.91910,-22.41720,75.91910,-0.77650,-0.4837,-0.4837
2013-09-30,2.99000,1.22510,1.76480,,3.12340,-0.20060,3.32400,-1.55910,-0.15960,-1.71870,,-1.71870,-1.71870,,-1.71870,-1.51470,-1.55910,1.11350,1.11350,-1.39860,-1.39860,0.76440,,,59.02550,-52.14550,-52.14550,-57.48360,-57.48360,0.88460,4.99850,18.00560,281.58110,281.58130,-50.84980,281.58130,-0.54820,-0.9863,-0.998
2013-06-30,3.15200,1.33990,1.81210,,3.14950,-0.20670,3.35620,-1.54410,0.07170,-1.47240,,-1.47240,-1.47240,,-1.47240,-1.50060,-1.54410,1.11350,1.11350,-1.39860,-1.39860,1.09870,,,57.48940,-48.98900,-48.98900,-46.71380,-46.71380,0.68970,5.34140,16.84950,-217.02370,-217.02380,-32.22040,-217.02380,0.60930,-1.3286,-1.3423
2013-03-31,3.46960,1.38540,2.08420,,3.07480,-0.26710,3.34190,-1.25770,1.09930,-0.15510,,-0.15510,-0.15510,,-0.15510,-1.21570,-1.25770,1.11280,1.11280,0.00000,0.00000,1.42330,,,60.07010,-36.24990,-36.24990,-4.46950,-4.46950,0.58050,6.29410,14.29900,-8.70820,-8.70820,-2.59440,-8.70820,1.59930,-1.05310,-1.07130
2012-12-31,3.95690,1.35240,2.60450,,2.62010,-0.21450,2.83470,-0.23010,-0.07290,-0.30310,,-0.30310,-0.30310,,-0.30310,-0.19160,-0.23010,1.10430,1.10430,0.00000,0.00000,1.76090,,,65.82210,-5.81620,-5.81610,-7.65960,-7.65960,0.56620,6.51550,13.81320,-17.21240,-17.21240,-4.33660,-17.21240,1.58550,-1.0945,-1.1098
2012-09-30,4.33170,1.23670,3.09500,,3.20410,-0.15640,3.36050,-0.26550,0.56780,0.30230,,0.30230,0.30230,,0.30230,-0.22460,-0.26550,1.10380,1.13500,0.34970,0.34970,1.52430,,,71.44930,-6.12880,-6.12880,6.97890,6.97890,0.51850,5.20430,17.29330,17.33150,17.33150,3.61860,17.33150,1.57780,-0.4465,-0.4763
2012-06-30,5.21260,0.99580,4.21690,,5.17750,-0.18390,5.36140,-1.14450,0.11030,-1.03420,,-1.03420,-1.03420,,-1.03420,-1.10270,-1.14450,1.10340,1.10340,-1.04900,-1.04900,1.45670,,,80.89710,-21.95680,-21.95680,-19.84070,-19.84070,0.57080,5.06140,17.78170,-31.35070,-31.35070,-11.32510,-31.35070,2.98980,-0.1252,-0.2026
2012-03-31,5.74550,0.90210,4.84330,,6.41080,-0.14830,6.55910,-1.71580,-1.27980,-2.99560,,-2.99560,-2.99560,,-2.99560,-1.67980,-1.71580,1.10340,1.10340,-2.79720,-2.79720,1.60360,,,84.29850,-29.86350,-29.86350,-52.13930,-52.13930,0.58410,3.70570,24.28700,-72.60880,-72.60880,-30.45460,-72.60880,3.73910,-1.41370,-1.41620
2011-12-31,5.50080,0.74240,4.75840,,6.17460,-0.15890,6.33350,-1.57510,1.41430,-0.16070,,-0.16070,-0.16070,,-0.16070,-1.54290,-1.57510,1.07590,1.07590,,0.00000,1.96850,,,86.50350,-28.63310,-28.63310,-2.92220,-2.92220,0.51700,5.92800,15.18210,-3.48630,-3.48630,-1.51070,-3.48630,4.17870,-0.5831,-0.7828
2011-09-30,5.09100,0.78450,4.30660,,4.71420,-0.11090,4.82500,-0.51850,0.63960,0.12120,,0.12120,0.12120,,0.12120,-0.50360,-0.51850,1.07870,1.21050,0.00000,0.00000,2.17000,,0.00680,84.59140,-10.18370,-10.18370,2.38040,2.38040,0.45520,5.54510,16.23060,1.80360,1.80360,1.08360,1.80360,6.22850,0.2919,0.0274
2011-06-30,4.82680,0.60630,4.22050,,4.69290,-0.16680,4.85970,-0.63920,0.00640,-0.63290,,-0.63290,-0.63290,,-0.63290,-0.63170,-0.63920,1.07770,1.07770,-0.69930,-0.69930,2.17050,,0.00630,87.43870,-13.24320,-13.24320,-13.11160,-13.11160,0.44320,6.82800,13.18100,-8.78230,-8.78230,-5.81110,-8.78230,6.68020,-0.3961,-0.4114
2011-03-31,3.73690,0.45460,3.28230,,4.09190,-0.12160,4.21350,-0.93120,0.01050,-0.92070,,-0.92070,-0.92070,,-0.92070,-0.92580,-0.93120,1.05950,1.05950,-0.69930,-0.69930,3.26990,,0.00590,87.83380,-24.91930,-24.91930,-24.63930,-24.63930,0.33770,6.44390,13.96660,-11.92720,-11.92720,-8.32120,-11.92720,7.17470,-0.66550,-0.68850
2010-12-31,2.79140,0.46300,2.32850,,2.65480,-0.04450,2.69930,-0.37090,0.00140,-0.36950,,-0.38200,-0.38200,,-0.38200,-0.36590,-0.37090,0.94530,0.94530,-0.69930,-0.69930,1.18810,,0.06840,83.41510,-13.28600,-13.28600,-13.23530,-13.68660,0.76990,6.56750,13.70390,-57.47720,-57.47720,-10.53680,-57.47720,0.69980,0.9593,0.9506
2010-09-30,1.70670,0.35950,1.34720,,1.22320,-0.03700,1.26020,0.08700,0.00030,0.08730,,0.08730,0.08730,,0.08730,0.09160,0.08700,0.94840,0.94840,0.00000,0.00000,1.57710,,0.04440,78.93580,5.09590,5.09590,5.11450,5.11450,0.65170,5.54720,16.22430,8.51560,8.51560,3.33300,8.51560,1.08040,0.7626,0.7546
2010-06-30,1.24310,0.38370,0.85940,,0.90260,-0.02870,0.93130,-0.07190,0.00310,-0.06890,,-0.06890,-0.06890,,-0.06890,-0.06730,-0.07190,0.94180,0.94180,0.00000,0.00000,1.80180,,0.05080,69.13620,-5.78500,-5.78500,-5.53950,-5.53950,0.65960,9.39740,9.57710,-7.69110,-7.69110,-3.65380,-7.69110,0.95070,-0.0674,-0.0722
2010-03-31,0.92740,0.37520,0.55220,,1.31920,-0.04910,1.36830,-0.81600,0.01260,-0.80340,,-0.80340,-0.80340,,-0.80340,-0.81150,-0.81600,0.93870,0.93870,-0.69930,-0.69930,1.81780,,0.04970,59.54280,-87.98720,-87.98720,-86.63120,-86.63120,0.49080,10.77570,8.35210,-87.82640,-87.82640,-42.51600,-87.82640,0.97140,-0.44250,-0.44460
2009-12-31,0.81640,0.47980,0.33660,,0.78070,-0.00860,0.78930,-0.45270,0.01100,-0.44160,-0.20410,-0.23760,-0.23760,,-0.23760,-0.44700,-0.45270,0.92890,0.92890,,0.00000,2.72680,,0.02710,41.23180,-55.44750,-55.44750,-54.09530,-29.09840,0.31690,2.42000,37.18960,-14.17850,-14.17850,-9.22110,-14.17850,1.79540,0.3485,0.3421
2009-09-30,0.80110,0.32140,0.47970,,0.36910,-0.03030,0.39940,0.08030,0.01100,0.09120,0.06850,0.02270,0.02270,,0.02270,0.08570,0.08030,0.93070,0.94570,0.00000,0.00000,7.45350,,0.02440,59.88040,10.02130,10.02130,11.38860,2.83800,0.37360,1.86340,48.29860,1.21770,1.21770,1.06010,1.21770,2.00310,-0.0861,-0.0895
2009-06-30,0.78420,0.29890,0.48540,,0.32140,-0.03290,0.35430,0.13100,0.00700,0.13800,0.09160,0.04640,0.04640,,0.04640,0.13590,0.13100,0.92790,0.94290,0.00000,0.00000,5.80960,,0.02530,61.89230,16.70850,16.70850,17.59470,5.92040,0.36360,2.65960,33.83930,2.58680,2.58680,2.15280,2.58680,1.93020,0.1268,0.1163
2009-03-31,0.76900,0.32350,0.44540,,0.23960,-0.04930,0.28890,0.15660,0.00490,0.16150,0.09500,0.06650,0.06650,,0.06650,0.16030,0.15660,0.92460,0.93960,0.00000,0.00000,7.88110,,0.02710,57.92510,20.36130,20.36130,20.99840,8.64430,0.39980,3.29130,27.34520,3.96320,3.96320,3.45580,3.96320,1.81120,0.06960,0.02520
