Date,revenue,cost-goods-sold,gross-profit,research-development-expenses,selling-general-administrative-expenses,operating-expenses,operating-income,total-non-operating-income-expense,pre-tax-income,total-provision-income-taxes,income-after-taxes,income-from-continuous-operations,net-income,ebitda,ebit,basic-shares-outstanding,shares-outstanding,eps-basic-net-earnings-per-share,eps-earnings-per-share-diluted,current-ratio,gross-margin,operating-margin,ebit-margin,pre-tax-profit-margin,net-profit-margin,asset-turnover,receiveable-turnover,days-sales-in-receivables,roe,return-on-tangible-equity,roa,roi,book-value-per-share,operating-cash-flow-per-share,free-cash-flow-per-share
2023-10-31,325.92100,49.92000,276.00100,84.51400,247.30600,331.82000,-55.81900,28.20800,-27.61100,3.92600,-31.53700,-31.53700,-31.53700,-34.27200,-55.81900,567.03600,567.03600,-0.06000,-0.06000,3.87080,84.68340,-17.12650,-17.12650,-8.47170,-9.67630,0.11690,0.87360,103.02560,-1.60800,-1.69790,-1.13160,-1.60800,3.45750,0.0724,0.0712
2023-07-31,287.31000,48.98700,238.32300,86.60600,229.30200,315.90800,-77.58500,21.05400,-56.53100,3.83000,-60.36100,-60.36100,-60.36100,-58.30400,-77.58500,562.88300,562.88300,-0.11000,-0.11000,4.44590,82.94980,-27.00390,-27.00390,-19.67600,-21.00900,0.10760,1.26940,70.89700,-3.04340,-3.22080,-2.26060,-3.04340,3.50060,0.0776,0.0758
2023-04-30,289.58800,43.66700,245.92100,75.34200,216.99000,292.33200,-46.41100,18.14200,-28.26900,3.63200,-31.90100,-31.90100,-31.90100,-27.74900,-46.41100,557.87800,557.87800,-0.06000,-0.06000,4.48420,84.92100,-16.02660,-16.02660,-9.76180,-11.01600,0.10960,1.24120,72.50860,-1.63130,-1.72890,-1.20710,-1.63130,3.48840,0.12070,0.11740
2023-01-31,308.54910,47.69100,260.85810,81.87000,224.13500,306.00500,-45.14700,18.18800,-26.95900,0.73000,-27.68900,-27.68900,-27.68900,-16.72100,-45.14700,548.02200,548.02200,-0.05000,-0.05000,3.74240,84.54350,-14.63200,-14.63200,-8.73740,-8.97390,0.11280,0.82450,109.15450,-1.44200,-1.53050,-1.01230,-1.44200,3.44970,0.1707,0.1665
2022-10-31,262.74400,42.76800,219.97600,67.34100,219.62600,286.96700,-66.99100,10.44900,-56.54200,1.18200,-57.72400,-57.72400,-57.72400,-42.35700,-66.99100,550.16400,550.16400,-0.10000,-0.10000,4.53010,83.72260,-25.49670,-25.49670,-21.51980,-21.96970,0.10460,0.95220,94.51840,-3.10370,-3.29480,-2.29820,-3.10370,3.36690,-0.0486,-0.058
2022-07-31,242.22200,44.57600,197.64600,67.84900,249.99000,317.83900,-120.19300,3.90500,-116.28800,4.09000,-120.37800,-120.37800,-120.37800,-102.90400,-120.19300,546.05800,546.05800,-0.22000,-0.22000,4.58290,81.59710,-49.62100,-49.62100,-48.00890,-49.69740,0.09950,1.25190,71.89050,-6.50850,-6.93220,-4.94430,-6.50850,3.36620,-0.0427,-0.0547
2022-04-30,245.06600,45.01600,200.05000,68.69000,247.31200,316.00200,-115.95200,-1.82000,-117.77200,4.78900,-122.56100,-122.56100,-122.56100,-97.85900,-115.95200,541.90200,541.90200,-0.23000,-0.23000,4.89460,81.63110,-47.31460,-47.31460,-48.05730,-50.01140,0.10110,1.44960,62.08730,-6.51850,-6.76010,-5.05460,-6.51850,3.45060,-0.09760,-0.11550
2022-01-31,289.69810,41.16400,248.53410,64.41200,235.00100,299.41300,-50.87890,-3.80000,-54.67900,8.43100,-63.11000,-63.11000,-63.11000,-24.09290,-50.87900,454.62500,454.62500,0.37000,0.37000,4.31720,85.79070,-17.56270,-17.56280,-18.87450,-21.78480,0.11260,1.14970,78.28470,-3.28370,-3.40850,-2.45330,-3.28370,3.55100,-0.0288,-0.0385
2021-10-31,220.81600,43.10000,177.71600,61.55900,232.40400,293.96300,-116.24700,-3.40100,-119.64800,3.13900,-122.78700,-122.78700,-122.78700,-100.62600,-116.24700,531.71800,531.71800,-0.23000,-0.23000,4.72350,80.48150,-52.64430,-52.64430,-54.18450,-55.60600,0.08950,1.12420,80.05960,-6.51940,-6.78200,-4.97580,-6.51940,3.58870,-0.0474,-0.0553
2021-07-31,195.52100,35.59400,159.92700,57.64600,200.10200,257.74800,-97.82100,-0.45900,-98.28000,1.74600,-100.02600,-100.02600,-100.02600,-85.82100,-97.82100,526.51200,526.51200,-0.19000,-0.19000,5.76460,81.79530,-50.03100,-50.03100,-50.26570,-51.15870,0.08330,1.40720,63.95760,-5.26740,-5.48120,-4.26030,-5.26740,3.69990,0.0367,0.0404
2021-04-30,186.21700,49.01000,137.20700,93.04000,280.16600,373.20600,-235.99900,-2.27700,-238.27600,1.38700,-239.66300,-239.66300,-239.66300,-225.61500,-235.99900,215.35200,215.35200,-1.11000,-1.11000,6.45150,73.68120,-126.73330,-126.73330,-127.95610,-128.70090,0.08070,1.36400,65.98110,-12.61690,-13.16370,-10.39050,-12.61690,3.74090,-0.08140,-0.09350
2021-01-31,207.87500,20.13600,187.73900,29.19400,143.95400,173.14800,14.59100,5.04400,19.63500,-6.62100,26.25600,26.25600,26.25600,32.06900,14.59100,168.25500,168.25500,0.19000,0.19000,2.01130,90.31340,7.01910,7.01910,9.44560,12.63070,0.23990,1.20660,74.59170,-3.26690,-3.11850,3.03030,-3.26690,-4.32490,0.1092,0.096
2020-10-31,147.28900,17.38500,129.90400,27.45600,165.46300,192.91900,-63.01500,-6.15900,-69.17400,1.62200,-70.79600,-70.79600,-70.79600,-48.59500,-63.01500,171.28000,171.28000,-0.41000,-0.41000,,88.19670,-42.78320,-42.78320,-46.96480,-48.06600,,,,,,,,,0.0393,0.0371
2020-07-31,139.37600,14.69800,124.67800,26.54100,115.16500,141.70600,-17.02800,24.08700,7.05900,2.07200,4.98700,4.98700,0.00000,0.78200,-17.02800,162.91400,162.91400,0.00000,0.00000,,89.45440,-12.21730,-12.21730,5.06470,,,,,,,,,,0.1767,0.176
2020-04-30,113.10300,13.63800,99.46500,26.72900,117.60700,144.33600,-44.87100,-7.30700,-52.17800,0.66200,-52.84000,-52.84000,-52.84000,-33.71800,-44.87100,159.00300,159.00300,-0.33000,-0.33000,,87.94200,-39.67270,-39.67270,-46.13320,-46.71850,,,,,,,,,-0.15180,-0.15470
2020-01-31,,,,,,,,,,,,,,,,,,,0.00000,,,,,,,,,,,,,,,0,0
