Date,revenue,cost-goods-sold,gross-profit,research-development-expenses,selling-general-administrative-expenses,operating-expenses,operating-income,total-non-operating-income-expense,pre-tax-income,total-provision-income-taxes,income-after-taxes,income-from-continuous-operations,net-income,ebitda,ebit,basic-shares-outstanding,shares-outstanding,eps-basic-net-earnings-per-share,eps-earnings-per-share-diluted,current-ratio,long-term-debt-capital,debt-equity-ratio,gross-margin,operating-margin,ebit-margin,pre-tax-profit-margin,net-profit-margin,asset-turnover,receiveable-turnover,days-sales-in-receivables,roe,return-on-tangible-equity,roa,roi,book-value-per-share,operating-cash-flow-per-share,free-cash-flow-per-share
2024-03-31,184.87500,132.15000,52.72500,12.05100,32.33100,44.38200,8.34300,2.41700,10.76000,3.53400,7.22600,7.22600,7.22600,17.33100,8.34300,123.94600,126.91800,0.06000,0.06000,4.46530,,,28.51930,4.51280,4.51280,5.82010,3.90860,0.35970,2.19570,40.98890,1.64460,2.55880,1.40590,1.64460,3.53980,0.08630,0.01230
2023-12-31,164.80000,115.30800,49.49200,10.65300,29.69900,40.35200,9.14000,2.06000,11.20000,1.79800,9.40200,9.40200,9.40200,18.22800,9.14000,123.51200,125.07200,0.07000,0.07000,4.30570,,,30.03160,5.54610,5.54610,6.79610,5.70510,0.32640,2.15010,41.85870,2.18850,3.47450,1.86230,2.18850,3.46960,0.197,0.1286
2023-09-30,152.42300,105.51300,46.91000,11.03500,30.56400,41.59900,5.31100,1.88800,7.19900,0.82200,6.37700,6.37700,6.37700,13.83900,5.31100,123.62000,125.64000,0.05000,0.05000,4.28440,0.00050,0.00050,30.77620,3.48440,3.48440,4.72300,4.18380,0.31150,1.98570,45.32450,1.52760,2.48700,1.30320,1.52690,3.37490,0.1014,0.0323
2023-06-30,148.93900,103.07700,45.86200,10.90700,30.32900,41.23600,4.62600,1.65100,6.27700,0.43800,5.83900,5.83900,5.83900,12.67400,4.62600,123.37800,124.01200,0.05000,0.05000,4.70180,0.00050,0.00050,30.79250,3.10600,3.10600,4.21450,3.92040,0.31330,2.14130,42.03030,1.42960,2.38030,1.22830,1.42890,3.30710,0.2134,0.1437
2023-03-31,148.32800,108.25000,40.07800,11.65300,29.40900,41.06200,-0.98400,1.43200,0.44800,-0.25600,0.70400,0.70400,0.70400,6.95100,-0.98400,123.29000,123.79300,0.01000,0.01000,4.52480,0.00100,0.00100,27.01990,-0.66340,-0.66340,0.30200,0.47460,0.31790,1.88900,47.64430,0.17600,0.30040,0.15090,0.17580,3.24320,0.03850,-0.02850
2022-12-31,132.17600,91.03700,41.13900,10.29500,29.30700,39.60200,1.53700,1.02200,2.55900,1.60200,0.95700,0.95700,0.95700,8.79300,1.53700,122.09900,122.09900,0.01580,0.01580,4.44620,0.00190,0.00190,31.12440,1.16280,1.16290,1.93610,0.72400,0.28640,1.90780,47.17480,0.24090,0.41730,0.20730,0.24050,3.22280,0.1208,0.0576
2022-09-30,128.15200,90.29500,37.85700,10.35000,28.42400,38.77400,-0.91700,0.47600,-0.44100,0.29600,-0.73700,-0.73700,-0.73700,5.77000,-0.91700,122.74100,122.74100,-0.01000,-0.01000,2.42720,0.00190,0.00190,29.54070,-0.71560,-0.71560,-0.34410,-0.57510,0.24120,1.95930,45.93550,-0.18700,-0.32240,-0.13870,-0.18670,3.20390,-0.0164,-0.0818
2022-06-30,119.96900,84.14100,35.82800,10.18500,27.86800,38.05300,-2.22500,0.15200,-2.07300,0.37800,-2.45100,-2.45100,-2.45100,4.01200,-2.22500,121.63800,121.63800,-0.02000,-0.02000,2.68280,0.00190,0.00190,29.86440,-1.85460,-1.85460,-1.72790,-2.04300,0.23700,2.15890,41.68750,-0.63140,-1.11070,-0.48420,-0.63020,3.16570,0.0325,-0.0352
2022-03-31,116.70400,81.85000,34.85400,10.39000,25.83500,36.22500,-1.37100,0.01800,-1.35300,-3.07100,1.71800,1.71800,1.71800,4.57000,-1.37100,120.89800,125.98700,0.01000,0.01000,3.22930,0.00200,0.00200,29.86530,-1.17480,-1.17480,-1.15930,1.47210,0.23930,1.92910,46.65340,0.44150,0.78220,0.35230,0.44060,3.21430,0.02580,-0.03190
2021-12-31,108.13100,74.39000,33.74100,9.65300,23.77700,33.43000,0.31100,-0.00300,0.30800,-4.35700,4.66500,4.66500,4.66500,5.26500,0.31100,112.76300,118.82200,0.03940,0.03960,3.44520,0.00230,0.00230,31.20380,0.28760,0.28760,0.28480,4.31420,0.22860,2.32930,38.63900,1.20810,2.17350,0.98640,1.20540,3.20070,0.0085,-0.0473
2021-09-30,101.67600,70.51200,31.16400,8.81800,21.21800,30.03600,1.12800,-0.00500,1.12300,0.70100,0.42200,0.42200,0.42200,5.02100,1.12800,118.20600,124.42800,0.00360,0.00340,3.13310,0.00250,0.00250,30.65030,1.10940,1.10940,1.10450,0.41500,0.21240,2.65370,33.91510,0.11150,0.20530,0.08810,0.11120,3.15520,0.0385,0.009
2021-06-30,93.49500,64.56700,28.92800,7.92100,16.92600,24.84700,4.08100,-0.00500,4.07600,3.50100,0.57500,0.57500,-0.32300,6.80600,4.08100,108.97100,108.97100,-0.00300,-0.00300,8.26790,0.00090,0.00090,30.94070,4.36490,4.36490,4.35960,-0.34550,0.25910,2.81360,31.98780,0.18540,0.19370,0.15940,0.18520,2.64310,0.0496,0.0057
2021-03-31,92.22200,64.67500,27.54700,7.73000,14.96400,22.69400,4.85300,0.00600,4.85900,1.22100,3.63800,3.63800,2.27800,7.24500,4.85300,103.47900,106.30400,0.02000,0.02000,,,,29.87030,5.26230,5.26230,5.26880,2.47010,,,,,,,,,0.06750,0.02600
2020-12-31,,,,,,,,,,,,,,,,,,,0.00000,,,,,,,,,,,,,,,,,-0.2651,-0.1591
2020-09-30,78.01800,55.36500,22.65300,6.22100,12.96100,19.18200,3.47100,-0.01600,3.45500,0.84100,2.61400,2.61400,1.29500,5.46800,3.47100,103.47900,106.08900,0.01000,0.01000,,,,29.03560,4.44900,4.44900,4.42850,1.65990,,,,,,,,,0.1152,0.0798
2020-06-30,71.73400,48.33200,23.40200,5.98100,11.10100,17.08200,6.32000,-0.02100,6.29900,1.61400,4.68500,4.68500,3.41200,6.32000,6.32000,103.47900,106.15200,0.03000,0.03000,,,,32.62330,8.81030,8.81030,8.78110,4.75650,,,,,,,,,0.1499,0.0793
2019-12-31,,,,,,,,,,,,,,,,,,,0.00000,,,,,,,,,,,,,,,,,0,0
