Date,revenue,cost-goods-sold,gross-profit,selling-general-administrative-expenses,operating-expenses,operating-income,pre-tax-income,total-provision-income-taxes,income-after-taxes,income-from-continuous-operations,net-income,basic-shares-outstanding,shares-outstanding,eps-basic-net-earnings-per-share,eps-earnings-per-share-diluted,debt-equity-ratio,pre-tax-profit-margin,net-profit-margin,asset-turnover,roe,return-on-tangible-equity,roa,roi,book-value-per-share,operating-cash-flow-per-share,free-cash-flow-per-share
2023-09-30,41.35400,16.40300,24.95100,14.95800,14.95800,9.99300,9.99300,2.97000,7.02300,7.02300,7.00200,14.29480,14.39620,0.49000,0.49000,,41.29340,28.93390,0.00940,2.57530,2.09680,0.27350,2.05440,23.87400,1.301,1.2714
2023-06-30,39.49500,15.12100,24.37400,13.82400,13.82400,10.55000,10.55000,3.07300,7.47700,7.47700,7.47700,14.27120,14.35680,0.52000,0.52000,,43.63650,30.92610,0.00950,2.75630,2.24350,0.29250,2.19650,23.77340,1.1618,1.1262
2023-03-31,37.55700,12.12200,25.43500,10.97600,10.97600,14.45900,14.45900,4.16200,10.29700,10.29700,10.29700,14.41920,14.57490,0.71000,0.70000,,51.24940,36.49740,0.01130,3.84660,3.12520,0.41180,3.05700,23.55950,1.25000,1.24160
2022-12-31,33.96500,7.31100,26.65400,14.26400,14.26400,12.39000,12.39000,3.68800,8.70200,8.70200,8.73200,14.82200,15.06520,0.58000,0.58000,0.05960,48.57870,34.23640,0.01050,3.26770,2.65230,0.35960,2.59420,22.93620,1.1012,0.9175
2022-09-30,30.01100,2.81200,27.19900,17.44800,17.44800,9.75100,9.75100,2.79800,6.95300,6.95300,6.92300,14.87790,15.08810,0.47000,0.46000,,41.58920,29.52740,0.01010,2.63790,2.13880,0.29880,2.08980,22.40080,0.1358,0.0365
2022-06-30,26.09400,1.09500,24.99900,12.13600,12.13600,12.86300,12.86300,3.77100,9.09200,9.09200,9.09200,14.88380,15.12250,0.61000,0.60000,,51.23070,36.21160,0.01070,3.42790,2.78330,0.38780,2.71910,22.35580,0.6384,0.5804
2022-03-31,26.18000,0.90100,25.27900,10.88000,10.88000,14.39900,14.39900,4.15900,10.24000,10.24000,10.24000,14.84800,15.14170,0.69000,0.67000,0.03830,54.39740,38.68530,0.01200,3.92250,4.03910,0.46550,3.92250,17.46790,1.92590,1.90490
2021-12-31,25.83300,0.90000,24.93300,9.70600,9.70600,15.22700,15.22700,4.55100,10.67600,10.67600,10.79300,15.01760,15.25380,0.72000,0.70000,0.03900,57.68900,40.89030,0.01230,4.16570,4.28730,0.49660,4.16570,17.23970,-0.0853,-0.0926
2021-09-30,26.75600,0.94100,25.81500,10.17900,10.17900,15.63600,15.63600,4.61300,11.02300,11.02300,10.98000,14.77970,15.03160,0.74000,0.73000,0.04040,58.19560,40.86650,0.01280,4.45200,4.58170,0.52370,4.45200,16.68230,-0.4913,-0.4958
2021-06-30,25.20200,1.05500,24.14700,10.20500,10.20500,13.94200,13.94200,4.09800,9.84400,9.84400,9.80300,15.11560,15.30990,0.65000,0.64000,0.04190,55.58790,39.08540,0.01220,4.11980,4.23470,0.47790,4.11980,16.08600,-0.0953,-0.1054
2021-03-31,22.11500,1.43900,20.67600,8.52200,8.52200,12.15400,12.15400,3.59400,8.56000,8.56000,8.52700,15.38430,15.53360,0.55000,0.55000,0.16650,55.69350,39.07350,0.01060,3.56280,3.65800,0.41740,3.56280,15.53290,0.56590,0.55960
2020-12-31,24.03200,2.10100,21.93100,13.69200,13.69200,8.23900,8.23900,2.45200,5.78700,5.78700,5.81200,15.38420,15.44890,0.38000,0.37000,0.34220,41.63420,29.36990,0.01030,2.47530,2.54500,0.30100,2.47530,15.19490,2.3481,2.3441
2020-09-30,21.89200,2.76700,19.12500,14.21200,14.21200,4.91300,4.91300,1.46400,3.44900,3.44900,3.44100,15.34390,15.37750,0.22000,0.22000,0.56680,33.19820,23.25160,0.00730,1.50390,1.54540,0.17060,1.50390,14.91150,-1.5546,-1.5667
2020-06-30,21.89100,3.61000,18.28100,13.55100,13.55100,4.73000,4.73000,1.36300,3.36700,3.36700,3.35900,15.33700,15.37400,0.22000,0.22000,0.57210,32.78800,23.28440,0.00710,1.48170,1.52470,0.16660,1.48170,14.77650,0.7191,0.7092
2020-03-31,23.68600,5.09400,18.59200,13.46300,13.46300,5.12900,5.12900,1.55700,3.57200,3.57200,3.56300,15.50570,15.70010,0.23000,0.23000,0.35690,32.67710,22.70010,0.00870,1.59380,1.64030,0.19850,1.59380,14.58200,-0.40620,-0.49570
2019-12-31,25.88000,5.61600,20.26400,14.29500,14.29500,5.96900,5.96900,1.81100,4.15800,4.15800,4.15800,15.87340,16.17230,0.27000,0.27000,0.08820,36.76850,25.61290,0.00930,1.83310,1.88970,0.23810,1.83310,14.44160,0.2578,0.2496
2019-09-30,26.48900,6.15800,20.33100,10.67500,10.67500,9.65600,9.65600,2.87100,6.78500,6.78500,6.78500,15.81630,16.09960,0.43000,0.42000,0.08900,47.25690,33.20610,0.01200,3.02030,3.11600,0.39920,3.02030,14.29940,0.5355,0.5312
2019-06-30,27.08400,6.33800,20.74600,11.37800,11.37800,9.36800,9.36800,2.76700,6.60100,6.60100,6.60100,16.01710,16.33000,0.41000,0.40000,0.15670,46.02990,32.43420,0.01180,2.95480,3.05360,0.38230,2.95480,13.97910,0.4524,0.4237
2019-03-31,25.36100,5.79900,19.56200,10.20400,10.20400,9.35800,9.35800,2.79400,6.56400,6.56400,6.56400,15.99950,16.27130,0.41000,0.40000,0.13810,47.63070,33.40970,0.01140,3.02190,3.12980,0.38210,3.02190,13.56640,0.61670,0.61400
2018-12-31,25.47000,5.37500,20.09500,10.42900,10.42900,9.66600,9.66600,2.93400,6.73200,6.73200,6.73200,14.39710,14.69140,0.43000,0.40000,0.14270,48.81570,33.99830,0.01170,3.20120,3.32230,0.39670,3.20120,13.16160,0.9812,0.9588
2018-09-30,24.07600,4.78000,19.29600,9.93700,9.93700,9.35900,9.35900,2.81600,6.54300,6.54300,6.54300,14.73010,14.92460,0.44000,0.44000,0.14780,49.57360,34.65760,0.01130,3.22410,3.35840,0.39330,3.22410,12.70510,1.1448,1.1473
2018-06-30,22.61700,4.46200,18.15500,11.36500,11.36500,6.79000,6.79000,2.02800,4.76200,4.76200,4.76200,13.43280,13.62870,0.35000,0.35000,0.19810,38.29670,26.85840,0.01100,3.14470,3.32910,0.29410,3.14470,11.27140,-0.7708,-0.7813
2018-03-31,21.99000,3.33400,18.65600,9.72600,9.72600,8.93000,8.93000,2.66600,6.26400,6.26400,6.26400,13.41800,13.58700,0.47000,0.46000,,48.11160,33.74820,,,,,,,0.73330,0.68610
2017-12-31,,,,,,,,,,,,,,,0.00000,,,,,,,,,,-1.4594,-1.3852
2017-09-30,20.55100,2.70700,17.84400,9.54400,9.54400,8.30000,8.30000,3.49400,4.80600,4.80600,4.80600,13.41240,13.54490,0.36000,0.35000,,48.09360,27.84800,,,,,,,1.0669,1.0151
2017-06-30,19.27100,2.30500,16.96600,8.52200,8.52200,8.44400,8.44400,3.58400,4.86000,4.86000,4.86000,13.40830,13.54250,0.36000,0.36000,,48.97910,28.19030,,,,,,,0.3925,0.3701
2016-12-31,,,,,,,,,,,,,,,0.00000,,,,,,,,,,0,0
