Date,revenue,cost-goods-sold,gross-profit,selling-general-administrative-expenses,operating-expenses,operating-income,total-non-operating-income-expense,pre-tax-income,total-provision-income-taxes,income-after-taxes,income-from-continuous-operations,income-from-discontinued-operations,net-income,ebitda,ebit,basic-shares-outstanding,shares-outstanding,eps-basic-net-earnings-per-share,eps-earnings-per-share-diluted,current-ratio,debt-equity-ratio,gross-margin,operating-margin,ebit-margin,pre-tax-profit-margin,net-profit-margin,asset-turnover,receiveable-turnover,days-sales-in-receivables,roe,return-on-tangible-equity,roa,roi,book-value-per-share,operating-cash-flow-per-share,free-cash-flow-per-share
2023-09-30,280.89100,218.26700,62.62400,44.43500,44.43500,18.18900,2.74200,20.93100,5.03300,15.89800,15.89800,,15.89800,18.76800,18.18900,95.50200,100.88000,0.17000,0.16000,3.16040,,22.29480,6.47550,6.47550,7.45160,5.65980,0.38660,1.04510,86.11500,3.08460,3.15740,2.18830,3.08460,5.38190,0.5346,0.5252
2023-06-30,279.37300,218.73200,60.64100,45.45700,45.45700,15.18400,1.98300,17.16700,2.17600,14.99100,14.99100,,14.99100,15.71100,15.18400,94.73900,100.61600,0.16000,0.15000,2.89390,,21.70610,5.43500,5.43500,6.14480,5.36590,0.40990,1.05440,85.35620,3.19300,3.27590,2.19960,3.19300,4.93350,0.7545,0.747
2023-03-31,258.39400,199.75400,58.64000,43.62900,43.62900,15.01100,1.32000,16.33100,-1.34700,17.67800,17.67800,,17.67800,15.55200,15.01100,93.83300,100.16600,0.19000,0.18000,2.54790,,22.69400,5.80940,5.80940,6.32020,6.84150,0.39770,0.82490,109.10490,4.16540,4.28540,2.72080,4.16540,4.49960,0.20930,0.19680
2022-12-31,214.32100,169.82700,44.49400,41.18800,41.18800,3.30600,0.83500,4.14100,0.73300,3.40800,3.40800,,3.40800,3.75200,3.30600,92.19500,99.95700,0.04000,0.03000,2.71950,,20.76050,1.54250,1.54260,1.93210,1.59010,0.39470,0.89280,100.81150,0.90410,0.93370,0.62760,0.90410,4.04030,0.515,0.5078
2022-09-30,205.37100,159.37600,45.99500,34.74000,34.74000,11.25500,0.28400,11.53900,-1.67200,13.21100,13.21100,,13.21100,11.66000,11.25500,92.31600,99.82000,0.14000,0.13000,2.56180,,22.39610,5.48030,5.48030,5.61860,6.43270,0.40230,0.79590,113.07900,3.80880,3.94650,2.58810,3.80880,3.74440,0.2092,0.1968
2022-06-30,195.00400,151.11700,43.88700,35.04900,35.04900,8.83800,0.06500,8.90300,0.13500,8.76800,8.76800,,8.76800,9.22400,8.83800,91.96500,99.67300,0.10000,0.09000,2.45950,,22.50570,4.53220,4.53220,4.56550,4.49630,0.42130,0.84830,106.08890,2.81910,2.93440,1.89420,2.81910,3.37860,0.1928,0.1879
2022-03-31,172.21700,139.26800,32.94900,33.00700,33.00700,-0.05800,-0.08400,-0.14200,-5.11300,4.97100,4.97100,,4.97100,0.30600,-0.05800,91.41000,99.93600,0.05000,0.05000,2.40080,,19.13230,-0.03370,-0.03370,-0.08250,2.88650,0.41450,0.86930,103.53680,1.77780,1.85990,1.19630,1.77780,3.04790,-0.11270,-0.12060
2021-12-31,127.55300,102.43800,25.11500,25.30300,25.30300,-0.18800,-0.21000,-0.39800,-15.47800,15.08000,15.08000,,15.08000,0.12800,-0.18800,89.10600,100.35800,0.17000,0.15000,2.61620,,19.68990,-0.14740,-0.14740,-0.31200,11.82250,0.35620,0.94790,94.94200,5.98840,6.30060,4.21150,5.98840,2.76460,0.0878,0.0817
2021-09-30,122.28400,93.79200,28.49200,19.42700,19.42700,9.06500,0.05200,9.11700,-7.67900,16.79600,16.79600,,16.79600,9.33200,9.06500,89.57100,100.37000,0.19000,0.17000,2.43510,,23.29990,7.41310,7.41310,7.45560,13.73520,0.36320,0.90460,99.49210,7.49440,7.94100,4.98870,7.49440,2.48990,0.2411,0.234
2021-06-30,128.65100,99.03000,29.62100,17.96500,17.96500,11.65600,0.26400,11.92000,-6.80700,18.72700,18.72700,,18.72700,11.95200,11.65600,88.16500,99.80800,0.21000,0.19000,2.41420,,23.02430,9.06020,9.06020,9.26540,14.55640,0.41220,0.91390,98.47600,9.15560,9.76320,6.00080,9.15560,2.28900,-0.0748,-0.0791
2021-03-31,122.13300,93.22600,28.90700,17.10000,17.10000,11.80700,-0.01100,11.79600,-3.37000,15.16600,15.16600,,15.16600,12.22900,11.80700,87.40400,100.10600,0.17000,0.15000,2.25550,,23.66850,9.66730,9.66730,9.65830,12.41760,0.41460,1.04690,85.97140,8.21480,8.82950,5.14820,8.21480,2.10430,0.00530,0.00160
2020-12-31,100.30100,79.63500,20.66600,19.50500,19.50500,1.16100,0.01500,1.17600,-37.89600,39.07200,39.07200,,39.07200,1.62500,1.16100,85.72300,99.05600,0.45000,0.39000,2.44550,,20.60400,1.15750,1.15750,1.17250,38.95480,0.39500,1.32560,67.89330,23.40380,25.39550,15.38710,23.40380,1.91770,0.0658,0.0648
2020-09-30,98.92800,78.09200,20.83600,16.00800,16.00800,4.82800,-0.00600,4.82200,,4.82200,4.82200,,4.82200,5.29000,4.82800,86.26500,98.97000,0.06000,0.05000,2.48890,,21.06180,4.88030,4.88030,4.87430,4.87430,0.48960,1.26340,71.23550,3.78890,4.23340,2.38650,3.78890,1.47060,0.1316,0.1314
2020-06-30,64.60500,52.65000,11.95500,13.02700,13.02700,-1.07200,0.00800,-1.06400,,-1.06400,-1.06400,,-1.06400,-0.61200,-1.07200,85.28100,85.28100,-0.01000,-0.01000,2.76940,,18.50480,-1.65930,-1.65930,-1.64690,-1.64690,0.36390,0.99400,90.54470,-0.88990,-1.00450,-0.59930,-0.88990,1.39380,0.0463,0.0439
2020-03-31,81.02400,64.42200,16.60200,13.17100,13.17100,3.43100,0.31400,3.74500,0.11600,3.62900,3.62900,,3.62900,3.95100,3.43100,84.53800,99.66500,0.04000,0.04000,2.74210,,20.49020,4.23460,4.23460,4.62210,4.47890,0.44980,1.23020,73.15830,2.99700,3.38580,2.01450,2.99700,1.42720,0.12180,0.11490
2019-12-31,65.12200,53.35300,11.76900,10.62500,10.62500,1.14400,-5.62100,-4.47700,-0.07700,-4.40000,-4.40000,,-1.91000,1.68300,1.14400,20.73500,20.73500,0.38610,0.38610,3.66240,,18.07220,1.75670,1.75670,-6.87480,-2.93300,0.43290,1.38380,65.03650,-3.85050,-4.39930,-2.92490,-3.85050,1.35730,-0.6033,-0.655
2019-09-30,61.19600,48.87600,12.32000,9.25100,9.25100,3.06900,-11.25400,-8.18500,0.02500,-8.21000,-8.21000,,-8.21000,3.60400,3.06900,7.47200,7.47250,-1.10000,-1.10000,0.92660,,20.13200,5.01500,5.01500,-13.37510,-13.41590,0.84350,1.38020,65.20570,8.99730,7.75440,-11.31620,8.99730,-9.08230,0.9013,0.8604
2019-06-30,56.16800,44.71600,11.45200,9.09800,9.09800,2.35400,-0.77000,1.58400,0.06400,1.52000,1.52000,,1.52000,2.90300,2.35400,5.17200,5.17200,0.29390,0.29390,0.98820,-0.03490,20.38880,4.19100,4.19100,2.82010,2.70620,0.89040,1.26960,70.88900,-1.69810,-1.45440,2.40960,-1.69810,-19.46800,0.0361,-0.0055
2019-03-31,47.19700,37.23300,9.96400,6.85400,6.85400,3.11000,-0.58900,2.52100,,2.52100,2.52100,,0.03100,3.62000,3.11000,5.15700,15.12100,0.01000,0.01000,,,21.11150,6.58940,6.58940,5.34140,0.06570,,,,,,,,,-0.40810,-0.41640
2018-12-31,,,,,,,,,,,,,,,,,,,0.00000,,,,,,,,,,,,,,,,0.3241,0.3953
2018-09-30,27.79800,22.75100,5.04700,5.63400,5.63400,-0.58700,-0.94500,-1.53200,-0.39500,-1.13700,-1.13700,0.00100,-1.13700,-0.11300,-0.58700,5.62800,5.62800,-0.20000,-0.20000,,,18.15600,-2.11170,-2.11170,-5.51120,-4.09020,,,,,,,,,-0.3241,-0.3953
2018-06-30,,,,,,,,0.00000,0.00000,,0.00000,0.00000,,,,,,,0.00000,,,,,,,,,,,,,,,,0,0
2017-12-31,,,,,,,,,,,,,,,,,,,0.00000,,,,,,,,,,,,,,,,0,0
