Date,revenue,cost-goods-sold,gross-profit,research-development-expenses,selling-general-administrative-expenses,operating-expenses,operating-income,total-non-operating-income-expense,pre-tax-income,total-provision-income-taxes,income-after-taxes,income-from-continuous-operations,net-income,ebitda,ebit,basic-shares-outstanding,shares-outstanding,eps-basic-net-earnings-per-share,eps-earnings-per-share-diluted,current-ratio,long-term-debt-capital,debt-equity-ratio,gross-margin,operating-margin,ebit-margin,pre-tax-profit-margin,net-profit-margin,asset-turnover,inventory-turnover,receiveable-turnover,days-sales-in-receivables,roe,return-on-tangible-equity,roa,roi,book-value-per-share,operating-cash-flow-per-share,free-cash-flow-per-share
2024-06-30,102.49500,44.97900,57.51600,24.92400,23.05000,48.47000,9.04600,0.90500,9.95100,-0.01200,9.96300,9.96300,9.96300,12.41100,9.04600,27.88900,29.42200,0.36000,0.34000,1.12350,,2.41660,56.11590,8.82580,8.82580,9.70880,9.72050,0.22980,0.55690,1.89170,47.57590,8.51740,11.57530,2.23340,8.51740,4.16670,1.676,1.6162
2024-03-31,76.82500,39.27700,37.54800,22.51900,23.54100,49.28100,-11.73300,45.07600,33.34300,-0.00100,33.34400,33.34400,33.34400,-7.48400,-11.73300,27.35700,31.42500,1.22000,1.10000,9.41860,0.76660,3.28510,48.87470,-15.27240,-15.27240,43.40120,43.40250,0.18560,0.44760,1.29370,69.56800,38.80680,61.32450,8.05640,9.05630,3.10660,1.91380,1.71640
2023-12-31,70.65100,36.78100,33.87000,21.13600,26.17500,48.70900,-14.83900,-0.19100,-15.03000,0.15000,-15.18000,-15.18000,-15.18000,-10.58100,-14.83900,26.75200,26.75200,-0.56000,-0.56000,8.73370,0.89200,8.25800,47.93990,-21.00330,-21.00320,-21.27360,-21.48590,0.19660,0.37850,1.28650,69.95950,-44.47570,-2908.15600,-4.22360,-4.80400,1.25640,0.0415,-0.0602
2023-09-30,65.00500,34.23700,30.76800,21.58800,23.60500,46.60200,-15.83400,-0.12300,-15.95700,-0.19500,-15.76200,-15.76200,-15.76200,-12.07800,-15.83400,26.92000,26.92000,-0.59000,-0.59000,8.08590,0.89000,8.08760,47.33180,-24.35810,-24.35810,-24.54730,-24.24740,0.17880,0.32060,1.34080,67.12380,-45.29310,-1539.23200,-4.33500,-4.98400,1.28790,-0.0492,-0.1396
2023-06-30,85.98600,42.17200,43.81400,23.40300,26.63400,52.18300,-8.36900,-0.04600,-8.41500,-0.34900,-8.06600,-8.06600,-8.06600,-4.21300,-8.36900,26.71300,26.71300,-0.30000,-0.30000,5.57460,0.88420,7.63820,50.95480,-9.73300,-9.73300,-9.78650,-9.38060,0.22420,0.37550,1.45880,61.69670,-21.92150,-1165.63700,-2.10300,-2.53770,1.37200,-0.8277,-1.0334
2023-03-31,85.89700,42.36700,43.53000,22.43500,25.53700,47.97200,-4.44200,0.15600,-4.28600,0.07200,-4.35800,-4.35800,-4.35800,-3.01500,-4.44200,26.28500,26.28500,-0.17000,-0.17000,5.58850,0.91340,10.54220,50.67700,-5.17130,-5.17130,-4.98970,-5.07350,0.23050,0.49370,1.40890,63.87810,-16.37050,-19.16450,-1.16950,-1.41830,1.00150,-1.01050,-1.29890
2022-12-31,76.59000,36.42200,40.16800,18.98200,21.23200,40.11200,0.05600,-0.05700,-0.00100,0.11700,-0.11800,-0.11800,-0.11800,1.50800,0.05600,25.53900,25.53900,0.01000,0.01000,6.49460,0.94730,17.97470,52.44550,0.07310,0.07310,-0.00130,-0.15410,0.21900,0.78500,1.53190,58.74970,-0.75690,-1.00770,-0.03370,-0.03990,0.59740,-0.2396,-0.4695
2022-09-30,68.27000,30.83500,37.43500,18.76600,20.41300,39.17900,-1.74400,-0.43100,-2.17500,0.02400,-2.19900,-2.19900,-2.19900,0.01800,-1.74400,25.74300,25.74300,-0.09000,-0.09000,7.72860,0.99270,135.78170,54.83380,-2.55460,-2.55460,-3.18590,-3.22100,0.20830,0.96590,1.67880,53.61110,-106.69500,120.82450,-0.67090,-0.78000,0.07960,0.5651,0.4795
2022-06-30,59.79600,28.29400,31.50200,18.36900,21.60900,39.97800,-8.47600,-3.05300,-11.52900,-0.00600,-11.52300,-11.52300,-11.52300,-6.49000,-8.47600,25.42900,25.42900,-0.45000,-0.45000,9.43740,1.04200,-24.82010,52.68250,-14.17490,-14.17490,-19.28060,-19.27050,0.19640,0.88290,1.49010,60.39740,102.34490,76.10960,-3.78540,-4.29660,-0.44070,0.2935,0.2691
2022-03-31,53.14400,24.36500,28.77900,17.98900,20.10500,38.09400,-9.31500,-1.09700,-10.41200,0.04900,-10.46100,-10.46100,-10.46100,-7.10300,-9.31500,24.98000,24.98000,-0.42000,-0.42000,7.43080,1.02310,-45.90510,54.15290,-17.52790,-17.52790,-19.59210,-19.68430,0.16770,0.77200,1.37920,65.25610,166.33730,102.86130,-3.30060,-3.83520,-0.24940,-0.59390,-0.71600
2021-12-31,52.57400,23.39100,29.18300,17.57800,18.83500,36.87100,-7.68800,-12.30300,-19.99100,0.02300,-20.01400,-20.01400,-20.01400,-5.77000,-7.68800,24.17600,24.17600,-0.82000,-0.82000,7.20510,1.04140,-26.02870,55.50840,-14.62320,-14.62320,-38.02450,-38.06830,0.16660,1.06530,1.48310,60.68420,180.69670,133.81010,-6.34280,-7.47950,-0.44780,-0.1603,-0.2488
2021-09-30,45.19300,22.18000,23.01300,16.78900,18.59600,35.38500,-12.37200,-0.52400,-12.89600,0.02800,-12.92400,-12.92400,-12.92400,-10.95600,-12.37200,24.33000,24.33000,-0.53000,-0.53000,1.52090,,0.94240,50.92160,-27.37590,-27.37590,-28.53540,-28.59740,0.21480,1.20320,1.67100,53.85900,-14.47610,-15.13400,-6.14280,-14.47610,3.65760,0.2212,-0.0358
2021-06-30,47.26800,22.49100,24.77700,15.90000,17.19400,33.09400,-8.31700,-0.52900,-8.84600,0.06000,-8.90600,-8.90600,-8.90600,-6.93700,-8.31700,24.12000,24.12000,-0.37000,-0.37000,1.53820,,0.94680,52.41810,-17.59540,-17.59540,-18.71460,-18.84150,0.22360,0.93460,1.81970,49.45930,-10.03260,-10.49120,-4.21240,-10.03260,3.66010,-0.1893,-0.3293
2021-03-31,45.24800,23.26700,21.98100,13.79100,15.79900,30.85300,-8.87200,-0.50200,-9.37400,0.04200,-9.41600,-9.41600,-9.41600,-7.52000,-8.87200,23.67100,23.67100,-0.40000,-0.40000,1.54860,,0.97190,48.57900,-19.60750,-19.60750,-20.71690,-20.80980,0.21100,0.82900,1.92500,46.75230,-10.90130,-11.41420,-4.38990,-10.90130,3.59120,0.39580,0.21000
2020-12-31,36.44800,19.03400,17.41400,14.97100,16.82900,31.80000,-14.38600,-1.32600,-15.71200,0.00500,-15.71700,-15.71700,-15.71700,-12.18400,-14.38600,22.81900,22.81900,-0.69000,-0.69000,6.21040,0.33330,0.50000,47.77770,-39.46990,-39.46990,-43.10800,-43.12170,0.17560,0.52390,1.45770,61.73920,-14.40350,-14.93470,-7.57020,-9.60260,4.67320,-0.1486,-0.1814
2020-09-30,28.19600,14.82400,13.37200,11.90100,14.49100,26.39200,-13.02000,-1.31100,-14.33100,0.01500,-14.34600,-14.34600,-14.34600,-10.92000,-13.02000,22.93100,22.93100,-0.63000,-0.63000,8.38330,0.32880,0.48980,47.42520,-46.17680,-46.17680,-50.82640,-50.87960,0.14090,0.39030,1.59030,56.59310,-13.11000,-13.59210,-7.17010,-8.80000,4.75750,-0.7147,-0.7621
2020-06-30,26.45700,13.49700,12.96000,10.66100,18.56900,29.23000,-16.27000,-1.22300,-17.49300,0.04100,-17.53400,-17.53400,-17.53400,-14.20700,-16.27000,22.71600,22.71600,-0.77000,-0.77000,7.16750,0.31180,0.45310,48.98520,-61.49600,-61.49600,-66.11860,-66.27360,0.12520,0.36390,1.71200,52.57060,-15.08300,-15.60400,-8.29880,-10.38010,5.10180,0.0414,0.0365
2020-03-31,47.82200,26.42800,21.39400,11.05700,13.73200,24.78900,-3.39500,-0.90300,-4.29800,0.02800,-4.32600,-4.32600,-4.32600,-1.35200,-3.39500,22.41200,22.41200,-0.19000,-0.19000,9.20360,0.28760,0.40360,44.73670,-7.09930,-7.09930,-8.98750,-9.04600,0.21920,0.83200,1.70150,52.89490,-3.37390,-3.47920,-1.98250,-2.40370,5.65410,0.08230,0.03270
2019-12-31,40.82100,20.88900,19.93200,11.20200,15.55100,26.75300,-6.82100,-0.81200,-7.63300,0.04700,-7.68000,-7.68000,-7.68000,-5.53600,-6.82100,21.84700,21.84700,-0.34000,-0.34000,9.06650,0.28890,0.40620,48.82780,-16.70960,-16.70960,-18.69870,-18.81380,0.18980,0.61160,1.71990,52.32970,-6.13230,-6.32840,-3.57130,-4.36080,5.63710,0.2058,0.1388
2019-09-30,40.76200,20.98100,19.78100,10.34400,13.34500,23.68900,-3.90800,-0.09600,-4.00400,0.07700,-4.08100,-4.08100,-4.08100,-2.77400,-3.90800,21.96100,21.96100,-0.19000,-0.19000,5.89720,0.16460,0.23170,48.52800,-9.58740,-9.58740,-9.82290,-10.01180,0.24790,0.57840,1.64340,54.76350,-3.98010,-4.13660,-2.48220,-3.32500,4.63380,-0.0751,-0.0825
2019-06-30,38.19000,19.77400,18.41600,8.77300,13.64300,22.41600,-4.00000,-0.11200,-4.11200,0.04600,-4.15800,-4.15800,-4.15800,-2.88600,-4.00000,21.70900,21.70900,-0.19000,-0.19000,5.94960,0.18690,0.24700,48.22210,-10.47400,-10.47400,-10.76720,-10.88770,0.23850,0.52160,1.79630,50.10210,-4.30290,-4.48300,-2.59620,-3.49890,4.44060,0.1187,0.0961
2019-03-31,33.06300,17.19000,15.87300,8.56100,14.24400,22.80500,-6.93200,-0.10800,-7.04000,0.02800,-7.06800,-7.06800,-7.06800,-5.95600,-6.93200,21.54400,21.54400,-0.33000,-0.33000,4.78790,0.14180,0.24920,48.00840,-20.96600,-20.96600,-21.29270,-21.37740,0.20860,0.41700,1.84110,48.88300,-7.34940,-7.65850,-4.46000,-6.30750,4.44680,-0.03390,-0.04810
2018-12-31,34.61800,18.30700,16.31100,8.99800,13.50600,22.50400,-6.19300,-0.18600,-6.37900,-0.39200,-5.98700,-5.98700,-5.98700,-5.20700,-6.19300,21.33400,21.33400,-0.28000,-0.28000,5.26450,0.15810,0.25370,47.11710,-17.88950,-17.88950,-18.42680,-17.29450,0.23860,0.40930,1.87510,47.99760,-6.11650,-6.36900,-4.12700,-5.14960,4.55440,0.2285,0.0725
2018-09-30,34.40500,17.85700,16.54800,8.80400,14.55900,23.36300,-6.81500,-0.18600,-7.00100,0.06900,-7.07000,-7.07000,-7.07000,-5.76500,-6.81500,21.40300,21.40300,-0.33000,-0.33000,5.48980,0.16910,0.25180,48.09770,-19.80820,-19.80820,-20.34880,-20.54930,0.22920,0.36300,1.75640,51.24020,-7.03740,-7.32020,-4.71020,-5.84760,4.67660,-0.0159,-0.1082
2018-06-30,28.54200,14.88200,13.66000,8.36300,13.08400,21.26900,-7.60900,-0.08400,-7.69300,0.03900,-7.73200,-7.73200,-7.73200,-6.53600,-7.60900,21.33300,21.33300,-0.36000,-0.36000,6.64760,0.15790,0.20960,47.85930,-26.65900,-26.65900,-26.95330,-27.08990,0.19200,0.27930,1.42600,63.11540,-7.45420,-7.74390,-5.20160,-6.27730,4.84820,-0.2185,-0.2357
2018-03-31,25.06800,13.30600,11.76200,8.00300,14.08400,26.01400,-14.25200,-0.13900,-14.39100,0.05100,-14.44200,-14.44200,-14.44200,-13.17100,-14.25200,21.12500,21.12500,-0.68000,-0.68000,7.99950,0.16690,0.20790,46.92040,-56.85340,-56.85340,-57.40790,-57.61130,0.16380,0.24320,1.47260,61.11660,-13.30320,-13.79650,-9.43650,-11.08260,5.08910,-0.54610,-0.57910
2017-12-31,26.86300,13.85400,13.00900,8.91200,13.62100,22.53300,-9.52400,-0.05900,-9.58300,-0.24900,-9.33400,-9.33400,-9.33400,-8.46900,-9.52400,20.68000,20.68000,-0.45000,-0.45000,6.51520,0.04990,0.09470,48.42720,-35.45400,-35.45400,-35.67360,-34.74670,0.17670,0.29420,1.20770,74.52480,-7.84750,-8.11220,-6.13940,-7.45600,5.67120,-0.1481,-0.1694
2017-09-30,32.59900,15.60600,16.99300,8.84600,12.83000,21.67600,-4.68300,-0.11800,-4.80100,0.05000,-4.85100,-4.85100,-4.85100,-3.62300,-4.68300,20.82600,20.82600,-0.23000,-0.23000,7.48610,0.05630,0.10030,52.12740,-14.36550,-14.36550,-14.72750,-14.88080,0.20600,0.34060,1.27290,70.70460,-3.86710,-3.99060,-3.06530,-3.64930,5.98630,-0.4833,-0.5786
2017-06-30,34.11100,15.94000,18.17100,7.11900,11.86600,18.98500,-0.81400,-0.11800,-0.93200,0.04500,-0.97700,-0.97700,-0.97700,0.23000,-0.81400,20.63600,20.63600,-0.05000,-0.05000,5.92960,0.06470,0.10990,53.27020,-2.38630,-2.38630,-2.73230,-2.86420,0.20360,0.36710,1.33700,67.31730,-0.77240,-0.79690,-0.58320,-0.72250,6.06380,-0.2869,-0.4271
2017-03-31,31.72700,14.95900,16.76800,7.34300,11.42300,18.76600,-1.99800,-0.10500,-2.10300,0.05700,-2.16000,-2.16000,-2.16000,-1.04200,-1.99800,20.34400,20.34400,-0.11000,-0.11000,6.06960,0.07460,0.11720,52.85090,-6.29750,-6.29750,-6.62840,-6.80810,0.18980,0.38170,1.50710,59.71820,-1.72490,-1.78000,-1.29240,-1.59620,6.07450,-0.81700,-0.87700
2016-12-31,33.65500,15.26700,18.38800,7.40300,10.64000,18.04300,0.34500,-0.17200,0.17300,0.07000,0.10300,0.10300,0.10300,1.12100,0.34500,10.77800,10.77800,1.17000,1.17000,5.85970,0.08400,0.12170,54.63680,1.02510,1.02510,0.51400,0.30600,0.20090,0.55050,1.92900,46.65670,0.08300,0.08570,0.06150,0.07610,6.09870,-0.3177,-0.5072
2016-09-30,31.01300,14.63800,16.37500,6.62200,8.94000,15.56200,0.81300,0.03800,0.85100,0.04300,0.80800,0.80800,0.20000,1.60900,0.81300,15.31800,16.85900,0.01000,0.01000,6.19280,0.12380,0.17130,52.80040,2.62150,2.62150,2.74400,0.64490,0.26100,0.71450,1.76900,50.87510,0.96440,1.01120,0.68000,0.84500,4.46140,0.8983,1.0027
2016-06-30,25.98800,12.39600,13.59200,5.72600,7.64400,13.37000,0.22200,-0.43600,-0.21400,0.04000,-0.25400,-0.25400,-3.07900,1.02800,0.22200,4.32100,4.32100,-0.71000,-0.71000,1.65220,0.60320,2.78480,52.30110,0.85420,0.85420,-0.82350,-11.84780,0.37960,0.64470,1.66340,54.10460,0.27470,-3.43340,-0.37100,-0.89350,2.51880,-0.9553,-1.089
2016-03-31,21.63100,10.53300,11.09800,5.43400,7.53200,12.96600,-1.86800,-0.44700,-2.31500,0.01500,-2.33000,-2.33000,-5.15500,-1.10700,-1.86800,4.26700,4.26700,-1.21000,-1.21000,1.55940,0.52420,2.45320,51.30600,-8.63580,-8.63580,-10.70220,-23.83150,0.35740,0.76610,1.74990,51.43040,2.59550,-32.71550,-3.84930,-10.06090,2.50640,-0.50640,-0.61520
2015-12-31,22.62700,10.61000,12.01700,4.63500,6.30100,10.93600,1.08100,0.38400,0.90600,0.08800,0.81800,0.81800,0.81800,1.82700,1.08100,4.12700,4.12700,-0.49000,-0.49000,2.05690,0.50540,1.51810,53.71460,4.77750,4.77750,4.00410,3.61520,0.42820,0.89630,1.75550,51.26660,-0.96200,9.07880,1.54780,3.12970,2.95030,0.7093,0.6851
2015-09-30,20.66400,10.04800,10.61600,4.30400,5.71000,10.01400,0.60200,-0.56000,0.04200,0.02900,0.01300,0.01300,-2.81300,1.07700,0.60200,3.90400,3.90400,-0.72000,-0.72000,,,,51.37440,2.91330,2.91330,0.20330,-13.61310,,,,,,,,,,1.087,-0.5806
2015-06-30,19.12300,8.96000,10.16300,4.02300,4.93000,8.95300,1.21000,-0.20600,1.00400,0.03000,0.97400,0.97400,-1.85100,1.66500,1.21000,3.84500,3.84500,-0.48000,-0.48000,,,,53.14540,6.32750,6.32750,5.25020,-9.67940,,,,,,,,,,-0.4939,-0.5346
2015-03-31,16.06500,8.01500,8.05000,4.05800,4.72500,8.78300,-0.73300,-0.15300,-0.88600,0.01900,-0.90500,-0.90500,-3.73000,-0.28500,-0.73300,3.68600,3.68600,-1.01000,-1.01000,,,,50.10890,-4.56270,-4.56270,-5.51510,-23.21820,,,,,,,,,,-0.46500,-0.53770
2014-12-31,,,,,,,,,,,,,,,,,,,0.00000,,,,,,,,,,,,,,,,,,0,0
