Date,revenue,cost-goods-sold,gross-profit,research-development-expenses,selling-general-administrative-expenses,other-operating-income-expenses,operating-expenses,operating-income,total-non-operating-income-expense,pre-tax-income,income-after-taxes,income-from-continuous-operations,net-income,ebitda,ebit,basic-shares-outstanding,shares-outstanding,eps-basic-net-earnings-per-share,eps-earnings-per-share-diluted,current-ratio,long-term-debt-capital,debt-equity-ratio,gross-margin,operating-margin,ebit-margin,pre-tax-profit-margin,net-profit-margin,asset-turnover,receiveable-turnover,days-sales-in-receivables,roe,return-on-tangible-equity,roa,roi,book-value-per-share,operating-cash-flow-per-share,free-cash-flow-per-share
2023-12-31,0.10500,,0.10500,2.96400,2.35400,,,-5.21300,0.21900,-4.99400,-4.99400,-4.99400,-4.90500,-5.14900,-5.21300,41.52700,41.52700,-0.12000,-0.12000,7.11960,0.78670,3.68760,100.00000,-4964.76200,-4964.76200,-4756.19000,-4671.42900,0.00250,,,-75.47240,-75.47230,-12.01520,-16.10030,0.15880,-0.0872,-0.0901
2023-09-30,0.05400,,0.05400,2.99300,2.43800,,,-5.37700,0.27900,-5.09800,-5.09800,-5.09800,-4.96100,-5.31000,-5.37700,41.33200,41.33200,-0.12000,-0.12000,8.15780,0.67730,2.09930,100.00000,-9957.40600,-9957.40600,-9440.74100,-9187.03700,0.00120,,,-46.18590,-46.18590,-11.44540,-14.90210,0.26630,-0.14170,-0.14420
2023-06-30,0.11100,,0.11100,3.52300,3.12300,,,-6.54400,-0.06200,-6.60600,-6.60600,-6.60600,-6.45900,-6.46700,-6.54400,36.65200,36.65200,-0.16000,-0.16000,7.36680,0.60600,1.53790,91.89190,-5895.49600,-5895.49500,-5951.35300,-5818.91800,0.00220,,,-43.17650,-43.17650,-13.00470,-17.01260,0.37100,-0.124,-0.127
2023-03-31,0.08700,,0.08700,4.16700,3.02000,,,-7.10000,-0.65800,-7.75800,-7.75800,-7.75800,-7.62400,-7.01200,-7.10000,39.94800,39.94800,-0.19000,-0.19000,8.68270,0.52790,1.11810,100.00000,-8160.92000,-8160.92000,-8917.24200,-8763.21900,0.00150,,,-37.15340,-37.15340,-13.79420,-17.54130,0.50840,-0.0812,-0.0811
2022-12-31,0.00200,,0.00200,3.78500,2.89600,,,-6.67900,-1.57500,-8.25400,-8.25400,-8.25400,-8.11700,-6.58200,-6.67900,33.19500,33.19500,-0.24000,-0.24000,9.48900,0.47600,0.90820,100.00000,-333950.00000,-333950.00000,-412699.90000,-405849.90000,0.00000,,,-33.06100,-33.06100,-13.77340,-17.32540,0.65200,-0.1847,-0.1868
2022-09-30,0.08700,,0.08700,4.27000,2.74000,,,-6.92300,0.65400,-6.26900,-6.26900,-6.26900,-6.12100,-6.82300,-6.92300,32.56300,32.56300,-0.19000,-0.19000,9.90890,0.43510,0.77030,100.00000,-7957.47200,-7957.47200,-7205.74800,-7035.63200,0.00150,,,-23.30400,-23.30400,-10.49140,-13.16380,0.82430,-0.23370,-0.23590
2022-06-30,,,,5.36100,3.52100,,,-8.88200,-0.20200,-9.08400,-9.08400,-9.08400,-9.00500,-8.74400,-8.88200,32.19200,32.19200,-0.27000,-0.27000,8.45610,0.40250,0.67350,,,,,,,,,-28.22350,-28.22350,-13.34610,-16.86470,0.99010,-0.2637,-0.2699
2022-03-31,0.23400,,0.23400,6.15600,4.55300,,,-10.47500,0.55700,-9.91800,-9.91800,-9.91800,-9.86500,-10.22400,-10.47500,32.26200,32.26200,-0.31000,-0.31000,8.22210,0.36350,0.57110,100.00000,-4476.49500,-4476.49500,-4238.46100,-4215.81200,0.00300,,,-24.70670,-24.70670,-12.53430,-15.72610,1.24120,-0.2898,-0.2909
2021-12-31,,,,6.50700,4.28800,,,-10.79500,-0.14500,-10.94000,-10.94000,-10.94000,-10.94000,-10.46800,-10.79500,32.13600,32.13600,-0.34000,-0.34000,6.26920,0.36760,0.58130,,,,,,,,,-27.45980,-27.45980,-13.47560,-17.36560,1.23630,-0.3058,-0.3067
2021-09-30,,,,6.35300,5.08800,,,-11.44100,0.00900,-11.43200,-11.43200,-11.43200,-11.43200,-11.10400,-11.44100,32.00100,32.00100,-0.36000,-0.36000,6.06140,0.32400,0.47940,,,,,,,,,-23.37500,-23.37500,-13.65060,-15.80080,1.52370,-0.27460,-0.27510
2021-06-30,,,,8.48500,6.10200,,,-14.58700,0.01900,-14.56800,-14.56800,-14.56800,-14.56800,-14.25100,-14.58700,28.11400,28.11400,-0.47000,-0.47000,5.84970,0.29440,0.41730,,,,,,,,,-25.49040,-25.49040,-15.57440,-17.98500,1.78830,-0.3799,-0.3819
2021-03-31,,,,7.66600,6.55900,,,-14.22500,-0.02900,-14.25400,-14.25400,-14.25400,-14.25400,-13.88600,-14.22500,29.61700,29.61700,-0.48000,-0.48000,5.02420,,,,,,,,,,,-20.91990,-20.91990,-18.00340,-20.91990,2.14670,-0.1747,-0.1778
2020-12-31,,,,7.97700,5.09700,,,-13.07400,0.52000,-12.55400,-12.55400,-12.55400,-12.55400,-12.72600,-13.07400,25.66300,25.66300,-0.49000,-0.49000,4.52680,,,,,,,,,,,-30.50940,-30.50940,-24.02080,-30.50940,1.59250,-0.3044,-0.3095
2020-09-30,,,,5.93800,2.79900,,,-8.73700,0.24800,-8.48900,-8.48900,-8.48900,-8.48900,-8.39000,-8.73700,25.53600,25.53600,-0.33000,-0.33000,5.11580,,,,,,,,,,,-17.34290,-17.34290,-14.40030,-17.34290,1.91110,-0.24050,-0.24350
2020-06-30,,,,5.83800,2.67700,,,-8.51400,0.37800,-8.13600,-8.13600,-8.13600,-8.13600,-8.16000,-8.51400,18.19700,18.19700,-0.32000,-0.32000,6.06750,,,,,,,,,,,-14.50240,-14.50240,-12.41530,-14.50240,2.20060,-0.3243,-0.3303
2020-03-31,,,,5.71700,1.68200,,,-7.39900,-0.10800,-7.50700,-7.50700,-7.50700,-7.50700,-7.03600,-7.39900,17.82300,17.82300,-0.42000,-0.42000,2.47490,,,,,,,,,,,-52.98180,-52.98190,-32.61080,-52.98190,0.75880,-0.2746,-0.2754
2019-12-31,0.02300,0.00100,0.02200,4.64000,1.75000,,6.39000,-6.36800,-0.00200,-6.37000,-6.37000,-6.37000,-6.37000,-5.98300,-6.36800,15.92800,15.92800,-0.40000,-0.40000,2.75030,,,95.65220,-27686.96000,-27686.96000,-27695.65000,-27695.65000,0.00090,,,-40.03770,-40.03770,-25.62350,-40.03770,0.93950,-0.3802,-0.3847
2019-09-30,,,,5.38200,1.81300,,,-7.19500,0.05600,-7.13900,-7.13900,-7.13900,-7.13900,-6.72700,-7.19500,15.40500,15.40500,-0.46000,-0.46000,2.73760,,,,,,,,,,,-40.73140,-40.73140,-25.89130,-40.73140,1.12210,-0.47000,-0.47350
2019-06-30,0.00000,,0.00000,5.58000,2.35100,,,-7.93100,0.17100,-7.76000,-7.76000,-7.76000,-7.76000,-7.45000,-7.93100,12.33300,12.33300,-0.52000,-0.52000,3.23250,,,,,,,,0.00000,,,-35.56210,-35.56210,-24.78440,-35.56210,1.44670,-0.4449,-0.4458
2019-03-31,,,,7.82700,2.47300,,,-10.30000,0.22200,-10.07800,-10.07800,-10.07800,-10.07800,-9.82000,-10.30000,11.72300,11.72300,-0.86000,-0.86000,1.60010,,,,,,,,,,,-116.81930,-116.81930,-53.80390,-116.81930,0.72300,-0.4946,-0.4965
2018-12-31,0.05000,0.00200,0.04800,6.25600,2.12300,,8.37900,-8.33100,-0.35200,-8.68300,-8.68300,-8.68300,-8.68300,-7.83300,-8.33100,11.57900,11.57900,-0.75000,-0.75000,2.53720,,,96.00000,-16662.00000,-16662.00000,-17366.00000,-17366.00000,0.00210,0.60980,147.60000,-57.14760,-57.14760,-35.72810,-57.14760,1.30080,-0.6999,-0.7009
2018-09-30,0.00400,,0.00400,6.76400,2.21000,,,-8.97000,0.18400,-8.78600,-8.78600,-8.78600,-8.78600,-8.46700,-8.97000,11.36600,11.36600,-0.77000,-0.77000,3.30510,,,100.00000,-224250.00000,-224250.00000,-219650.00000,-219650.00000,0.00010,0.10810,832.50000,-40.81010,-40.81010,-28.44010,-40.81010,1.87780,-0.74870,-0.76430
2018-06-30,,,,5.93200,2.84400,,,-8.77600,-0.20500,-8.98100,-8.98100,-8.98100,-8.98100,-8.27000,-8.77600,10.58800,10.58800,-0.80000,-0.80000,3.74780,,,,,,,,,,,-31.50460,-31.50460,-23.05190,-31.50460,2.51010,-0.6022,-0.6146
2018-03-31,,,,6.38200,2.66600,,,-9.04800,7.51700,-1.53100,-1.53100,-1.53100,-1.53100,-8.56000,-9.04800,11.00440,11.00440,-0.10000,-0.10000,4.57380,,,,,,,,,,,-4.60760,-4.60760,-3.56290,-4.60760,2.99710,-0.4642,-0.4665
2017-12-31,0.05000,0.00200,0.04800,5.63800,2.92000,0.04300,8.51500,-8.46700,0.23800,-8.22900,-8.22900,-8.22900,-8.22900,-7.96000,-8.46700,10.51300,10.51300,-0.80000,-0.80000,6.39540,,,96.00000,-16934.00000,-16934.00000,-16458.00000,-16458.00000,0.00110,0.29070,309.60000,-22.26400,-22.26400,-18.39580,-22.26400,3.38040,-0.4196,-0.422
2017-09-30,,,,4.67700,2.76300,,,-7.44000,0.05500,-7.38500,-7.38500,-7.38500,-7.38500,-6.91200,-7.44000,9.73220,9.73220,-0.80000,-0.80000,4.78750,,,,,,,,,,,-30.31110,-30.31110,-23.85800,-30.31110,2.48150,-0.53330,-0.54850
2017-06-30,,,,4.55500,2.03100,,,-6.58600,-0.43000,-7.01600,-7.01600,-7.01600,-7.01600,-5.85200,-6.58600,8.74300,8.74300,-0.70000,-0.70000,5.35940,,,,,,,,,,,-23.19260,-23.19260,-18.69240,-23.19260,3.12060,-0.8129,-0.8143
2017-03-31,,,,6.33700,1.88600,,,-8.22300,0.35900,-7.86400,-7.86400,-7.86400,-7.86400,-7.70100,-8.22300,9.17540,9.17540,-0.90000,-0.90000,5.64580,,,,,,,,,,,-22.07560,-22.07560,-18.06240,-22.07560,3.70410,-0.4621,-0.4675
2016-12-31,,,,5.20200,1.44600,,,-6.64800,0.03800,-6.61000,-6.61000,-6.61000,-6.61000,-6.21700,-6.64800,8.10390,8.10390,-0.80000,-0.80000,4.26870,,,,,,,,,,,-26.32000,-26.32000,-20.46500,-26.32000,3.08880,-0.7105,-0.7263
2016-09-30,,,,4.99800,1.56400,,,-6.56200,0.23800,-6.32400,-6.32400,-6.32400,-6.32400,-6.03700,-6.56200,8.06750,8.06750,-0.80000,-0.80000,5.64090,,,,,,,,,,,-19.22010,-19.22010,-15.72780,-19.22010,4.07320,-0.48630,-0.50350
2016-06-30,0.00000,0.00000,0.00000,4.35900,1.81400,,6.17300,-6.17300,-0.03200,-6.20500,-6.20500,-6.20500,-6.20500,-5.76800,-6.17300,7.95480,7.95480,-0.80000,-0.80000,6.16380,,,,,,,,0.00000,0.00000,,-16.26220,-16.26220,-13.50650,-16.26220,4.75350,-0.7048,-0.7329
2016-03-31,,,,5.75600,1.63900,,,-7.39500,0.19200,-7.20300,-7.20300,-7.20300,-7.20300,-6.94100,-7.39500,7.99350,7.99350,-0.90000,-0.90000,8.13790,,,,,,,,,,,-16.71000,-16.71000,-14.41030,-16.71000,5.38290,-0.6927,-0.6961
2015-12-31,2.75200,0.09700,2.65500,5.33700,1.54600,,6.88300,-4.22800,0.26600,-3.96200,-3.96200,-3.96200,-3.96200,-3.68400,-4.22800,7.93710,7.93710,-0.50000,-0.50000,9.70990,,,96.47530,-153.63370,-153.63370,-143.96800,-143.96800,0.04910,2.43320,36.98760,-8.02850,-8.02850,-7.06980,-8.02850,6.18900,-0.4522,-0.497
2015-09-30,0.09500,0.00300,0.09200,4.12800,1.48700,,5.61500,-5.52300,-0.35300,-5.87600,-5.87600,-5.87600,-5.87600,-4.89000,-5.52300,7.87050,7.87050,-0.70000,-0.70000,11.50370,,,96.84210,-5813.68400,-5813.68400,-6185.26300,-6185.26300,0.00160,0.22670,396.94740,-11.22490,-11.22490,-9.74280,-11.22490,6.60980,-0.47870,-0.61890
2015-06-30,0.09400,0.00300,0.09100,4.16300,1.74200,,5.90500,-5.81400,0.51900,-5.29500,-5.29500,-5.29500,-5.29500,-5.25800,-5.81400,7.02840,7.02840,-0.70000,-0.70000,9.19750,,,96.80850,-6185.10500,-6185.10600,-5632.97700,-5632.97900,0.00140,0.05560,1619.04200,-9.10690,-9.10690,-7.76910,-9.10690,7.38120,-0.7259,-0.7511
2015-03-31,0.09500,0.00300,0.09200,6.09400,1.52700,,7.62100,-7.52900,0.30300,-7.22600,-7.22600,-7.22600,-7.22600,-6.94500,-7.52900,7.06680,7.06680,-1.00000,-1.00000,8.71010,,,96.84210,-7925.26300,-7925.26300,-7606.31500,-7606.31500,0.00170,0.46570,193.26320,-15.86220,-15.86210,-13.27410,-15.86210,6.41230,-0.9177,-0.9292
2014-12-31,0.09500,0.00400,0.09100,4.87900,1.51300,,6.39200,-6.30100,0.05600,-6.24500,-6.24500,-6.24500,-6.24500,-5.69600,-6.30100,7.00700,7.00700,-0.90000,-0.90000,9.11130,,,95.78950,-6632.63200,-6632.63200,-6573.68500,-6573.68400,0.00160,0.60130,149.68420,-12.70940,-12.70940,-10.70490,-12.70940,6.97030,-0.7882,-0.8278
2014-09-30,0.09500,0.00300,0.09200,4.03700,1.67800,,5.71500,-5.62300,-0.28800,-5.91100,-5.91100,-5.91100,-5.91100,-5.08100,-5.62300,6.91310,6.91310,-0.90000,-0.90000,8.73720,,,96.84210,-5918.94800,-5918.94800,-6222.10600,-6222.10500,0.00150,0.21060,427.26320,-11.00850,-11.00850,-9.26050,-11.00850,7.71640,-0.49990,-0.53910
2014-06-30,0.09400,0.00200,0.09200,4.46400,2.34100,,6.80500,-6.71300,0.51700,-6.19600,-6.19600,-6.19600,-6.19600,-5.21200,-6.71300,6.35140,6.35140,-0.90000,-0.90000,8.38000,,,97.87230,-7141.49000,-7141.48900,-6591.49100,-6591.48600,0.00130,0.04150,2166.70200,-9.97380,-9.97380,-8.37040,-9.97380,9.05570,-0.9124,-0.9413
2014-03-31,0.09500,0.00300,0.09200,6.84800,2.53100,,9.37900,-9.28700,0.01100,-9.27600,-9.27600,-9.27600,-9.27600,-9.00600,-9.28700,6.56080,6.56080,-1.40000,-1.40000,10.04490,,,96.84210,-9775.79000,-9775.79000,-9764.21100,-9764.21100,0.00120,,,-14.06350,-14.06350,-11.98640,-14.06350,9.72130,-0.7801,-0.8089
2013-12-31,0.09500,0.00300,0.09200,5.10700,1.97500,,7.08200,-6.99000,0.28500,-6.70500,-6.70500,-6.70500,-6.70500,-6.60800,-6.99000,6.15100,6.15100,-1.10000,-1.10000,10.46800,,,96.84210,-7357.89500,-7357.89500,-7057.89500,-7057.89500,0.00130,,,-11.02180,-11.02180,-9.40020,-11.02180,9.44730,-0.4581,-0.5702
2013-09-30,0.09500,0.00300,0.09200,3.12300,1.82900,,4.95200,-4.86000,0.10500,-4.75500,-4.75500,-4.75500,-4.75500,-3.84000,-4.86000,5.92540,5.92540,-0.80000,-0.80000,9.15510,,,96.84210,-5115.79000,-5115.79000,-5005.26400,-5005.26400,0.00150,,,-8.67840,-8.67840,-7.26140,-8.67840,9.15430,-0.85990,-0.93780
2013-06-30,0.09500,0.00200,0.09300,5.92000,1.38900,,7.30900,-7.21600,0.22600,-6.99000,-6.99000,-6.99000,-6.99000,-6.79000,-7.21600,5.54810,5.54810,-1.20000,-1.20000,9.30330,,,97.89470,-7595.78600,-7595.78600,-7357.89100,-7357.89400,0.00140,0.34800,258.63150,-12.16370,-12.16370,-10.23190,-12.16370,9.70760,-1.009,-1.2293
2013-03-31,0.19400,0.00600,0.18800,4.96200,1.15900,,6.12100,-5.93300,0.25300,-5.68000,-5.68000,-5.68000,-5.68000,-5.50100,-5.93300,5.83580,5.83580,-1.00000,-1.00000,10.60020,,,96.90720,-3058.24800,-3058.24800,-2927.83500,-2927.83500,0.00260,0.15110,595.67010,-8.87240,-8.87240,-7.64090,-8.87240,10.91080,-0.8367,-0.8127
2012-12-31,0.19500,0.00600,0.18900,3.65300,1.42000,,5.07300,-4.88400,0.39400,-4.49000,-4.49000,-4.49000,-4.49000,-4.72800,-4.88400,5.75130,5.75130,-0.80000,-0.80000,10.81820,,,96.92310,-2504.61500,-2504.61500,-2302.56400,-2302.56400,0.00250,0.11480,784.15390,-6.50310,-6.50310,-5.67490,-6.50310,11.83640,-0.4617,-0.6286
2012-09-30,0.19500,0.00600,0.18900,2.69800,1.68100,,4.37900,-4.19000,0.19500,-3.99500,-3.99500,-3.99500,-3.99500,-4.01700,-4.19000,4.78340,4.78340,-0.80000,-0.80000,13.37580,,,96.92310,-2148.71800,-2148.71800,-2048.71800,-2048.71800,0.00240,0.11690,769.84620,-5.53380,-5.53380,-4.90520,-5.53380,12.60860,-0.73630,-1.14980
2012-06-30,0.10100,0.00300,0.09800,2.33700,1.73200,,4.06900,-3.97100,-0.16400,-4.13500,-4.13500,-4.13500,-4.13500,-3.65700,-3.97100,4.40320,4.40320,-0.90000,-0.90000,6.91630,,,97.02970,-3931.68300,-3931.68300,-4094.05900,-4094.06000,0.00210,,,-10.95600,-10.95600,-8.71990,-10.95600,8.12560,-0.2148,-0.2547
2012-03-31,0.23000,0.00600,0.22400,2.91000,1.92400,,4.83400,-4.61000,0.43600,-4.17400,-4.17400,-4.17400,-4.17400,-4.63800,-4.61000,4.43280,4.43280,-0.90000,-0.90000,8.54040,,,97.39130,-2004.34800,-2004.34800,-1814.78300,-1814.78200,0.00490,0.13220,680.86960,-11.01290,-11.01290,-8.90050,-11.01290,8.51400,-0.5688,-0.637
2011-12-31,0.23100,0.00700,0.22400,1.06700,1.27500,,2.34200,-2.11800,0.12600,-1.99200,-1.99200,-1.99200,-1.99200,-2.05300,-2.11800,4.36690,4.36690,-0.50000,-0.50000,8.81090,,,96.96970,-916.88310,-916.88310,-862.33760,-862.33760,0.00470,0.10940,822.46750,-4.93660,-4.93660,-4.01270,-4.93660,9.14660,-0.7692,-0.9554
2011-09-30,0.15400,0.00500,0.14900,2.84400,1.63700,,4.48100,-4.33200,-0.16100,-4.49300,-4.49300,-4.49300,-4.49300,-4.23100,-4.33200,4.27790,4.27790,-1.10000,-1.10000,9.18990,,,96.75330,-2812.98700,-2812.98700,-2917.53200,-2917.53200,0.00310,0.68440,131.49350,-11.15050,-11.15050,-9.01410,-11.15050,9.37400,0.80900,0.76720
2011-06-30,,,,2.50600,1.33100,,,-3.83700,0.11200,-3.72500,-3.72500,-3.72500,-3.72500,-3.74900,-3.83700,3.11990,3.11990,-0.90000,-0.90000,21.45540,,,,,,,,,,,-8.57860,-8.57860,-8.09500,-8.57860,10.23070,-0.8641,-0.9877
2011-03-31,,,,1.54700,1.15200,,,-2.69900,0.08600,-2.61300,-2.61300,-2.61300,-2.61300,-2.61900,-2.69900,3.66770,3.66770,-0.70000,-0.70000,23.94590,,,,,,,,,,,-5.71210,-5.71210,-5.42650,-5.71210,10.99430,-0.0892,-0.051
2010-12-31,,,,1.57800,1.24600,,,-2.82400,0.00300,-2.82100,-2.82100,-2.82100,-2.82100,-2.75000,-2.82400,2.48970,2.48970,-1.10000,-1.10000,3.73970,,,,,,,,,,,-47.15030,-47.15030,-35.79040,-47.15030,2.25860,-0.5639,-0.5882
2010-09-30,,,,0.99800,0.75600,,,-1.75400,0.06500,-1.68900,-1.68900,-1.68900,-1.68900,-1.68400,-1.75400,2.10120,2.10120,-0.80000,-0.80000,1.71790,,,,,,,,,,,-61.82280,-61.82280,-38.69420,-61.82280,1.29050,-0.32740,-0.51680
2010-06-30,,,,0.99700,0.72500,,,-1.72200,-0.02000,-1.74200,-1.74200,-1.74200,-1.74200,-1.66400,-1.72200,1.70050,1.70050,-1.00000,-1.00000,2.81420,,,,,,,,,,,-43.75790,-43.75790,-30.98540,-43.75790,1.90580,-1.1005,-1.2316
2010-03-31,,,,1.49000,0.76800,,,-2.25800,-0.00500,-2.26300,-2.26300,-2.26300,-2.26300,-2.20600,-2.25800,1.80030,1.80030,-1.30000,-1.30000,2.12620,,,,,,,,,,,-86.11100,-86.11110,-55.39780,-86.11110,1.45280,-0.9897,-1.0163
2009-12-31,,,,0.94700,0.87500,,,-1.82200,-0.00900,-1.83100,-1.83100,-1.83100,-1.83100,-1.77200,-1.82200,1.74490,1.74490,-1.00000,-1.00000,3.83820,,,,,,,,,,,-41.76550,-41.76550,-31.96020,-41.76550,2.44720,-0.4421,-0.478
2009-09-30,,,,0.86700,0.77000,,,-1.63700,0.02000,-1.61700,-1.61700,-1.61700,-1.61700,-1.59000,-1.63700,1.45230,1.45230,-1.10000,-1.10000,2.92130,,,,,,,,,,,-52.65390,-52.65390,-38.42680,-52.65390,2.24540,-0.64790,-0.68310
2009-06-30,,,,0.78000,0.85900,,,-1.63900,0.07200,-1.56700,-1.56700,-1.56700,-1.56700,-1.59400,-1.63900,1.06000,1.06000,-0.80000,-0.80000,3.49400,0.00670,0.00680,,,,,,,,,-46.16970,-46.16970,-35.11090,-45.85890,2.48150,-1.3197,-1.3573
2009-03-31,,,,1.06000,0.85000,,,-1.91000,-0.08400,-1.99400,-1.99400,-1.99400,-1.99400,-1.86600,-1.91000,1.19580,1.19580,-1.70000,-1.70000,3.65340,0.00750,0.00750,,,,,,,,,-65.20600,-65.20600,-51.08890,-64.71920,2.39300,-2.7011,-2.9587
