Date,revenue,cost-goods-sold,gross-profit,selling-general-administrative-expenses,other-operating-income-expenses,operating-expenses,operating-income,total-non-operating-income-expense,pre-tax-income,total-provision-income-taxes,income-after-taxes,income-from-continuous-operations,net-income,ebitda,ebit,basic-shares-outstanding,shares-outstanding,eps-basic-net-earnings-per-share,eps-earnings-per-share-diluted,current-ratio,long-term-debt-capital,debt-equity-ratio,gross-margin,operating-margin,ebit-margin,pre-tax-profit-margin,net-profit-margin,asset-turnover,inventory-turnover,receiveable-turnover,days-sales-in-receivables,roe,return-on-tangible-equity,roa,roi,book-value-per-share,operating-cash-flow-per-share,free-cash-flow-per-share
2024-03-31,1120.81000,782.25000,338.56010,229.84000,,229.84000,108.72010,-13.41900,95.30100,16.47300,78.82800,78.88500,78.47200,119.46910,108.72010,38.20500,38.46700,2.05000,2.04000,1.88050,0.41190,0.72760,30.20670,9.70010,9.70010,8.50290,7.00140,0.29820,0.52260,2.12610,42.33170,5.86210,22.55370,2.09870,3.44750,34.98740,3.78100,3.33800
2023-12-31,1003.05100,709.27610,293.77510,214.43100,,214.43090,79.34410,-12.10500,67.23900,15.74500,51.49400,51.43700,51.15900,89.70410,79.34420,38.70400,38.99700,1.36000,1.35000,2.35530,0.43610,0.80240,29.28810,7.91030,7.91030,6.70340,5.10030,0.29260,0.51940,2.92510,30.76800,3.91820,16.35900,1.50050,2.20960,34.22730,3.557,3.1167
2023-09-30,1474.40700,1045.67600,428.73100,234.28800,,234.28800,194.44300,-13.59900,180.84400,43.07900,137.76500,137.84300,137.11700,204.69400,194.44300,38.73500,39.02300,3.54000,3.51000,2.58420,0.41260,0.72900,29.07820,13.18790,13.18790,12.26550,9.29980,0.42980,0.83040,3.19420,28.17570,9.71940,32.92020,4.01790,5.70940,36.66850,9.5874,9.2584
2023-06-30,1857.36300,1289.58000,567.78310,240.77400,,240.77400,327.00900,-16.89200,310.11700,77.98700,232.13000,232.25000,231.03100,336.77100,327.00900,38.83700,39.11500,5.95000,5.91000,2.71730,0.44050,0.81220,30.56930,17.60610,17.60610,16.69660,12.43870,0.50460,0.92580,2.94380,30.57320,15.92350,50.91310,6.31010,8.90910,37.35130,6.999,6.6245
2023-03-31,1206.77400,837.01900,369.75510,223.98400,,223.98400,145.77110,-15.83500,129.93600,28.27300,101.66300,101.69900,101.15100,155.53810,145.77110,38.87700,39.18900,2.60000,2.58000,2.35850,0.51470,1.08670,30.64000,12.07940,12.07940,10.76720,8.38190,0.31240,0.49630,2.13900,42.07530,8.09220,39.15190,2.63280,3.92750,32.19710,2.63350,2.23620
2022-12-31,1095.92000,780.18800,315.73200,208.43700,,208.43680,107.29530,-15.48300,91.81200,20.07600,71.73610,71.86310,71.46200,116.62530,107.29500,39.40900,39.80600,1.90000,1.88000,2.98790,0.52440,1.12270,28.80980,9.79040,9.79040,8.37760,6.52070,0.30740,0.49040,3.11830,28.86190,5.81800,30.22620,2.01550,2.76720,31.61570,4.4121,4.0228
2022-09-30,1615.33900,1111.65200,503.68700,239.81000,,239.81000,263.87710,-11.70700,252.17000,62.20500,189.96500,190.05500,189.03600,273.83810,263.87710,39.21400,39.58000,4.82000,4.78000,2.98330,0.55750,1.27010,31.18150,16.33570,16.33570,15.61100,11.70260,0.43800,0.72210,2.93810,30.63240,15.95920,99.14040,5.15330,7.06210,30.49310,7.0512,6.8389
2022-06-30,2055.81800,1389.01400,666.80410,247.91600,,247.91600,418.88810,-8.52300,410.36500,103.16000,307.20500,307.28300,305.60300,428.76710,418.88810,39.66000,40.06400,7.71000,7.63000,2.77260,0.56180,1.29810,32.43500,20.37570,20.37570,19.96120,14.86530,0.51890,0.87960,2.71720,33.12190,25.00150,135.53960,7.75550,10.95590,31.04620,5.8693,5.6019
2022-03-31,1412.65000,965.46100,447.18900,211.46600,,211.46600,235.72300,-5.19800,230.52500,51.32200,179.20300,179.26100,178.21000,245.57800,235.72300,39.93200,40.39200,4.46000,4.41000,2.50280,0.55820,1.28170,31.65600,16.68660,16.68660,16.31860,12.61530,0.36390,0.58830,2.07770,43.31820,15.26560,102.38800,4.61760,6.74400,29.27640,-5.15220,-5.37900
2021-12-31,1035.55800,713.18090,322.37710,194.48600,,194.48610,127.89100,-1.77700,126.11410,18.57200,107.54200,107.60900,103.28800,135.82600,127.89110,39.87600,40.48000,2.69000,2.64000,2.37650,0.52230,1.10450,31.13080,12.35000,12.35000,12.17840,9.97410,0.32060,0.53260,2.75000,32.72770,10.04380,153.25630,3.33140,4.79760,26.65620,-1.0799,-1.4149
2021-09-30,1411.44800,969.54900,441.89900,204.62300,,204.62300,237.27600,-2.31700,234.95900,50.38600,184.57300,184.66500,184.66500,244.76000,237.27600,40.10100,40.69100,4.60000,4.54000,2.25220,0.26330,0.36830,31.30820,16.81080,16.81080,16.64670,13.08340,0.61850,0.92920,2.96430,30.36140,18.74370,26.69170,8.09140,13.80890,24.58110,4.2291,4.0592
2021-06-30,1787.83300,1236.14800,551.68510,213.09900,,213.09900,338.58610,-1.96300,336.62300,76.98500,259.63800,259.69500,259.69500,345.88810,338.58610,40.12500,40.74500,6.47000,6.37000,2.23210,0.32070,0.48370,30.85780,18.93840,18.93840,18.82860,14.52570,0.80750,1.38170,3.05320,29.47760,29.68800,44.84350,11.72950,20.16570,21.79680,2.7072,2.4982
2021-03-31,1060.74500,759.61400,301.13100,172.10000,,172.10000,129.03100,-2.58200,126.44900,27.86900,98.58000,98.65500,98.65500,136.33600,129.03100,40.21500,40.84600,2.45000,2.42000,1.79910,0.39010,0.65840,28.38860,12.16420,12.16420,11.92080,9.30050,0.49530,0.77730,2.17540,41.37110,14.99480,26.08820,4.60640,9.14580,16.41290,1.88790,1.67150
2020-12-31,839.26010,600.16600,239.09410,164.74500,,164.74510,74.34900,-3.06000,71.28900,12.16300,59.12600,59.17300,59.17300,81.79300,74.34910,40.10600,40.86500,1.46000,1.43000,2.32160,0.38730,0.65060,28.48870,8.85890,8.85890,8.49430,7.05060,0.48240,0.76850,2.90200,31.01300,9.25340,16.47710,3.40140,5.67000,15.89460,0.206,0.0887
2020-09-30,1139.22900,810.53100,328.69800,180.46500,,180.46500,148.23300,-1.86100,146.37200,27.36000,119.01200,119.09800,119.09800,155.53900,148.23300,40.12300,40.83900,2.97000,2.92000,2.21070,0.35770,0.57660,28.85270,13.01170,13.01170,12.84830,10.45430,0.71760,1.32260,3.10910,28.94680,20.20320,31.37300,7.50180,12.97750,14.68140,4.0902,3.9966
2020-06-30,1280.84600,907.36500,373.48100,167.62400,,167.62400,205.85690,-2.64300,203.21400,45.73300,157.48100,157.55500,157.55500,213.16790,205.85690,39.97300,40.71500,3.94000,3.87000,2.05960,0.46860,0.90140,29.15890,16.07200,16.07200,15.86560,12.30090,0.77400,1.44390,2.82490,31.85900,32.36610,55.59610,9.52110,17.19960,12.15700,4.9512,4.8347
2020-03-31,677.28800,487.65900,189.62900,147.09700,,154.04100,35.58800,-4.78900,30.79900,-0.02500,30.82400,30.91200,30.91200,42.92500,35.58800,40.12500,40.95500,0.77000,0.75000,1.89850,0.62050,1.68210,27.99830,5.25450,5.25450,4.54740,4.56410,0.38750,0.56820,1.95800,45.96620,8.87260,21.29130,1.76860,3.36700,8.72500,0.48170,0.27810
2019-12-31,582.23310,420.18410,162.04900,136.25200,,136.25200,25.79700,-5.23400,20.56300,2.59200,17.97100,18.02300,18.02300,33.37400,25.79710,39.83300,40.86500,0.45000,0.43000,2.49090,0.54920,1.24680,27.83230,4.43070,4.43070,3.53170,3.09550,0.39250,0.59830,2.57010,35.01780,4.39390,8.56010,1.21510,1.98090,10.23560,1.3587,1.2012
2019-09-30,898.50000,640.56900,257.93100,153.39100,,153.39100,104.54000,-5.49800,99.04200,19.59300,79.44900,79.52500,79.52500,111.96600,104.54000,39.93300,40.86500,1.99000,1.95000,2.67600,0.56890,1.34880,28.70690,11.63500,11.63500,11.02300,8.85090,0.60650,1.03950,2.91910,30.83120,19.58890,38.49190,5.36820,8.44490,10.14420,3.5671,3.3781
2019-06-30,1121.32800,791.01400,330.31400,157.79100,,157.79100,172.52300,-6.42400,166.09900,34.77800,131.32100,131.39000,131.39000,179.77000,172.52300,39.82700,40.84800,3.30000,3.22000,2.34930,0.66070,2.01750,29.45740,15.38560,15.38560,14.81270,11.71740,0.66330,1.13910,2.68820,33.47940,38.28730,91.87980,7.77190,12.98920,8.60120,1.6777,1.3734
2019-03-31,597.45600,422.82500,174.63100,136.24500,,136.24500,38.38600,-6.61600,31.77000,-0.80200,32.57200,32.63700,32.63700,45.41000,38.38600,39.47900,40.69600,0.83000,0.80000,1.96370,0.75070,3.10830,29.22910,6.42490,6.42490,5.31750,5.46270,0.35600,0.51830,1.90800,47.16900,14.51330,132.37500,1.94460,3.61780,5.66740,0.70780,0.54220
2018-12-31,543.08190,382.64010,160.44180,134.47300,,134.47290,25.96890,-6.44700,19.52200,2.78500,16.73700,16.81200,16.81200,32.97690,25.96890,40.31100,41.69300,0.44000,0.41000,2.99480,0.74630,2.98210,29.54290,4.78180,4.78180,3.59470,3.09570,0.43770,0.56890,2.61350,34.43700,7.51910,72.73530,1.35490,1.90790,5.65960,1.6195,1.5314
2018-09-30,811.31100,576.30800,235.00300,142.66600,,142.66600,92.33700,-4.93100,87.40600,18.20600,69.20000,69.26100,69.26100,99.41800,92.33700,40.42200,41.79700,1.71000,1.66000,3.28940,0.60520,1.55790,28.96580,11.38120,11.38120,10.77340,8.53690,0.63200,0.94480,2.81930,31.92310,18.58170,40.40800,5.39520,7.33620,9.20800,2.1067,2.0262
2018-06-30,1057.80400,749.14900,308.65500,146.61300,,146.61300,162.04200,-5.99100,156.05100,39.06200,116.98900,117.04900,117.04900,169.09900,162.04200,40.45300,41.81400,2.89000,2.80000,2.64300,0.66950,2.09410,29.17890,15.31870,15.31870,14.75240,11.06530,0.75330,1.23500,2.61560,34.40840,37.30040,104.38960,8.33520,12.32800,7.77290,0.1743,-0.0648
2018-03-31,585.90000,419.82700,166.07300,132.53200,,132.53200,33.54100,-3.52700,30.01400,-1.27900,31.29300,31.33900,31.33900,40.31000,33.54100,40.37000,41.86200,0.78000,0.75000,1.96770,0.68660,2.27440,28.34490,5.72470,5.72470,5.12270,5.34890,0.42470,0.59650,1.86240,48.32500,12.54640,66.53710,2.27150,3.93160,6.15700,-1.05460,-1.40430
2017-12-31,510.18300,364.78500,145.39810,128.13910,,128.13920,17.25890,-3.58100,13.67800,-11.97000,25.64800,25.66600,25.66600,23.90490,17.25890,40.83800,42.44900,0.65000,0.62000,2.43260,0.69510,2.32870,28.49920,3.38290,3.38290,2.68100,5.03070,0.46340,0.68000,2.59950,34.62260,11.50190,125.27350,2.33100,3.50650,5.54920,1.4758,1.4414
2017-09-30,743.40100,526.79500,216.60600,134.67800,,134.67800,81.92800,-4.00900,77.91900,29.17900,48.74000,48.78300,48.78300,88.64700,81.92800,40.65900,42.20700,1.20000,1.16000,2.61260,0.72530,2.68150,29.13720,11.02070,11.02070,10.48140,6.56210,0.66260,1.08780,2.82880,31.81550,23.17000,586.76080,4.34820,6.36430,5.24750,3.6159,3.5249
2017-06-30,988.16300,698.49900,289.66400,135.47800,,135.47810,154.18600,-3.95200,150.23400,55.65400,94.58000,94.62000,94.90300,160.62400,154.18600,41.34900,42.98500,2.30000,2.21000,2.47200,0.63980,1.82510,29.31340,15.60330,15.60330,15.20340,9.60400,0.77250,1.28680,2.66870,33.72490,31.20110,91.23960,7.39720,11.23970,7.33570,-0.2056,-0.5621
2017-03-31,546.44100,392.82000,153.62100,122.62300,,122.62300,30.99800,-3.64700,27.35100,5.11900,22.23200,22.27000,22.28100,36.92000,30.99800,41.19200,42.87700,0.54000,0.52000,1.84310,0.68330,2.20170,28.11300,5.67270,5.67270,5.00530,4.07750,0.42660,0.60630,1.88420,47.76680,10.00210,91.19550,1.73870,3.16740,5.38740,-0.75620,-1.20220
2016-12-31,445.23500,317.45790,127.77720,118.03400,,118.03400,9.74310,-4.52700,5.21600,2.68700,2.52900,2.57200,2.61500,15.41210,9.74310,41.87200,42.98400,0.08000,0.08000,2.34810,0.68040,2.13460,28.69880,2.18830,2.18830,1.17150,0.58730,0.44790,0.65300,2.67970,33.58580,1.25330,36.28170,0.25870,0.40050,4.99420,0.5271,0.4327
2016-09-30,691.42900,491.87800,199.55100,125.38500,,125.38500,74.16600,-2.98900,71.17700,26.80700,44.37000,44.42100,44.53400,79.99600,74.16600,42.02000,43.11900,1.06000,1.03000,2.24550,0.58840,1.43460,28.86070,10.72650,10.72650,10.29420,6.44090,0.66640,1.08070,2.96240,30.38120,16.33220,60.97260,4.28150,6.72150,6.52050,3.6391,3.5318
2016-06-30,918.88900,648.15300,270.73600,128.31600,,128.31600,142.42000,-4.00100,138.41900,53.20900,85.21000,85.24700,85.43500,147.82300,142.42000,42.03000,43.15200,2.03000,1.98000,2.30750,0.64980,1.88130,29.46340,15.49920,15.49920,15.06370,9.29760,0.76850,1.31400,2.61780,34.37970,32.03690,129.27970,7.12970,11.21860,6.34410,0.5989,0.311
2016-03-31,515.25000,372.22700,143.02300,113.49300,,113.49300,29.53000,-2.96400,26.56600,10.22800,16.33800,16.36300,16.37100,34.60500,29.53000,42.22600,43.31700,0.39000,0.38000,1.83710,0.68310,2.18420,27.75800,5.73120,5.73120,5.15590,3.17730,0.43180,0.62520,1.81580,49.56470,7.93420,78.68730,1.37130,2.51470,4.90350,-0.91770,-1.22720
2015-12-31,415.07490,296.78010,118.29480,112.31600,,112.31600,5.97880,-1.70400,4.27500,1.64800,2.62700,2.57900,2.48500,10.67580,5.97890,43.10500,44.25400,0.07000,0.06000,2.17080,0.56060,1.28270,28.49970,1.44040,1.44040,1.02990,0.59870,0.44420,0.62580,2.64790,33.98910,1.00840,3.62540,0.27600,0.44310,5.98780,1.5255,1.3527
2015-09-30,645.77900,461.49100,184.28800,118.77600,,118.77600,65.51200,-2.47300,63.03900,23.70400,39.33500,39.40300,39.44700,69.98400,65.51200,42.82600,43.93900,0.92000,0.90000,2.70820,0.59980,1.50590,28.53730,10.14470,10.14470,9.76170,6.10840,0.68630,1.11850,2.93840,30.62920,15.08410,50.72540,4.18780,6.03610,6.12910,3.0489,2.9286
2015-06-30,851.85500,603.59500,248.26000,119.12800,,119.12800,129.13200,-1.90000,127.23200,49.49300,77.73900,77.80900,77.92400,133.36200,129.13200,43.32200,44.45800,1.80000,1.75000,2.63460,0.65450,1.90760,29.14350,15.15890,15.15890,14.93590,9.14760,0.76750,1.27510,2.67460,33.64990,30.07240,104.74950,7.01040,10.38990,6.02690,0.0141,-0.1538
2015-03-31,450.43000,325.62900,124.80100,109.20200,,109.20200,15.59900,-1.99500,13.60400,5.29200,8.31200,8.43300,8.41900,19.58800,15.59900,43.60100,44.75600,0.19000,0.19000,2.00200,0.61920,1.62640,27.70710,3.46310,3.46310,3.02020,1.86910,0.41610,0.58220,1.88680,47.69980,3.49210,14.68680,0.77900,1.32960,5.53240,-1.28820,-1.48470
2014-12-31,376.44200,270.42210,106.01990,106.75200,,106.75210,-0.73220,-1.79400,-2.52600,-0.55200,-1.97400,-1.97900,-2.19500,3.32580,-0.73220,44.28100,45.44100,-0.04000,-0.04000,2.18290,0.56650,1.31300,28.16370,-0.19450,-0.19450,-0.67100,-0.58310,0.42160,0.57910,2.67650,33.62550,-0.80990,-3.38680,-0.22160,-0.35110,5.61590,1.8511,1.7971
2014-09-30,615.53600,439.29200,176.24400,117.78700,,117.78700,58.45700,-1.86400,56.59300,21.71100,34.88200,34.95800,34.83600,62.56400,58.45700,43.75600,44.86400,0.80000,0.78000,2.80560,0.60750,1.55840,28.63260,9.49690,9.49690,9.19410,5.65950,0.67700,1.06020,2.97120,30.29040,13.83600,53.27340,3.84480,5.43010,5.82800,1.9366,1.8686
2014-06-30,848.24000,601.26400,246.97600,124.47700,,124.47700,122.49900,-1.89400,120.60500,46.79600,73.80900,73.86300,73.86300,126.45400,122.49900,44.76900,45.97100,1.65000,1.61000,2.48190,0.61370,1.58840,29.11630,14.44160,14.44160,14.21830,8.70780,0.80370,1.33170,2.76750,32.52030,27.22390,85.10350,6.99830,10.51750,6.14770,-0.3017,-0.4344
2014-03-31,406.34400,292.24400,114.10000,105.45400,,105.45400,8.64600,-1.93300,6.71300,2.60400,4.10900,4.18800,4.18800,12.40800,8.64600,45.17800,46.37500,0.09000,0.09000,1.91180,0.55340,1.23900,28.07970,2.12780,2.12780,1.65200,1.03070,0.40110,0.55420,1.92480,46.75750,1.60040,5.42960,0.41330,0.71480,5.79920,-0.80530,-0.93190
2013-12-31,340.78890,244.99600,95.79300,102.60700,,102.60700,-6.81410,-1.50900,-8.32300,-3.21800,-5.10500,-4.97500,-4.97500,-2.85610,-6.81410,46.28200,47.53000,-0.10000,-0.09000,2.18920,0.46270,0.86110,28.10920,-1.99950,-1.99950,-2.44230,-1.45980,0.41370,0.57080,2.72010,33.08740,-1.73840,-4.78310,-0.60390,-0.93410,6.30650,1.0797,0.9881
2013-09-30,578.15700,415.60000,162.55700,109.18200,,109.18200,53.37500,-1.54400,51.83100,19.49600,32.33500,32.33200,32.33200,57.05300,53.37500,46.38000,47.59800,0.70000,0.68000,2.81370,0.43680,0.77550,28.11640,9.23190,9.23190,8.96490,5.59230,0.69920,1.13680,3.19600,28.15990,9.62750,20.79790,3.91010,5.42240,7.28970,1.82,1.7366
2013-06-30,790.39200,562.22600,228.16600,116.17300,,116.17300,111.99300,-2.08100,109.91200,43.41600,66.49600,66.53300,66.53300,115.55900,111.99300,46.65900,47.88200,1.43000,1.39000,2.33870,0.46430,0.86680,28.86750,14.16930,14.16930,13.90600,8.41770,0.79840,1.32390,2.81210,32.00410,19.19540,40.07190,6.72040,10.28280,7.42710,0.1517,0.035
2013-03-31,370.36200,265.60100,104.76100,97.82900,,97.82900,6.93200,-1.61400,5.31800,1.89600,3.42200,3.44000,3.44000,10.32600,6.93200,46.38500,47.58000,0.07000,0.07000,1.93690,0.49430,0.97750,28.28610,1.87170,1.87170,1.43590,0.92880,0.38830,0.53730,1.96690,45.75650,1.20710,3.30120,0.36070,0.61040,6.12630,-0.84040,-0.94300
2012-12-31,306.81800,217.88000,88.93800,99.23500,,99.23510,-10.29710,-1.10500,-11.40200,-3.27600,-8.12600,-7.99700,-7.99700,-6.86410,-10.29710,46.93700,48.05800,-0.17000,-0.16000,2.18990,0.45050,0.81990,28.98720,-3.35610,-3.35610,-3.71620,-2.60640,0.39310,0.54430,2.69470,33.39870,-2.83960,-7.95030,-1.02450,-1.56040,6.08200,-0.1281,-0.1797
2012-09-30,528.02700,376.52600,151.50100,103.54400,-6.94600,110.49000,41.01100,-1.68700,39.32400,17.96500,21.35900,21.37500,21.37500,44.25700,41.01100,46.57400,47.78700,0.46000,0.45000,2.16360,0.40690,0.68600,28.69190,7.76680,7.76680,7.44730,4.04810,0.65620,1.07790,3.02790,29.72320,6.84070,16.28980,2.65620,4.05750,6.70580,1.9117,1.8219
2012-06-30,757.17500,534.77000,222.40500,114.27100,,114.27100,108.13400,-2.20000,105.93400,41.01800,64.91600,64.94300,64.94300,111.34700,108.13400,47.14200,48.28800,1.38000,1.34000,2.09650,0.50610,1.02470,29.37300,14.28120,14.28120,13.99070,8.57700,0.77250,1.32940,2.81410,31.98130,21.47740,57.07870,6.62600,10.60830,6.48130,1.3944,1.3342
2012-03-31,361.95400,257.39100,104.56300,98.54200,,98.54200,6.02100,-1.47700,4.54400,1.03700,3.50700,3.65100,3.65100,9.00500,6.02100,47.51900,48.59800,0.08000,0.08000,2.01320,0.51500,1.06200,28.88850,1.66350,1.66350,1.25540,1.00870,0.38230,0.55610,1.80400,49.88920,1.29670,3.93660,0.38560,0.62890,5.91330,-0.70020,-0.83720
2011-12-31,270.42200,189.58700,80.83500,93.62800,,95.17810,-14.34310,-2.85400,-17.19700,-7.05800,-10.13900,-10.11500,-10.11500,-11.35210,-14.34310,48.15800,48.98700,-0.21000,-0.21000,2.34810,0.46920,0.88410,29.89220,-5.30390,-5.30400,-6.35930,-3.74050,0.35080,0.49000,2.47470,36.36750,-3.61580,-11.12700,-1.31210,-1.91920,5.90590,0.8775,0.8281
2011-09-30,503.58400,355.67800,147.90600,106.99300,,106.99300,40.91300,-1.64100,39.27200,15.12600,24.14600,24.16900,24.16900,43.85900,40.91300,47.98700,48.77200,0.50000,0.50000,2.80950,0.46880,0.88250,29.37070,8.12440,8.12440,7.79850,4.79940,0.63090,1.05320,3.13470,28.71070,7.93730,21.19530,3.02790,4.21650,6.39770,1.0412,0.9465
2011-06-30,706.42300,494.98400,211.43900,113.51800,,113.51800,97.92100,-1.82400,96.09700,37.67000,58.42700,58.57700,58.57700,100.63800,97.92100,48.23100,49.11600,1.21000,1.19000,1.66210,0.40480,1.01030,29.93090,13.86150,13.86150,13.60330,8.29210,0.72790,1.27000,2.65540,33.89310,19.33520,52.19880,6.03540,11.50810,6.27840,0.3742,0.249
2011-03-31,312.88900,221.47900,91.41000,90.83400,,90.83400,0.57600,-1.64500,-1.06900,-0.41900,-0.65000,-0.63800,-0.63800,3.22700,0.57600,48.86400,48.86400,-0.01000,-0.01000,1.48200,0.41830,1.11830,29.21480,0.18410,0.18410,-0.34170,-0.20390,0.34900,0.50470,1.80040,49.98840,-0.25460,-1.07300,-0.07120,-0.14810,5.18790,-0.75980,-0.88760
2010-12-31,241.42600,167.85900,73.56700,90.35000,,90.34990,-16.78300,-1.96100,-18.74400,-6.95100,-11.79300,-11.80500,-11.80500,-14.01400,-16.78300,49.46900,50.16100,-0.24000,-0.23000,2.25300,0.41060,0.69720,30.47190,-6.95160,-6.95160,-7.76390,-4.88970,0.33140,0.48310,2.37760,37.85370,-4.13950,-12.59860,-1.62040,-2.43960,5.77510,0.5726,0.5432
2010-09-30,455.02000,324.15100,130.86900,93.82200,,93.82200,37.04700,-0.37600,36.67100,13.90200,22.76900,22.78400,22.78400,39.94700,37.04700,49.61500,50.16800,0.46000,0.45000,2.48060,0.41400,0.74580,28.76120,8.14180,8.14180,8.05920,5.00730,0.59480,1.05720,2.93080,30.70780,7.34340,19.17440,2.97810,4.30320,6.24430,0.7313,0.7004
2010-06-30,647.46700,456.93300,190.53400,101.66500,,101.66500,88.86900,-1.92800,86.94100,34.16700,52.77400,52.77000,52.77000,91.73700,88.86900,49.51300,50.44500,1.07000,1.05000,1.97790,0.45380,0.91390,29.42760,13.72560,13.72560,13.42790,8.15020,0.73590,1.37820,2.71320,33.17150,18.10600,53.03360,5.99750,9.88980,5.88220,1.0832,1.0462
2010-03-31,269.83300,193.54100,76.29200,84.18000,,84.18000,-7.88800,-2.35400,-10.24200,-4.02500,-6.21700,-6.11100,-6.11100,-5.09700,-7.88800,49.19400,49.19400,-0.12000,-0.12000,1.83770,0.49930,1.14630,28.27380,-2.92330,-2.92330,-3.79570,-2.26470,0.32590,0.50610,1.71250,52.55520,-2.51640,-11.64710,-0.73820,-1.26000,4.91200,-0.51400,-0.57770
2009-12-31,231.03200,163.96290,67.06910,88.84500,,88.84510,-21.77600,-0.68600,-22.46200,-8.82900,-13.63300,-13.60600,-13.60600,-18.86700,-21.77600,48.64900,49.04900,-0.29000,-0.28000,1.88600,0.44320,0.98710,29.03020,-9.42550,-9.42550,-9.72250,-5.88920,0.31090,0.46120,2.39750,37.53920,-5.39520,-22.17880,-1.83100,-3.00430,5.14750,0.5245,0.5049
2009-09-30,430.05400,306.66000,123.39400,91.25200,,91.25200,32.14200,-2.50400,29.63800,11.64800,17.99000,-9.32200,-9.32200,34.97900,32.14200,48.79900,48.79900,-0.19000,-0.19000,2.25270,0.46640,1.01360,28.69270,7.47390,7.47390,6.89170,-2.16760,0.56510,0.96380,2.87210,31.33550,-3.45500,-10.65870,-1.22500,-1.84370,5.51290,1.0553,1.0489
2009-06-30,602.08200,424.01400,178.06800,96.34800,,96.34800,81.72000,-3.15000,78.57000,30.87800,47.69200,48.36600,48.36600,84.64800,81.72000,48.53600,48.84400,1.00000,0.99000,2.01750,0.50250,1.19680,29.57540,13.57290,13.57290,13.04970,8.03310,0.67280,1.30390,2.58090,34.87220,17.32390,50.32100,5.40460,8.61830,5.73860,1.6811,1.6413
2009-03-31,276.62600,195.43300,81.19300,84.83900,,84.83900,-3.64600,-3.32700,-6.97300,-2.74000,-4.23300,-6.23600,-6.23600,-0.77500,-3.64600,48.28700,48.28700,-0.13000,-0.13000,2.35690,0.60650,1.64740,29.35120,-1.31800,-1.31800,-2.52070,-2.25430,0.32030,0.49120,1.72550,52.15930,-2.69400,-12.85530,-0.72190,-1.06020,4.78680,-0.95200,-1.03230
