Date,revenue,cost-goods-sold,gross-profit,research-development-expenses,selling-general-administrative-expenses,operating-expenses,operating-income,total-non-operating-income-expense,pre-tax-income,total-provision-income-taxes,income-after-taxes,income-from-continuous-operations,income-from-discontinued-operations,net-income,ebitda,ebit,basic-shares-outstanding,shares-outstanding,eps-basic-net-earnings-per-share,eps-earnings-per-share-diluted,current-ratio,long-term-debt-capital,debt-equity-ratio,gross-margin,operating-margin,ebit-margin,pre-tax-profit-margin,net-profit-margin,asset-turnover,inventory-turnover,receiveable-turnover,days-sales-in-receivables,roe,return-on-tangible-equity,roa,roi,book-value-per-share,operating-cash-flow-per-share,free-cash-flow-per-share
2024-03-31,4311.00000,2445.00000,1866.00000,109.00000,1064.00000,1314.00000,552.00000,-14.00000,538.00000,129.00000,409.00000,409.00000,,400.00000,693.00000,552.00000,235.60000,236.90000,1.70000,1.69000,1.55190,0.42230,0.76930,43.28460,12.80450,12.80450,12.47970,9.27860,0.19710,1.04890,1.20390,74.75990,5.03320,-99.03150,1.87040,2.90770,34.65250,-0.25330,-1.33390
2023-12-31,4350.00000,2531.00000,1819.00000,111.00000,1114.00000,1375.00000,444.00000,-252.00000,192.00000,89.00000,103.00000,103.00000,,90.00000,594.00000,444.00000,236.00000,237.20000,0.38000,0.39000,1.47030,0.41740,0.75460,41.81610,10.20690,10.20690,4.41380,2.06900,0.20100,1.18990,1.32660,67.84140,1.28380,-17.13810,0.47580,0.74790,34.10980,3.7939,3.1301
2023-09-30,4644.00000,2752.00000,1892.00000,108.00000,1047.00000,1297.00000,595.00000,-38.00000,557.00000,121.00000,436.00000,436.00000,,426.00000,737.00000,595.00000,236.20000,237.50000,1.80000,1.79000,1.48080,0.41360,0.78160,40.74070,12.81220,12.81220,11.99400,9.17310,0.21600,1.24130,1.28570,70.00000,5.49460,-65.86100,2.02780,3.22220,33.65140,3.7536,3.2745
2023-06-30,4872.00000,2866.00000,2006.00000,110.00000,1069.00000,1312.00000,694.00000,-48.00000,646.00000,149.00000,497.00000,497.00000,0.00000,490.00000,827.00000,694.00000,236.00000,237.30000,2.08000,2.06000,1.48970,0.43910,0.88660,41.17410,14.24470,14.24470,13.25940,10.05750,0.21930,1.14370,1.27510,70.58500,6.37830,-49.94980,2.23710,3.57790,33.08520,2.2581,1.7448
2023-03-31,4380.00000,2596.00000,1784.00000,104.00000,992.00000,1229.00000,555.00000,-202.00000,353.00000,80.00000,273.00000,273.00000,,264.00000,688.00000,555.00000,235.80000,236.90000,1.12000,1.11000,1.68300,0.49400,1.00520,40.73060,12.67120,12.67120,8.05940,6.02740,0.19820,0.99880,1.21840,73.86990,3.76400,-20.19230,1.23540,1.90440,30.80930,0.35880,-0.14770
2022-12-31,4185.00000,2623.00000,1562.00000,108.00000,955.00000,1196.00000,366.00000,-47.00000,319.00000,73.00000,246.00000,246.00000,,238.00000,499.00000,366.00000,236.10000,237.30000,1.00000,1.00000,1.51940,0.49220,1.01590,37.32380,8.74550,8.74550,7.62250,5.68700,0.20170,1.15450,1.26700,71.03230,3.66670,-13.79700,1.18590,1.86190,28.54000,2.469,1.8442
2022-09-30,4468.00000,2821.00000,1647.00000,110.00000,931.00000,1176.00000,471.00000,-53.00000,418.00000,79.00000,339.00000,339.00000,,329.00000,606.00000,471.00000,235.50000,236.60000,1.40000,1.39000,1.52050,0.51320,1.10550,36.86210,10.54160,10.54160,9.35540,7.36350,0.21410,1.17010,1.26180,71.32720,5.51760,-16.20460,1.62450,2.68580,26.14170,2.1616,1.7194
2022-06-30,4691.00000,2954.00000,1737.00000,115.00000,982.00000,1238.00000,499.00000,67.00000,566.00000,118.00000,448.00000,448.00000,-2.00000,441.00000,640.00000,499.00000,236.40000,237.60000,1.86000,1.85000,1.50160,0.51820,1.12720,37.02840,10.63740,10.63740,12.06570,9.40100,0.21750,1.19060,1.22870,73.25090,7.12130,-19.67500,2.07680,3.43110,26.77060,0.7038,0.8954
2022-03-31,4308.00000,2698.00000,1610.00000,115.00000,974.00000,1234.00000,376.00000,-298.00000,78.00000,55.00000,23.00000,23.00000,,18.00000,521.00000,376.00000,236.60000,238.20000,0.08000,0.08000,1.47470,0.51900,1.12950,37.37230,8.72790,8.72790,1.81060,0.41780,0.19680,1.10620,1.17740,76.44150,0.36320,-0.92410,0.10510,0.17470,26.81270,-1.27620,-2.09070
2021-12-31,4190.00000,2692.00000,1498.00000,116.00000,984.00000,1270.00000,228.00000,54.00000,282.00000,4.00000,278.00000,278.00000,,286.00000,377.00000,228.00000,237.60000,239.40000,1.21000,1.20000,1.42130,0.50620,1.02650,35.75180,5.44150,5.44150,6.73030,6.82580,0.19620,1.24000,1.32930,67.70410,4.33630,-10.61070,1.30200,2.14130,27.17600,1.9124,1.4766
2021-09-30,4372.00000,2733.00000,1639.00000,114.00000,950.00000,1210.00000,429.00000,12.00000,441.00000,96.00000,345.00000,345.00000,,344.00000,575.00000,429.00000,237.90000,239.80000,1.45000,1.43000,1.33630,0.48730,1.06020,37.48860,9.81240,9.81240,10.08690,7.86830,0.19980,1.21520,1.29270,69.62030,5.38220,-13.07810,1.57660,2.75960,27.00070,2.1893,1.864
2021-06-30,4359.00000,2629.00000,1730.00000,107.00000,955.00000,1178.00000,552.00000,41.00000,593.00000,160.00000,433.00000,433.00000,,431.00000,689.00000,552.00000,237.80000,239.80000,1.81000,1.80000,1.35680,0.49910,1.11640,39.68800,12.66350,12.66350,13.60400,9.88760,0.19500,1.18100,1.24610,72.22300,6.75400,-15.21430,1.93710,3.38330,27.01000,2.5191,2.2617
2021-03-31,3881.00000,2232.00000,1649.00000,102.00000,891.00000,1122.00000,527.00000,-28.00000,499.00000,114.00000,385.00000,385.00000,,378.00000,656.00000,527.00000,237.40000,239.00000,1.59000,1.58000,1.43340,0.47200,1.04150,42.48910,13.57900,13.57900,12.85750,9.73980,0.19270,1.16610,1.27920,70.35820,6.45000,-25.92590,1.91170,3.40560,25.17600,-0.09620,-0.43100
2020-12-31,3757.00000,2140.00000,1617.00000,100.00000,882.00000,1116.00000,501.00000,-156.00000,345.00000,67.00000,278.00000,278.00000,,272.00000,626.00000,501.00000,236.80000,237.90000,1.14000,1.14000,1.40720,0.47070,0.98870,43.03970,13.33510,13.33510,9.18290,7.23980,0.19210,1.23340,1.37820,65.30210,4.78070,-16.97190,1.42160,2.53050,24.56840,4.0605,3.4973
2020-09-30,3685.00000,2026.00000,1659.00000,92.00000,836.00000,1060.00000,599.00000,-27.00000,572.00000,124.00000,448.00000,448.00000,,442.00000,731.00000,599.00000,236.80000,237.90000,1.87000,1.86000,1.51790,0.47090,1.01460,45.02040,16.25510,16.25510,15.52240,11.99460,0.20140,1.21170,1.29620,69.43560,8.25960,-48.43240,2.44810,4.36990,22.96320,3.5376,3.2102
2020-06-30,3015.00000,1703.00000,1312.00000,86.00000,766.00000,1140.00000,172.00000,-46.00000,126.00000,29.00000,97.00000,97.00000,3.00000,102.00000,295.00000,172.00000,236.60000,237.60000,0.43000,0.43000,1.35210,0.48300,1.27600,43.51580,5.70480,5.70480,4.17910,3.38310,0.16590,0.99820,1.12790,79.79110,1.96440,-7.54860,0.53380,1.01560,20.92580,2.0241,1.7926
2020-03-31,3377.00000,1908.00000,1469.00000,101.00000,905.00000,1135.00000,334.00000,-15.00000,319.00000,71.00000,248.00000,248.00000,,243.00000,463.00000,334.00000,236.50000,237.70000,1.03000,1.02000,1.36020,0.49550,1.28320,43.50020,9.89040,9.89040,9.44630,7.19570,0.18690,1.02640,1.20440,74.72910,5.12710,-18.73110,1.37290,2.58660,20.50250,-0.66890,-0.82460
2019-12-31,3672.00000,2111.00000,1561.00000,109.00000,894.00000,1138.00000,423.00000,-25.00000,398.00000,95.00000,303.00000,303.00000,,292.00000,557.00000,423.00000,236.90000,238.20000,1.23000,1.23000,1.41030,0.45650,0.93500,42.51090,11.51960,11.51960,10.83880,7.95210,0.20740,1.23450,1.33240,67.54900,5.60800,-25.29220,1.71110,3.04770,22.92520,3.4031,2.6084
2019-09-30,3826.00000,2181.00000,1645.00000,107.00000,887.00000,1129.00000,516.00000,-35.00000,481.00000,109.00000,372.00000,372.00000,1.00000,367.00000,649.00000,516.00000,237.10000,238.50000,1.55000,1.54000,1.48910,0.47710,1.03160,42.99530,13.48670,13.48670,12.57190,9.59230,0.21180,1.17260,1.26350,71.22840,6.94680,-34.99530,2.05930,3.63280,22.64630,3.3064,2.9254
2019-06-30,4024.00000,2288.00000,1736.00000,111.00000,934.00000,1347.00000,389.00000,-26.00000,363.00000,86.00000,277.00000,277.00000,2.00000,272.00000,515.00000,389.00000,236.90000,238.30000,1.15000,1.14000,1.42520,0.48300,1.06020,43.14120,9.66700,9.66700,9.02090,6.75940,0.22410,1.17640,1.20770,74.52290,5.34030,-22.96850,1.54270,2.76120,21.95160,2.3,1.9393
2019-03-31,3624.00000,2073.00000,1551.00000,105.00000,889.00000,1109.00000,442.00000,-23.00000,419.00000,102.00000,317.00000,317.00000,,312.00000,560.00000,442.00000,236.70000,238.00000,1.32000,1.31000,1.39690,0.48010,1.05370,42.79800,12.19650,12.19650,11.56180,8.60930,0.20860,1.05500,1.13360,79.39570,6.32730,-28.48160,1.82490,3.28970,21.22340,-0.27730,-0.47480
2018-12-31,3645.00000,2188.00000,1457.00000,105.00000,855.00000,1082.00000,375.00000,-33.00000,342.00000,83.00000,259.00000,259.00000,2.00000,258.00000,502.00000,375.00000,243.90000,245.40000,1.09000,1.08000,1.36310,0.47980,1.06000,39.97260,10.28810,10.28810,9.38270,7.07820,0.22760,1.22710,1.28120,70.24690,5.47340,-19.77100,1.61720,2.84710,20.06270,3.2399,2.4929
2018-09-30,3817.00000,2253.00000,1564.00000,110.00000,867.00000,1087.00000,477.00000,-26.00000,451.00000,79.00000,372.00000,372.00000,10.00000,378.00000,599.00000,477.00000,242.20000,243.60000,1.56000,1.55000,1.71400,0.49730,0.99210,40.97460,12.49670,12.49670,11.81560,9.90310,0.22830,1.14830,1.18650,75.85280,7.32570,-43.00580,2.22510,3.68280,21.16850,2.2064,1.7575
2018-06-30,4131.00000,2379.00000,1752.00000,114.00000,945.00000,1267.00000,485.00000,-6.00000,479.00000,104.00000,375.00000,375.00000,,371.00000,610.00000,485.00000,244.90000,246.40000,1.51000,1.51000,1.69980,0.50320,1.01750,42.41100,11.74050,11.74050,11.59530,8.98090,0.24600,1.21630,1.20160,74.90200,7.52560,-40.62840,2.23290,3.73840,20.58940,1.4386,1.2581
2018-03-31,3781.00000,2181.00000,1600.00000,112.00000,906.00000,1141.00000,459.00000,-38.00000,421.00000,87.00000,334.00000,334.00000,6.00000,334.00000,582.00000,459.00000,249.80000,251.40000,1.34000,1.33000,1.76430,0.48740,0.95450,42.31690,12.13970,12.13970,11.13460,8.83360,0.21550,1.11110,1.13100,79.57420,6.10940,-43.66010,1.90380,3.13140,22.45410,-0.90690,-1.20530
2017-12-31,3682.00000,2120.00000,1562.00000,116.00000,909.00000,1145.00000,417.00000,-40.00000,377.00000,224.00000,153.00000,153.00000,3.00000,151.00000,537.00000,417.00000,256.10000,257.80000,0.60000,0.60000,1.66290,0.42160,0.73100,42.42260,11.32540,11.32540,10.23900,4.10100,0.22260,1.22540,1.26830,70.95870,2.69750,-48.57140,0.92510,1.56030,22.58200,2.0853,1.4906
2017-09-30,3776.00000,2104.00000,1672.00000,114.00000,894.00000,1125.00000,547.00000,-24.00000,523.00000,124.00000,399.00000,399.00000,217.00000,610.00000,664.00000,547.00000,256.40000,258.20000,2.38000,2.36000,1.65400,0.40490,0.78290,44.27970,14.48620,14.48620,13.85060,16.15470,0.21440,1.16570,1.19680,75.19860,6.63890,1330.00000,2.26510,3.95090,23.61720,2.2749,1.9944
2017-06-30,3804.00000,2083.00000,1721.00000,112.00000,876.00000,1101.00000,620.00000,39.00000,659.00000,157.00000,502.00000,502.00000,-1.00000,496.00000,733.00000,620.00000,257.10000,259.00000,1.93000,1.92000,1.60890,0.41080,0.80510,45.24190,16.29860,16.29860,17.32390,13.03890,0.22410,1.17950,1.19210,75.49690,8.75330,-220.17540,2.95690,5.15770,22.36040,1.6873,1.4089
2017-03-31,3486.00000,1902.00000,1584.00000,109.00000,875.00000,1094.00000,490.00000,-44.00000,446.00000,110.00000,336.00000,336.00000,6.00000,337.00000,600.00000,490.00000,257.60000,259.50000,1.31000,1.30000,1.55530,0.41930,0.83640,45.43890,14.05620,14.05620,12.79400,9.66720,0.21580,1.10130,1.14030,78.92430,6.35640,-65.36960,2.08000,3.69110,20.63260,0.03470,-0.20810
2016-12-31,3284.00000,1779.00000,1505.00000,107.00000,826.00000,1227.00000,278.00000,-159.00000,119.00000,37.00000,82.00000,82.00000,262.00000,340.00000,387.00000,278.00000,265.60000,267.40000,1.30000,1.30000,1.54570,0.43520,0.89850,45.82830,8.46530,8.46530,3.62360,10.35320,0.20820,1.17500,1.23740,72.73450,1.66840,-12.81250,0.51990,0.94230,19.10000,2.1384,1.6148
2016-09-30,3660.00000,1978.00000,1682.00000,115.00000,893.00000,1121.00000,561.00000,-987.00000,-426.00000,-220.00000,-206.00000,-206.00000,27.00000,-184.00000,674.00000,561.00000,266.30000,266.30000,-0.69000,-0.69000,1.43880,0.42290,0.86000,45.95630,15.32790,15.32790,-11.63930,-5.02730,0.22200,1.18020,1.23570,72.83610,-4.02270,31.54670,-1.24920,-2.32170,19.39810,2.9177,2.5739
2016-06-30,3782.00000,1988.00000,1794.00000,115.00000,930.00000,1154.00000,640.00000,-10.00000,630.00000,285.00000,345.00000,345.00000,31.00000,370.00000,743.00000,640.00000,267.20000,269.10000,1.38000,1.37000,1.62450,0.44890,0.94090,47.43520,16.92230,16.92230,16.65790,9.78320,0.21930,1.10260,1.21690,73.96090,6.35010,-142.56200,2.00020,3.49930,20.40320,-0.2969,-0.5908
2016-03-31,3544.00000,1920.00000,1624.00000,116.00000,906.00000,1137.00000,487.00000,-31.00000,456.00000,112.00000,344.00000,344.00000,10.00000,347.00000,602.00000,487.00000,267.60000,269.40000,1.30000,1.29000,1.47450,0.44610,0.81250,45.82390,13.74150,13.74150,12.86680,9.79120,0.20470,1.03060,1.14100,78.87700,6.55490,-51.72930,1.98670,3.63100,19.72470,0.29320,0.03340
2015-12-31,2754.00000,1389.00000,1365.00000,107.00000,841.00000,1025.00000,340.00000,-31.00000,309.00000,66.00000,243.00000,243.00000,76.00000,314.00000,434.00000,340.00000,271.40000,273.60000,1.16000,1.15000,1.42960,0.44270,0.84970,49.56430,12.34570,12.34570,11.22000,11.40160,0.16130,0.83730,1.01660,88.52940,4.79380,-31.23390,1.42310,2.67180,18.99380,3.3158,2.7035
2015-09-30,3725.00000,2049.00000,1676.00000,117.00000,875.00000,1112.00000,564.00000,-10.00000,554.00000,133.00000,421.00000,421.00000,18.00000,433.00000,671.00000,564.00000,271.10000,273.10000,1.60000,1.59000,1.52870,0.44990,0.87610,44.99330,15.14090,15.14090,14.87250,11.62420,0.21200,1.11300,1.21650,73.98120,8.10240,-62.74220,2.39560,4.45690,19.29670,2.9333,2.5636
2015-06-30,4100.00000,2283.00000,1817.00000,123.00000,954.00000,1342.00000,475.00000,-23.00000,452.00000,110.00000,342.00000,342.00000,,337.00000,600.00000,475.00000,272.50000,274.70000,1.24000,1.23000,1.52830,0.44550,0.85900,44.31710,11.58540,11.58540,11.02440,8.21950,0.23300,1.22680,1.24770,72.13170,6.50680,-54.72000,1.94360,3.60840,19.41480,2.2337,1.9053
2015-03-31,3662.00000,2065.00000,1597.00000,119.00000,914.00000,1153.00000,444.00000,-14.00000,430.00000,104.00000,326.00000,326.00000,1.00000,322.00000,564.00000,444.00000,273.20000,275.60000,1.18000,1.17000,1.48420,0.43820,0.90030,43.61010,12.12450,12.12450,11.74220,8.79300,0.21080,1.09780,1.23670,72.77170,6.32030,-49.39390,1.87700,3.55080,18.97360,-1.55660,-1.81790
2014-12-31,3138.00000,1722.00000,1416.00000,117.00000,870.00000,1084.00000,332.00000,-381.00000,-49.00000,-93.00000,44.00000,44.00000,45.00000,83.00000,429.00000,332.00000,276.60000,279.60000,0.33500,0.32500,1.32160,0.40160,0.76240,45.12430,10.58000,10.58000,-1.56150,2.64500,0.17900,0.94360,1.11470,80.73620,0.83570,-4.64630,0.25090,0.50010,19.35910,1.7535,0.8172
2014-09-30,3935.00000,2229.00000,1706.00000,120.00000,941.00000,1180.00000,526.00000,-27.00000,499.00000,116.00000,383.00000,383.00000,-6.00000,371.00000,645.00000,526.00000,276.40000,279.40000,1.34000,1.33000,1.81740,0.32250,0.53960,43.35450,13.36720,13.36720,12.68110,9.42820,0.23030,1.17010,1.32580,67.88310,6.17240,18.83920,2.24150,4.18170,22.60720,2.2804,2.0275
2014-06-30,4082.00000,2306.00000,1776.00000,126.00000,985.00000,1226.00000,550.00000,-26.00000,524.00000,125.00000,399.00000,399.00000,-7.00000,386.00000,665.00000,550.00000,277.20000,280.20000,1.39000,1.38000,1.82080,0.31880,0.53520,43.50810,13.47380,13.47380,12.83690,9.45610,0.23600,1.17410,1.28200,70.20090,6.31230,19.56840,2.30640,4.30000,22.92960,0.8519,0.3899
2014-03-31,3636.00000,2091.00000,1545.00000,120.00000,900.00000,1139.00000,406.00000,-34.00000,372.00000,89.00000,283.00000,283.00000,1018.00000,1262.00000,525.00000,406.00000,278.20000,281.40000,4.53500,4.48500,1.94660,0.35650,0.55710,42.49180,11.16610,11.16610,10.23100,34.70850,0.21240,1.08400,1.20560,74.65350,4.64770,15.77480,1.65330,2.99090,22.02010,0.57920,0.21320
2013-12-31,3500.00000,2028.00000,1472.00000,119.00000,905.00000,1143.00000,329.00000,-13.00000,316.00000,71.00000,245.00000,245.00000,37.00000,254.00000,448.00000,329.00000,286.80000,290.20000,1.04500,1.02000,1.74460,0.39350,0.65530,42.05710,9.40000,9.40000,9.02860,7.25710,0.22060,1.11180,1.27920,70.35430,4.71340,28.78970,1.54450,2.85880,18.74560,1.7479,0.9082
2013-09-30,3774.00000,2161.00000,1613.00000,117.00000,910.00000,1238.00000,375.00000,-128.00000,247.00000,40.00000,207.00000,207.00000,48.00000,226.00000,488.00000,375.00000,286.40000,289.80000,0.79000,0.78000,1.86150,0.38060,0.61940,42.73980,9.93640,9.93640,6.54480,5.98830,0.22680,1.15070,1.20880,74.45150,3.77670,19.04320,1.24410,2.33920,19.29620,2.7203,2.3714
2013-06-30,3883.00000,2263.00000,1620.00000,118.00000,925.00000,1162.00000,458.00000,-36.00000,422.00000,98.00000,324.00000,324.00000,47.00000,341.00000,577.00000,458.00000,286.80000,290.00000,1.19000,1.17500,1.87770,0.38760,0.63740,41.72030,11.79500,11.79500,10.86790,8.78190,0.24170,1.21540,1.20480,74.70260,6.11210,32.72730,2.01670,3.74310,18.54690,2.0047,1.7043
2013-03-31,3108.00000,1862.00000,1246.00000,109.00000,746.00000,956.00000,290.00000,-49.00000,241.00000,44.00000,197.00000,197.00000,2248.00000,2410.00000,391.00000,290.00000,292.20000,295.40000,8.24500,8.15500,2.07300,0.39950,0.67470,40.09010,9.33080,9.33080,7.75420,77.54180,0.20210,1.09660,1.10060,81.77610,3.90800,14.99240,1.28120,2.34690,17.66960,-0.30130,-0.51460
2012-12-31,2417.00000,1604.00000,813.00000,95.00000,593.00000,740.00000,73.00000,-26.00000,47.00000,-11.00000,58.00000,58.00000,195.00000,227.00000,157.00000,73.00000,306.80000,310.20000,0.73500,0.73000,1.72940,0.43800,0.92780,33.63670,3.02030,3.02030,1.94460,9.39180,0.15220,0.95080,0.85920,104.74560,1.34200,12.18490,0.36530,0.75420,14.07210,2.42,1.8835
2012-09-30,3408.00000,1983.00000,1425.00000,112.00000,779.00000,996.00000,429.00000,-27.00000,402.00000,92.00000,310.00000,310.00000,54.00000,339.00000,533.00000,429.00000,307.40000,311.00000,1.10500,1.09000,1.73210,0.44880,0.96830,41.81340,12.58800,12.58800,11.79580,9.94720,0.21840,1.11590,1.06830,84.24300,7.50240,86.11110,1.98640,4.13500,13.47250,1.9408,1.7425
2012-06-30,3528.00000,2066.00000,1462.00000,113.00000,792.00000,1007.00000,455.00000,-29.00000,426.00000,98.00000,328.00000,328.00000,68.00000,362.00000,558.00000,455.00000,306.40000,310.00000,1.18500,1.17000,1.56650,0.44650,0.98260,41.43990,12.89680,12.89680,12.07480,10.26080,0.23810,1.16390,1.06590,84.43880,8.92520,-911.11110,2.21370,4.94050,12.03430,1.4065,1.1681
2012-03-31,3333.00000,1946.00000,1387.00000,110.00000,823.00000,1249.00000,138.00000,-185.00000,-47.00000,-31.00000,-16.00000,-16.00000,67.00000,13.00000,246.00000,138.00000,305.60000,309.00000,0.04000,0.04000,1.52350,0.45940,1.04010,41.61420,4.14040,4.14040,-1.41010,0.39000,0.22470,1.06340,1.03000,87.38070,-0.45510,4.63770,-0.10790,-0.24600,11.54400,-0.00650,-0.09710
2011-12-31,3517.00000,2184.00000,1333.00000,107.00000,911.00000,1026.00000,307.00000,-23.00000,284.00000,45.00000,239.00000,239.00000,,216.00000,380.00000,307.00000,307.40000,311.60000,0.70500,0.69500,1.80820,0.50910,1.06850,37.90160,8.72900,8.72900,8.07510,6.14160,0.24450,1.35910,1.24280,72.41970,6.93560,-70.50150,1.66180,3.40460,11.34380,2.1589,1.8425
2011-09-30,3849.00000,2353.00000,1496.00000,108.00000,806.00000,1030.00000,466.00000,-4.00000,462.00000,120.00000,342.00000,342.00000,,311.00000,582.00000,466.00000,313.60000,317.20000,0.99000,0.98000,1.83210,0.47890,0.94520,38.86720,12.10700,12.10700,12.00310,8.08000,0.26470,1.35460,1.24640,72.20580,8.75580,1005.88200,2.35160,4.56240,12.64720,1.6636,1.3822
2011-06-30,3986.00000,2417.00000,1569.00000,110.00000,829.00000,1058.00000,511.00000,-11.00000,500.00000,128.00000,372.00000,372.00000,,340.00000,630.00000,511.00000,316.40000,320.60000,1.07500,1.06000,1.84570,0.45730,0.86850,39.36280,12.81990,12.81990,12.54390,8.52990,0.26110,1.32730,1.19160,75.52690,8.67540,271.53280,2.43660,4.70830,13.61110,1.266,1.0242
2011-03-31,3533.00000,2127.00000,1406.00000,103.00000,797.00000,1017.00000,389.00000,-38.00000,351.00000,92.00000,259.00000,259.00000,,228.00000,506.00000,389.00000,320.80000,325.00000,0.71000,0.70000,1.88960,0.49990,1.02350,39.79620,11.01050,11.01050,9.93490,6.45340,0.23390,1.21200,1.13020,79.63200,6.48310,-253.92160,1.71490,3.24240,12.63030,-0.48000,-0.60000
2010-12-31,3379.00000,2086.00000,1293.00000,104.00000,871.00000,989.00000,304.00000,-13.00000,291.00000,63.00000,228.00000,228.00000,,205.00000,422.00000,304.00000,325.60000,329.80000,0.63000,0.62000,1.94700,0.51330,1.06210,38.26580,8.99670,8.99670,8.61200,6.06690,0.22560,1.32610,1.21630,73.99230,5.94830,-148.05200,1.52250,2.89490,11.94960,1.8621,1.4061
2010-09-30,3460.00000,2108.00000,1352.00000,97.00000,739.00000,952.00000,400.00000,-14.00000,386.00000,94.00000,292.00000,292.00000,,262.00000,516.00000,400.00000,328.40000,330.80000,0.79500,0.79000,1.78970,0.42770,0.76430,39.07520,11.56070,11.56070,11.15610,7.57230,0.24500,1.28690,1.16970,76.94220,7.11850,365.00000,2.06800,4.07370,12.58140,1.0086,0.8647
2010-06-30,3458.00000,2076.00000,1382.00000,97.00000,745.00000,957.00000,425.00000,-13.00000,412.00000,111.00000,301.00000,301.00000,,272.00000,540.00000,425.00000,330.80000,333.20000,0.82000,0.81500,1.74500,0.45330,0.84530,39.96530,12.29030,12.29030,11.91440,7.86580,0.25870,1.34720,1.24340,72.38000,8.27150,-240.80000,2.25200,4.52220,11.01730,1.2631,1.1218
2010-03-31,3126.00000,1944.00000,1182.00000,96.00000,727.00000,944.00000,238.00000,-32.00000,206.00000,147.00000,59.00000,59.00000,,30.00000,359.00000,238.00000,331.80000,334.00000,0.09000,0.09000,1.73260,0.44610,0.83480,37.81190,7.61360,7.61360,6.58990,0.95970,0.22720,1.21580,1.11290,80.87330,1.55710,-24.48130,0.42890,0.86260,11.39020,-0.16170,-0.27250
2009-12-31,3116.00000,1934.00000,1182.00000,102.00000,757.00000,982.00000,200.00000,,200.00000,37.00000,163.00000,163.00000,,142.00000,200.00000,200.00000,329.60000,331.00000,0.43500,0.43000,1.67210,0.43940,0.85310,37.93330,6.41850,6.41850,6.41850,4.55710,0.21880,1.24940,1.18570,75.90500,4.15600,-58.63310,1.14470,2.32990,11.83690,1.7742,1.5737
2009-09-30,3225.00000,1989.00000,1236.00000,95.00000,732.00000,947.00000,289.00000,-14.00000,275.00000,90.00000,185.00000,185.00000,,159.00000,289.00000,289.00000,330.40000,332.00000,0.48000,0.48000,1.61490,0.45220,0.94720,38.32560,8.96120,8.96120,8.52710,4.93020,0.22140,1.20110,1.13040,79.61860,4.95450,-35.57690,1.26980,2.71420,11.18060,1.9668,1.8368
2009-06-30,3115.00000,1898.00000,1217.00000,97.00000,731.00000,947.00000,270.00000,-17.00000,253.00000,84.00000,169.00000,169.00000,,146.00000,270.00000,270.00000,327.60000,328.80000,0.44500,0.44500,1.56560,0.49540,1.24760,39.06900,8.66770,8.66770,8.12200,4.68700,0.21390,1.13520,1.09410,82.25680,5.01780,-21.83460,1.16030,2.53220,10.21160,1.2074,1.0979
2009-03-31,2783.00000,1718.00000,1065.00000,94.00000,716.00000,1114.00000,-49.00000,-62.00000,-111.00000,-20.00000,-91.00000,-91.00000,,-111.00000,-49.00000,-49.00000,328.00000,328.80000,-0.34000,-0.34000,1.45340,0.49860,1.28370,38.26810,-1.76070,-1.76070,-3.98850,-3.98850,0.20460,1.02440,1.02580,87.73630,-3.03030,9.79550,-0.66900,-1.51950,9.12750,-0.88500,-1.03710
