Date,revenue,cost-goods-sold,gross-profit,research-development-expenses,selling-general-administrative-expenses,operating-expenses,operating-income,total-non-operating-income-expense,pre-tax-income,total-provision-income-taxes,income-after-taxes,income-from-continuous-operations,net-income,ebitda,ebit,basic-shares-outstanding,shares-outstanding,eps-basic-net-earnings-per-share,eps-earnings-per-share-diluted,current-ratio,long-term-debt-capital,debt-equity-ratio,gross-margin,operating-margin,ebit-margin,pre-tax-profit-margin,net-profit-margin,asset-turnover,inventory-turnover,receiveable-turnover,days-sales-in-receivables,roe,return-on-tangible-equity,roa,roi,book-value-per-share,operating-cash-flow-per-share,free-cash-flow-per-share
2023-09-30,1.72800,0.66800,1.06000,3.41500,4.20500,7.62000,-6.56000,1.01400,-5.54600,0.01800,-5.56400,-5.56400,-5.56400,-6.27300,-6.56000,21.27500,21.27500,-0.26000,-0.26000,9.31500,0.12170,0.18790,61.34260,-379.62960,-379.62960,-320.94910,-321.99070,0.03430,0.09000,0.26110,344.73960,-14.42950,-14.63060,-11.03010,-12.67400,1.80470,-0.2012,-0.2012
2023-06-30,1.60200,0.55200,1.05000,3.15500,4.33100,7.48600,-6.43600,-0.88400,-7.32000,0.03500,-7.35500,-7.35500,-7.35500,-6.15900,-6.43600,21.16510,21.16510,-0.35000,-0.35000,4.98210,,0.16520,65.54310,-401.74780,-401.74780,-456.92890,-459.11360,0.02820,0.06850,0.24320,370.00000,-16.57800,-16.80220,-12.94760,-16.57800,2.08670,-0.2387,-0.2387
2023-03-31,1.86000,0.64700,1.21300,3.84000,4.21100,8.05100,-6.83800,0.14500,-6.69300,0.04800,-6.74100,-6.74100,-6.74100,-6.55500,-6.83800,20.92220,20.92220,-0.32000,-0.32000,12.35130,0.11330,0.14670,65.21510,-367.63440,-367.63440,-359.83870,-362.41940,0.03040,0.07960,0.26590,338.46770,-13.83200,-14.01310,-11.00720,-12.26510,2.30810,-0.27830,-0.27830
2022-12-31,1.25700,0.69800,0.55900,3.08900,3.76800,9.38100,-8.82200,-0.49900,-9.32100,0.20600,-9.52700,-9.52700,-9.52700,-8.56600,-8.82200,20.83000,20.83000,-0.46000,-0.46000,14.82060,0.11340,0.13800,44.47100,-701.82970,-701.82970,-741.52760,-757.91580,0.01950,0.08790,0.19810,454.22440,-18.31980,-18.56250,-14.78870,-16.24240,2.49070,-0.3189,-0.3189
2022-09-30,2.03500,0.94500,1.09000,4.73300,4.59100,9.32400,-8.23400,3.27100,-4.96300,0.03400,-4.99700,-4.99700,-4.99700,-7.86200,-8.23400,20.85600,20.85600,-0.24000,-0.24000,17.35620,,,53.56270,-404.61920,-404.61920,-243.88200,-245.55280,0.03180,0.12700,0.58850,152.93370,-8.31180,-8.93740,-7.79760,-8.31180,2.87980,-0.2739,-0.2739
2022-06-30,2.02500,1.08900,0.93600,3.68800,5.02600,8.71400,-7.77800,1.86400,-5.91400,0.01600,-5.93000,-5.93000,-5.93000,-7.28100,-7.77800,20.78970,20.78970,-0.28000,-0.28000,19.64270,,,46.22220,-384.09870,-384.09870,-292.04930,-292.83950,0.02770,0.13630,0.58480,153.91110,-8.73590,-9.21580,-8.12050,-8.73590,3.25550,-0.2675,-0.2675
2022-03-31,1.36400,0.92800,0.43600,3.18000,4.54800,7.72800,-7.29200,-0.89200,-8.18400,0.03100,-8.21500,-8.21500,-8.21500,-6.81300,-7.29200,20.77640,20.77640,-0.40000,-0.40000,18.32240,,,31.96480,-534.60410,-534.60410,-600.00000,-602.27280,0.01700,0.11890,0.74130,121.40760,-11.03220,-11.64440,-10.23370,-11.03220,3.58340,-0.37830,-0.37830
2021-12-31,0.99800,0.50100,0.49700,4.69900,5.52600,10.22500,-9.72800,-0.46400,-10.19200,-0.03100,-10.16100,-10.16100,-10.16100,-9.23200,-9.72800,20.46400,20.46400,-0.49000,-0.49000,18.56200,,,49.79960,-974.74930,-974.74910,-1021.24200,-1018.13600,0.01150,0.06760,0.70680,127.33460,-12.60390,-13.28340,-11.70960,-12.60390,3.88030,-0.2446,-0.2445
2021-09-30,2.53700,1.55000,0.98700,4.05400,4.54000,8.59400,-7.60700,1.66300,-5.94400,0.05200,-5.99600,-5.99600,-5.99600,-7.12000,-7.60700,20.40700,20.40700,-0.29000,-0.29000,24.26050,,,38.90420,-299.84230,-299.84230,-234.29250,-236.34210,0.02710,0.22170,0.31910,282.02600,-6.81260,-7.15780,-6.40840,-6.81260,4.23770,-0.2443,-0.2443
2021-06-30,2.62700,1.41100,1.21600,3.41900,4.18100,7.60000,-6.38400,-0.60200,-6.98600,0.05700,-7.04300,-7.04300,-7.04300,-5.91300,-6.38400,20.35000,20.35000,-0.35000,-0.35000,21.90660,,,46.28850,-243.01480,-243.01480,-265.93070,-268.10050,0.02740,0.19100,0.34860,258.14610,-7.83590,-8.24940,-7.34860,-7.83590,4.41030,-0.2945,-0.2946
2021-03-31,0.71100,0.45900,0.25200,3.10500,3.71900,6.82400,-6.57200,-0.90000,-7.47200,0.02700,-7.49900,-7.49900,-7.49900,-6.14700,-6.57200,20.27700,20.27700,-0.37000,-0.37000,23.39390,,,35.44300,-924.33180,-924.33180,-1050.91400,-1054.71200,0.00710,0.06190,0.11210,802.78480,-8.02620,-8.43560,-7.51640,-8.02620,4.59350,-0.30930,-0.31080
2020-12-31,2.88000,1.73700,1.14300,2.51400,3.53800,6.05200,-4.90900,-2.98600,-7.89500,-0.36800,-7.52700,-7.52700,-7.52700,-4.52300,-4.90900,17.29500,17.29500,-0.41000,-0.41000,20.32480,,,39.68750,-170.45130,-170.45130,-274.13190,-261.35410,0.02750,0.32580,0.38760,232.21880,-7.73190,-8.11330,-7.19590,-7.73190,4.81720,-0.4879,-0.4879
2020-09-30,2.23800,0.76500,1.47300,3.56600,3.04900,6.61500,-5.14200,-0.78400,-5.92600,0.18300,-6.10900,-6.10900,-6.10900,-4.74200,-5.14200,18.70860,18.70860,-0.33000,-0.33000,28.02660,,,65.81770,-229.75870,-229.75870,-264.79000,-272.96690,0.02260,0.15460,0.47130,190.97530,-6.53560,-6.84540,-6.17450,-6.53560,4.76300,-0.1534,-0.1534
2020-06-30,1.02600,0.61000,0.41600,1.72100,2.63500,4.35600,-3.94000,-1.22500,-5.16500,0.13800,-5.30300,-5.30300,-5.30300,-3.56600,-3.94000,16.09700,16.09700,-0.33000,-0.33000,14.06100,,,40.54580,-384.01550,-384.01550,-503.41130,-516.86160,0.01850,0.12470,0.29410,305.96830,-10.57600,-11.56830,-9.57010,-10.57600,3.10710,-0.0584,-0.0584
2020-03-31,1.16000,0.71800,0.44200,2.11100,3.20300,5.31400,-4.87200,2.28100,-2.59100,0.09200,-2.68300,-2.68300,-2.68300,-4.49400,-4.87200,14.65500,14.65500,-0.18000,-0.18000,16.41440,,,38.10350,-420.00000,-420.00000,-223.36210,-231.29310,0.01880,0.16550,0.33020,272.57210,-4.78550,-5.21940,-4.35230,-4.78550,3.48680,-0.48990,-0.48990
2019-12-31,2.11800,,2.11800,,,,2.11800,,2.11800,,2.11800,-3.90300,-3.90300,2.11800,2.11800,11.98000,11.98000,-0.33000,-0.33000,2.77310,0.26470,0.62980,100.00000,100.00000,100.00000,100.00000,-184.27760,0.07050,,0.63990,140.65160,-87.41920,-41.32780,-12.98400,-19.96930,1.21240,-1.26,-1.26
2019-09-30,0.51700,,0.51700,,,,0.51700,,0.51700,,0.51700,-4.75200,-4.75200,0.51700,0.51700,11.00000,11.00000,-0.43000,-0.43000,,,,100.00000,100.00000,100.00000,100.00000,-919.14880,,,,,,,,,,0,0
2019-06-30,0.42900,,0.42900,,,,0.42900,,0.42900,,0.42900,-4.36900,-4.36900,0.42900,0.42900,116.88300,116.88300,-0.04000,-0.04000,,,,100.00000,100.00000,100.00000,100.00000,-1018.41500,,,,,,,,,,0,0
2019-03-31,1.11000,,1.11000,,,,1.11000,,1.11000,,1.11000,-2.20100,-2.20100,1.11000,1.11000,97.55600,97.55600,-0.02000,-0.02000,,,,100.00000,100.00000,100.00000,100.00000,-198.28830,,,,,,,,,,0.00000,
