Date,revenue,cost-goods-sold,gross-profit,selling-general-administrative-expenses,other-operating-income-expenses,operating-expenses,operating-income,total-non-operating-income-expense,pre-tax-income,total-provision-income-taxes,income-after-taxes,other-income,income-from-continuous-operations,income-from-discontinued-operations,net-income,ebitda,ebit,basic-shares-outstanding,shares-outstanding,eps-basic-net-earnings-per-share,eps-earnings-per-share-diluted,long-term-debt-capital,debt-equity-ratio,operating-margin,ebit-margin,pre-tax-profit-margin,net-profit-margin,asset-turnover,roe,return-on-tangible-equity,roa,roi,book-value-per-share,operating-cash-flow-per-share,free-cash-flow-per-share
2024-03-31,1157.22000,324.48300,832.73690,21.33600,-3.71700,310.25600,522.48100,-9.30500,513.17600,1.47900,511.69700,,511.69700,,459.20900,807.68400,522.48100,175.70000,176.35000,2.61000,2.60000,0.47440,0.90270,45.14970,45.14970,44.34560,39.68210,0.05900,8.98460,5.27860,2.60840,2.67720,57.16520,3.77420,2.70250
2023-12-31,1159.86800,290.83100,869.03710,9.61500,-20.97000,318.10990,550.92710,-37.65000,513.27690,7.71600,505.56080,,441.89690,,389.65690,838.45210,550.92700,175.47200,176.14300,2.22000,2.21000,0.47390,0.90070,47.49910,47.49910,44.25300,33.59490,0.05860,7.67590,4.54640,2.23080,2.30030,57.53340,4.4951,3.0558
2023-09-30,1143.82000,288.94400,854.87600,28.62500,,267.37300,587.50290,-26.05500,561.44790,,561.44790,47.96800,616.64290,,563.23700,826.25100,587.50290,175.49900,176.15000,3.21000,3.20000,0.46950,0.88510,51.36320,51.36320,49.08530,49.24180,0.05750,10.53750,6.30020,3.10250,3.20640,58.13010,4.9743,3.7677
2023-06-30,1119.77000,279.88000,839.89000,25.43400,,247.56700,592.32300,-19.62700,572.69600,,572.69600,-1.09600,581.16500,,528.25900,814.45600,592.32300,175.48400,176.21200,3.01000,3.00000,0.40430,0.67870,52.89690,52.89690,51.14410,47.17570,0.06380,10.00530,5.84290,3.30950,3.40800,57.88590,5.008,3.9061
2023-03-31,1094.23200,288.29100,805.94100,16.95800,-5.48100,244.08900,561.85210,-38.33200,523.52000,3.10500,520.41500,,520.41500,,467.58800,783.50210,561.85210,175.45100,176.22800,2.67000,2.65000,0.40500,0.68050,51.34670,51.34670,47.84360,42.73210,0.06250,8.99120,5.24700,2.97250,3.05450,57.77790,3.95450,3.01530
2022-12-31,1088.54200,259.65700,828.88530,-9.72900,,245.55310,583.33220,184.82980,768.16200,,753.83580,,414.93370,,362.62220,809.87020,583.33200,175.25700,176.28000,2.08000,2.07000,0.40330,0.67580,53.58840,53.58840,70.56800,33.31260,0.06200,7.13340,4.17680,2.36400,2.43540,58.00780,4.1808,3.0232
2022-09-30,1088.13100,277.04200,811.08900,29.50100,,250.27300,560.81600,2107.48300,2668.29900,,2668.29900,101.67300,2778.15200,,2712.16100,781.58800,560.81600,175.28300,176.32800,15.47000,15.38000,0.39980,0.66600,51.53940,51.53940,245.21860,249.24950,0.06240,48.14190,28.11630,15.91980,16.47660,57.72210,5.2566,4.1201
2022-06-30,1032.04500,255.19900,776.84610,28.83100,,247.53900,529.30710,-22.66200,506.64510,,506.64510,101.72300,656.89310,,603.38100,748.01510,529.30710,175.22900,176.31200,3.44000,3.42000,0.42220,0.73060,51.28720,51.28720,49.09140,58.46460,0.05780,11.52780,6.70390,3.67740,3.77760,57.34080,4.524,3.4309
2022-03-31,973.44500,261.00900,712.43600,23.06900,,245.19700,467.23900,-29.74500,437.49400,,437.49400,35.37700,516.29500,,464.12400,689.36700,467.23900,175.17000,176.33600,2.65000,2.63000,0.43360,0.76570,47.99850,47.99850,44.94290,47.67850,0.05500,9.61580,5.46450,2.91710,3.00850,55.47140,3.72150,2.72200
2021-12-31,924.31610,236.85500,687.46110,-3.03000,,215.18200,472.27910,330.75400,803.03300,,790.66800,,622.01900,,558.05790,677.56810,472.27900,174.85800,175.56800,3.19000,3.17000,0.44410,0.79900,51.09500,51.09500,86.87860,60.37520,0.05320,11.83610,6.87130,3.57870,3.69580,53.41790,4.1653,3.1282
2021-09-30,894.93100,236.73400,658.19700,31.68200,,220.23400,437.96300,-20.38000,417.58300,,417.58300,41.18500,491.62800,,442.32700,626.51500,437.96300,174.92600,175.80600,2.53000,2.52000,0.38980,0.63880,48.93820,48.93820,46.66090,49.42580,0.05860,9.78890,5.60050,3.21650,3.31950,51.62750,3.8827,3.0609
2021-06-30,829.31500,218.58600,610.72900,27.74000,,200.46800,410.26100,-18.88100,391.38000,,391.38000,-12.70700,411.73000,,346.24900,582.98900,410.26100,174.82400,175.54700,1.98000,1.97000,0.36310,0.57010,49.46990,49.46990,47.19320,41.75120,0.05720,8.41660,4.84520,2.84140,2.99250,50.11380,3.5274,2.8002
2021-03-31,767.26200,228.42300,538.83900,19.57400,,166.43300,372.40600,-12.39800,360.00800,,360.00800,54.79800,434.26200,,385.81000,519.26500,372.40600,174.61100,174.84000,2.21000,2.21000,0.25800,0.34770,48.53700,48.53700,46.92110,50.28400,0.06400,9.00060,5.16230,3.62440,3.73930,49.34020,2.91220,2.35300
2020-12-31,748.53620,186.15200,562.38420,29.96500,,171.37100,391.01320,-10.88800,380.12510,,380.12510,-45.32700,352.43210,,292.16590,532.41920,391.01310,174.49400,174.64200,1.67000,1.68000,0.22880,0.29670,52.23710,52.23700,50.78250,39.03160,0.06330,7.36630,4.20950,2.98250,3.16880,49.12820,2.9342,2.3962
2020-09-30,734.54500,224.35300,510.19200,18.26200,,156.59500,353.59700,-7.09000,346.50700,,346.50700,-41.90000,325.84700,,246.91600,491.93000,353.59700,174.50300,174.62600,1.41000,1.41000,0.22820,0.29570,48.13820,48.13820,47.17300,33.61480,0.06450,6.77150,3.95090,2.86200,2.97530,48.43250,3.0234,2.5836
2020-06-30,712.94300,232.28900,480.65400,17.10400,,154.72200,325.93200,-8.48000,317.45200,,317.45200,-19.29500,315.81200,,246.11900,463.55000,325.93200,174.49300,174.57500,1.41000,1.41000,0.21430,0.27280,45.71640,45.71640,44.52700,34.52160,0.05770,6.47790,3.58740,2.55550,2.75380,51.63470,3.0889,2.6107
2020-03-31,719.04400,224.66800,494.37600,17.86800,,153.76800,340.60800,-7.50200,333.10600,,333.10600,10.06200,367.13600,,313.13400,476.50800,340.60800,174.44600,174.61600,1.80000,1.79000,0.21260,0.27010,47.36960,47.36960,46.32620,43.54870,0.06080,7.39420,4.16220,3.10450,3.20120,51.75650,2.65120,2.04920
2019-12-31,725.78400,188.95300,536.83100,10.47100,,145.35610,391.47490,-7.97600,383.49880,,383.49880,-10.31800,387.09680,,327.25090,526.35990,391.47480,174.28700,174.53000,1.87000,1.87000,0.17320,0.20950,53.93820,53.93820,52.83920,45.08930,0.06390,7.71930,4.36230,3.40590,3.52480,52.05660,2.869,2.1965
2019-09-30,729.33600,212.26200,517.07400,16.90800,,146.14100,370.93300,-6.13200,364.80100,,364.80100,15.57400,399.42000,,337.36200,500.16600,370.93300,174.33400,174.61100,1.94000,1.93000,0.17720,0.21530,50.85900,50.85900,50.01820,46.25610,0.06390,7.95230,4.65660,3.49940,3.73940,50.40180,3.1616,2.3752
2019-06-30,710.95000,207.73600,503.21400,15.26400,,142.12300,361.09100,-3.67200,357.41900,,357.41900,-4.87700,371.45600,,306.41100,487.95000,361.09100,174.25300,174.54200,1.76000,1.76000,0.17830,0.21700,50.78990,50.78990,50.27340,43.09880,0.06400,7.34540,4.32710,3.34240,3.47070,50.45760,3.1219,2.5072
2019-03-31,689.03800,204.20100,484.83700,19.50300,,141.44400,343.39300,-1.17800,342.21500,,342.21500,7.79100,367.67800,,301.74300,465.33400,343.39300,174.17700,174.37600,1.73000,1.73000,0.13390,0.15460,49.83660,49.83660,49.66560,43.79190,0.06340,7.25260,4.13860,3.38090,3.50140,52.20340,2.69440,2.06360
2018-12-31,697.70290,177.73500,519.96790,14.43400,,135.80800,384.15990,-2.29300,381.86690,,381.86690,41.45700,587.90590,,530.10210,505.53390,384.15990,173.96900,174.29700,3.05000,3.04000,0.13380,0.15440,55.06070,55.06070,54.73200,75.97820,0.06380,11.48320,6.57990,5.37970,5.56890,52.51640,2.8263,2.0298
2018-09-30,706.36800,195.54400,510.82400,27.42900,,151.94500,358.87900,-1.07400,357.80500,,357.80500,4.01300,379.58900,,322.67900,483.39500,358.87900,173.97500,174.34800,1.85000,1.85000,0.13720,0.15900,50.80620,50.80620,50.65420,45.68140,0.06570,7.75460,4.35770,3.53170,3.67180,51.24680,3.3927,2.7155
2018-06-30,685.52800,190.97700,494.55100,31.32900,,151.10600,343.44500,-2.06000,341.38500,,341.38500,21.94400,405.29200,,348.30000,463.22200,343.44500,173.93200,174.22400,2.00000,2.00000,0.13740,0.15930,50.09930,50.09930,49.79880,50.80760,0.06410,8.27840,4.65140,3.79030,3.91900,51.25130,2.9879,2.2693
2018-03-31,669.92400,192.82700,477.09700,31.52000,,149.49900,327.59800,-2.56300,325.03500,,325.03500,-11.39400,344.43600,,287.81900,445.57700,327.59800,173.89200,174.14800,1.66000,1.65000,0.13930,0.16180,48.90080,48.90080,48.51820,42.96290,0.06270,7.04250,3.95670,3.22340,3.32510,51.26140,2.63290,2.06550
2017-12-31,672.30800,151.87900,520.42900,20.55100,,140.65100,379.77800,-2.08800,377.69010,,377.69010,-5.14700,390.96310,,334.07990,499.87800,379.77800,173.61300,174.15100,1.93000,1.91000,0.13770,0.15970,56.48870,56.48870,56.17810,49.69150,0.06260,7.91520,4.46850,3.64270,3.76080,51.56290,2.7053,1.943
2017-09-30,686.36100,190.61900,495.74200,22.31100,,135.63100,360.11100,2.18000,362.29100,,362.29100,-21.23500,358.27400,,279.71700,473.43100,360.11100,173.71500,174.24000,1.61000,1.61000,0.13730,0.15910,52.46670,52.46670,52.78430,40.75360,0.06380,7.26070,4.09290,3.32790,3.44980,51.56830,3.0778,2.4554
2017-06-30,664.31200,182.57800,481.73400,14.99200,,125.16900,356.56500,3.03900,359.60400,,359.60400,-24.46500,355.20700,,276.68100,466.74200,356.56500,173.60200,174.07500,1.59000,1.59000,0.04190,0.04370,53.67430,53.67430,54.13180,41.64930,0.06410,7.14050,3.77280,3.42670,3.53690,55.39480,2.9081,2.2113
2017-03-31,645.54700,182.90200,462.64500,25.02800,,135.95700,326.68800,2.95000,329.63800,,329.63800,-5.56600,344.02100,,281.13100,437.61700,326.68800,173.36400,174.06900,1.62000,1.62000,0.04040,0.04210,50.60640,50.60640,51.06340,43.54930,0.06400,6.84480,3.74590,3.41160,3.51420,54.12780,2.63740,2.08970
2016-12-31,651.42710,145.16600,506.26110,20.14800,,131.88900,374.37210,1.93500,376.30700,,376.30700,24.24600,415.68110,,352.81200,486.11310,374.37210,173.09100,173.87800,2.04000,2.03000,0.03970,0.04140,57.46950,57.46950,57.76660,54.15990,0.06430,8.19210,4.50410,4.10330,4.22770,54.48500,2.6745,2.106
2016-09-30,663.14800,178.62700,484.52100,22.14000,,131.57200,352.94900,2.52900,355.47800,,355.47800,-3.66500,369.05000,,308.95700,462.38100,352.94900,173.10800,173.84800,1.78000,1.78000,0.04530,0.04740,53.22330,53.22330,53.60460,46.58950,0.06720,7.27670,4.15760,3.74070,3.87660,52.49680,2.9691,2.5126
2016-06-30,634.18800,172.00400,462.18400,18.32100,,125.33400,336.85000,2.65000,339.50000,,339.50000,8.63200,358.35890,,280.77500,443.86300,336.85000,173.08700,174.00000,1.62000,1.61000,0.04510,0.04720,53.11520,53.11520,53.53300,44.27320,0.06340,7.06190,3.96360,3.58460,3.69770,53.46410,3.0077,2.4694
2016-03-31,611.78600,173.28600,438.50000,23.04700,,128.17500,310.32500,3.81400,314.13900,,314.13900,-10.95400,317.34900,,241.33500,415.45300,310.32500,172.97700,173.85000,1.40000,1.39000,0.03440,0.03560,50.72440,50.72440,51.34790,39.44760,0.06080,6.22560,3.43450,3.15320,3.24180,54.61390,2.53660,2.07930
2015-12-31,609.33000,137.70700,471.62300,19.45600,,125.76290,345.86000,2.60800,348.46800,,348.46800,2.12100,365.25900,,303.00310,452.16700,345.86000,172.69900,173.51000,1.76000,1.74000,0.03350,0.03470,56.76070,56.76070,57.18870,49.72730,0.06230,7.10260,4.06470,3.73540,3.83810,53.18980,2.5164,2.0459
2015-09-30,618.87200,164.68600,454.18600,23.57300,,129.65500,324.53100,4.00200,328.53300,,328.53300,,341.13600,,273.50800,430.61300,324.53100,172.77100,173.52900,1.58000,1.58000,0.00600,0.00600,52.43910,52.43910,53.08580,44.19460,0.06410,6.65810,3.75260,3.53330,3.64490,53.82350,2.7171,2.2433
2015-06-30,588.61500,161.09700,427.51800,20.98800,,127.46100,300.05700,3.81500,303.87200,,303.87200,16.68800,328.04000,,263.92600,406.53000,300.05700,172.62900,173.38700,1.53000,1.52000,0.00630,0.00630,50.97680,50.97680,51.62490,44.83850,0.06110,6.40000,3.60910,3.40480,3.50310,53.89430,2.6362,2.2957
2015-03-31,564.87900,172.01200,392.86700,24.16000,,131.30600,261.56100,5.50900,267.07000,,267.07000,,283.25400,,212.61300,368.70700,261.56100,172.52000,173.36600,1.23000,1.23000,0.00620,0.00620,46.30390,46.30390,47.27920,37.63870,0.05780,5.52810,3.06960,2.89860,2.97920,54.74620,2.20630,1.79620
2014-12-31,552.54480,129.68300,422.86180,19.21900,,129.79190,293.06990,10.40600,303.47600,,303.47600,-0.01200,348.42590,,283.95700,403.64290,293.06990,172.25100,173.13800,1.65000,1.64000,0.00670,0.00680,53.04000,53.04000,54.92330,51.39080,0.05630,6.72360,3.75520,3.54860,3.64020,55.13130,2.6077,2.1403
2014-09-30,567.09000,158.56800,408.52200,17.87400,,128.95100,279.57100,3.85200,283.42300,,283.42300,-3.01200,294.97700,,231.81500,390.64800,279.57100,172.37800,173.30400,1.34000,1.34000,0.00760,0.00770,49.29920,49.29920,49.97850,40.87800,0.05890,5.71950,3.25500,3.06490,3.15010,53.89450,2.4615,2.1137
2014-06-30,538.03700,150.55400,387.48300,15.37700,,121.82000,265.66300,0.15600,265.81900,,265.81900,-1.67500,278.27900,,218.35200,372.10600,265.66300,172.28200,173.18100,1.27000,1.26000,0.00800,0.04260,49.37630,49.37630,49.40530,40.58310,0.05410,5.37580,3.06260,2.79780,2.96470,54.03010,2.2787,2.0323
2014-03-31,519.62400,174.51900,345.10500,18.98900,,128.01000,217.09500,-1.07800,216.01700,,216.01700,-2.34800,228.27300,,174.05200,326.11600,217.09500,171.91000,172.80900,1.01000,1.01000,0.00970,0.05110,41.77930,41.77930,41.57180,33.49580,0.05370,4.38790,2.60360,2.35760,2.51180,52.25290,1.91370,1.69010
2013-12-31,496.70700,118.99600,377.71100,16.69100,,125.61800,252.09300,19.51700,271.61000,,271.61000,7.80100,297.97700,,243.74900,361.02000,252.09300,171.64000,172.68800,1.42000,1.41000,0.01550,0.09510,50.75290,50.75290,54.68210,49.07300,0.05030,5.66890,3.47620,3.01710,3.32640,51.33930,2.266,2.1182
2013-09-30,511.95700,147.80300,364.15400,17.65000,,114.18700,249.96700,5.29800,255.26500,,255.26500,16.09400,285.62800,,231.36100,346.50400,249.96700,171.72100,172.79300,1.35000,1.34000,0.01120,0.01140,48.82580,48.82580,49.86060,45.19150,0.05600,5.44650,3.32520,3.12160,3.20680,51.27350,2.1212,1.6794
2013-06-30,485.37800,142.57100,342.80700,14.08500,,105.02200,237.78500,4.86900,242.65400,,242.65400,5.92400,261.67900,,207.68500,328.72200,237.78500,171.62500,172.64700,1.21000,1.20000,0.01260,0.01270,48.98970,48.98970,49.99280,42.78830,0.05340,5.03060,3.05740,2.87730,2.94820,51.04190,2.1025,1.9724
2013-03-31,470.90000,150.38900,320.51100,18.25300,,109.25400,211.25700,2.08400,213.34100,,213.34100,-12.73700,212.24700,,161.93600,302.25800,211.25700,171.44600,172.51400,0.94000,0.94000,0.01600,0.01630,44.86240,44.86240,45.30500,34.38860,0.05170,4.08840,2.48330,2.33200,2.38580,51.03340,1.79310,1.58680
2012-12-31,469.69410,119.83500,349.85900,12.72000,,105.30600,244.55310,0.94900,245.50200,,245.50200,11.35700,272.09190,0.47100,209.54300,244.55310,244.55310,170.56200,171.66400,1.22000,1.22000,0.05460,0.05770,52.06650,52.06650,52.26850,44.61270,0.05340,5.14800,3.43830,3.09430,3.16690,47.39450,1.923,1.8383
2012-09-30,477.18200,141.47500,335.70700,15.29800,,105.19500,230.51200,0.71100,231.22300,,231.22300,9.01900,252.88400,11.93500,202.46500,230.51200,230.51200,170.57600,171.70000,1.19000,1.18000,0.03850,0.04000,48.30690,48.30690,48.45590,42.42930,0.05140,4.92940,2.97960,2.72270,2.79570,50.97130,2.0354,1.9076
2012-06-30,455.79300,142.88300,312.91000,12.41400,,100.88800,212.02200,1.73600,213.75800,,213.75800,-23.65700,198.69700,0.23400,132.34300,300.61000,212.02200,170.49600,171.56000,0.78000,0.77000,0.04120,0.04300,46.51720,46.51720,46.89800,29.03580,0.04970,3.89950,2.37360,2.16470,2.21960,50.32960,1.9005,1.7452
2012-03-31,439.83500,151.71100,288.12400,16.40500,,103.22900,184.89500,0.32100,185.21600,,185.21600,12.15700,206.48800,0.23400,125.34300,271.83300,184.89500,170.30900,171.41500,0.74000,0.73000,0.04060,0.04230,42.03740,42.03740,42.11030,28.49770,0.04680,4.01460,2.39840,2.19520,2.24600,51.74890,1.63050,1.54140
2011-12-31,436.21490,138.45900,297.75600,11.46600,,101.00490,196.75100,25.63500,222.38600,,222.38600,-20.71200,218.62300,1.81400,164.22300,286.58100,196.75100,169.65700,170.75000,0.97000,0.96000,0.04570,0.04790,45.10410,45.10410,50.98080,37.64730,0.04880,4.20460,2.69870,2.44750,2.51020,48.81920,1.7281,1.6392
2011-09-30,445.56300,138.58000,306.98300,14.11600,-2.18600,107.12300,199.86000,5.99600,205.85600,,205.85600,-28.25300,192.87200,1.64100,117.95000,290.81600,199.86000,169.72800,170.83000,0.69000,0.69000,0.04740,0.04980,44.85560,44.85560,46.20130,26.47210,0.04900,3.71360,2.35250,2.12280,2.18460,49.45960,1.9017,1.7915
2011-06-30,434.41900,139.22900,295.19000,12.59300,,101.69100,193.49900,-5.93300,187.56600,,187.56600,10.42600,210.76200,0.17900,131.51500,282.68500,193.49900,169.49200,170.40100,0.78000,0.77000,0.04980,0.05240,44.54200,44.54200,43.17630,30.27380,0.04690,3.95490,2.51690,2.27300,2.33350,50.63290,1.8639,1.6359
2011-03-31,419.69100,144.24100,275.45000,14.23500,,102.74600,172.70400,-6.78600,165.91800,,165.91800,31.25200,210.88600,-0.31800,148.05900,261.25700,172.70400,169.31500,170.38200,0.87000,0.87000,0.05010,0.05280,41.15030,41.15030,39.53340,35.27810,0.04450,3.93840,2.46940,2.23500,2.28910,51.63470,1.55430,1.46060
2010-12-31,386.38990,115.88700,270.50290,9.41900,,101.47910,169.02390,23.69000,192.71400,,192.71400,-14.01800,189.25600,-0.04600,121.39700,260.67080,169.02400,168.87700,169.77200,0.71000,0.71000,0.06130,0.06530,43.74440,43.74440,49.87550,31.41830,0.04070,3.56220,2.22860,1.99310,2.04000,51.45510,1.605,1.5234
2010-09-30,422.29500,134.51400,287.78100,8.91000,,101.49300,186.28800,-7.83800,178.45000,,178.45000,55.45500,242.94800,2.86300,182.20600,278.93600,186.28800,169.01400,169.97700,1.08000,1.07000,0.06280,0.06700,44.11320,44.11320,42.25720,43.14660,0.04380,4.47800,2.83000,2.51720,2.58600,52.04750,1.7357,1.5296
2010-06-30,407.64500,137.23300,270.41200,10.08100,,94.96000,175.45200,-8.61600,166.83600,,166.83600,-48.85800,126.76600,4.41000,60.83700,260.65700,175.45200,168.80400,169.62900,0.36000,0.36000,0.06360,0.06790,43.04040,43.04040,40.92680,14.92400,0.04260,2.37320,1.49020,1.32470,1.35950,51.67840,1.7217,1.5113
2010-03-31,397.44700,140.77000,256.67700,10.07700,,94.79400,161.88300,-7.61700,154.26600,,154.26600,-34.84300,129.38400,0.53300,34.73800,246.76900,161.88300,168.47700,169.31000,0.21000,0.21000,0.05540,0.05860,40.73070,40.73070,38.81420,8.74030,0.04080,2.39220,1.50510,1.32780,1.38760,52.22670,1.37690,1.31980
2009-12-31,400.11800,114.98800,285.13010,9.20300,,94.84700,190.28310,-14.04700,176.23600,,176.23600,27.30100,187.17500,0.51400,117.49100,239.63210,190.28310,168.35800,168.76800,0.70000,0.69000,0.05420,0.05730,47.55670,47.55670,44.04600,29.36410,0.04080,3.30600,2.11530,1.90890,1.95380,53.80680,1.6395,1.5616
2009-09-30,412.08700,128.46800,283.61900,8.65400,,94.32400,189.29500,-7.28900,182.00600,,182.00600,21.42900,242.83200,1.11900,173.49300,312.58900,189.29500,168.37300,169.04300,1.03000,1.03000,0.05460,0.05770,45.93570,45.93570,44.16690,42.10110,0.04200,4.30660,2.75180,2.47550,2.54010,53.67500,1.7369,1.5899
2009-06-30,406.47500,134.53800,271.93700,8.19900,,91.83800,180.09900,-7.28800,172.81100,,172.81100,33.20500,213.41400,-8.02700,135.48700,264.38300,180.09900,168.34800,168.52800,0.80000,0.80000,0.05540,0.05860,44.30750,44.30750,42.51460,33.33220,0.04190,3.84730,2.44410,2.19930,2.25330,53.14230,1.6751,1.5109
2009-03-31,404.24000,142.91800,261.32200,9.67900,,94.17100,167.15100,-1.29200,165.85900,,165.85900,-34.73300,153.93700,-0.50800,159.49500,252.35100,167.15100,168.31200,168.47300,0.95000,0.95000,0.05610,0.05940,41.34950,41.34950,41.02980,39.45550,0.04200,2.81110,1.77930,1.59910,1.63710,52.72470,1.54250,1.47820
