Date,revenue,cost-goods-sold,gross-profit,selling-general-administrative-expenses,other-operating-income-expenses,operating-expenses,operating-income,total-non-operating-income-expense,pre-tax-income,total-provision-income-taxes,income-after-taxes,income-from-continuous-operations,income-from-discontinued-operations,net-income,ebitda,ebit,basic-shares-outstanding,shares-outstanding,eps-basic-net-earnings-per-share,eps-earnings-per-share-diluted,current-ratio,long-term-debt-capital,debt-equity-ratio,gross-margin,operating-margin,ebit-margin,pre-tax-profit-margin,net-profit-margin,asset-turnover,inventory-turnover,receiveable-turnover,days-sales-in-receivables,roe,return-on-tangible-equity,roa,roi,book-value-per-share,operating-cash-flow-per-share,free-cash-flow-per-share
2024-03-31,35811.00000,32386.00000,3425.00000,722.00000,-1529.00000,2755.00000,670.00000,294.00000,964.00000,203.00000,761.00000,761.00000,,748.00000,1183.00000,670.00000,428.95900,431.90600,1.74000,1.73000,1.17190,0.36670,0.65450,9.56410,1.87090,1.87090,2.69190,2.08870,0.46870,5.15210,3.10540,28.98220,2.47130,2.68630,0.99610,1.56510,72.63320,-0.54640,-2.00040
2023-12-31,38270.00000,33844.00000,4426.00000,813.00000,-1390.00000,2721.00000,1705.00000,56.00000,1761.00000,476.00000,1285.00000,1285.00000,,1260.00000,2233.00000,1705.00000,450.13600,453.21000,2.90000,2.87000,1.25760,0.36100,0.61170,11.56520,4.45520,4.45520,4.60150,3.29240,0.50690,9.02510,3.26260,27.58560,4.06000,4.40370,1.70200,2.59450,73.52510,4.6901,3.3436
2023-09-30,39643.00000,34330.00000,5313.00000,840.00000,-1525.00000,2853.00000,2460.00000,353.00000,2813.00000,670.00000,2143.00000,2143.00000,,2097.00000,2954.00000,2460.00000,444.28300,447.25800,4.72000,4.69000,1.29170,0.36680,0.60780,13.40210,6.20540,6.20540,7.09580,5.28970,0.50960,5.98920,3.31020,27.18870,6.69920,7.26240,2.75500,4.24190,72.70950,6.0974,4.1451
2023-06-30,35090.00000,30571.00000,4519.00000,767.00000,-1308.00000,2570.00000,1949.00000,295.00000,2244.00000,510.00000,1734.00000,1734.00000,,1697.00000,2451.00000,1949.00000,454.45000,456.16800,3.73000,3.72000,1.32910,0.38000,0.63960,12.87830,5.55430,5.55430,6.39500,4.83610,0.46860,4.79170,3.71010,24.25820,5.58270,6.02330,2.31550,3.46150,69.75260,2.1546,0.9275
2023-03-31,34396.00000,29341.00000,5055.00000,812.00000,-1510.00000,2798.00000,2257.00000,394.00000,2651.00000,574.00000,2077.00000,2077.00000,,1961.00000,2739.00000,2257.00000,464.81000,467.03400,4.21000,4.20000,1.54170,0.33590,0.52940,14.69650,6.56180,6.56180,7.70730,5.70120,0.44520,5.38860,3.68820,24.40230,5.94860,6.36390,2.68830,3.95050,76.09260,2.56730,1.75790
2022-12-31,40279.00000,35146.00000,5133.00000,760.00000,-1748.00000,3010.00000,2123.00000,424.00000,2547.00000,535.00000,2012.00000,2012.00000,,1884.00000,2631.00000,2123.00000,471.49700,473.73100,4.33000,4.29000,1.37970,0.32820,0.50400,12.74360,5.27070,5.27070,6.32340,4.67740,0.52690,10.72830,3.66670,24.54510,5.89930,6.32920,2.63210,3.96320,73.21340,10.2733,8.7081
2022-09-30,44955.00000,38646.00000,6309.00000,750.00000,1410.00000,-230.00000,6539.00000,619.00000,7158.00000,1618.00000,5540.00000,5540.00000,,5391.00000,6974.00000,6539.00000,481.38800,483.03600,11.19000,11.16000,1.30130,0.33290,0.53010,14.03400,14.54570,14.54570,15.92260,11.99200,0.58130,9.00000,3.29290,27.33130,16.63210,17.88370,7.16330,11.09460,70.47560,6.5338,5.0057
2022-06-30,48577.00000,42645.00000,5932.00000,606.00000,-1624.00000,2589.00000,3343.00000,763.00000,4106.00000,924.00000,3182.00000,3182.00000,,3167.00000,3708.00000,3343.00000,483.08800,485.03500,6.55000,6.53000,1.27740,0.33620,0.52780,12.21150,6.88190,6.88190,8.45260,6.51950,0.77340,9.31110,3.62700,24.81360,12.94920,14.28510,5.06590,8.59630,51.08190,3.4937,2.7779
2022-03-31,36179.00000,33495.00000,2684.00000,582.00000,-1488.00000,2408.00000,276.00000,552.00000,828.00000,171.00000,657.00000,657.00000,,582.00000,620.00000,276.00000,449.29800,450.01100,1.29000,1.29000,1.12790,0.36940,0.65250,7.41870,0.76290,0.76290,2.28860,1.60870,0.59660,7.39400,3.46040,26.00820,2.97000,3.31520,1.08350,1.87280,45.98010,2.52440,1.70220
2021-12-31,32604.00000,29290.00000,3314.00000,546.00000,-1277.00000,2347.00000,967.00000,660.00000,1627.00000,256.00000,1371.00000,1371.00000,,1273.00000,1497.00000,967.00000,440.02800,440.36400,2.89000,2.89000,1.14810,0.37460,0.66770,10.16440,2.96590,2.96590,4.99020,3.90440,0.58650,8.62990,4.36470,20.62020,6.33640,7.08890,2.46610,3.96290,49.37090,4.0876,2.7319
2021-09-30,30243.00000,27529.00000,2714.00000,509.00000,-2223.00000,3093.00000,-379.00000,827.00000,448.00000,-40.00000,488.00000,488.00000,,402.00000,-12.00000,-379.00000,440.19300,440.36800,0.91000,0.91000,1.15070,0.39450,0.72390,8.97400,-1.25320,-1.25320,1.48130,1.32920,0.53620,6.25660,3.77750,23.82500,2.36930,2.65940,0.86510,1.43450,47.01440,5.0029,3.7493
2021-06-30,27002.00000,25218.00000,1784.00000,552.00000,-1128.00000,2044.00000,-260.00000,696.00000,436.00000,62.00000,374.00000,374.00000,,296.00000,110.00000,-260.00000,439.94000,440.39600,0.66000,0.66000,1.08450,0.38550,0.74810,6.60690,-0.96290,-0.96290,1.61470,1.09620,0.47390,5.30680,3.34930,26.87130,1.81540,2.03790,0.65640,1.11560,47.03770,3.9566,3.0952
2021-03-31,21627.00000,20065.00000,1562.00000,547.00000,-1569.00000,2472.00000,-910.00000,139.00000,-771.00000,-132.00000,-639.00000,-639.00000,,-654.00000,-548.00000,-910.00000,439.50400,439.50400,-1.49000,-1.49000,1.26130,0.42150,0.75390,7.22250,-4.20770,-4.20770,-3.56500,-3.02400,0.38970,4.69580,2.64870,33.97840,-3.12360,-3.51180,-1.15140,-1.80700,46.71970,0.61660,-0.13650
2020-12-31,16409.00000,15150.00000,1259.00000,519.00000,-1252.00000,2129.00000,-870.00000,179.00000,-691.00000,-197.00000,-494.00000,-494.00000,,-539.00000,-507.00000,-870.00000,439.53000,439.53000,-1.25000,-1.25000,1.39480,0.40920,0.73840,7.67260,-5.30200,-5.30200,-4.21110,-3.28480,0.29990,3.89160,2.51590,35.77180,-2.29520,-2.56560,-0.90280,-1.35610,49.26630,1.4492,0.3056
2020-09-30,15929.00000,14509.00000,1420.00000,490.00000,-2141.00000,2983.00000,-1563.00000,213.00000,-1350.00000,-624.00000,-726.00000,-726.00000,,-799.00000,-1205.00000,-1563.00000,438.91600,438.91600,-1.82000,-1.82000,1.21960,0.36220,0.65120,8.91460,-9.81230,-9.81230,-8.47510,-5.01600,0.29350,2.96280,2.67130,33.69140,-3.25490,-3.62440,-1.33750,-2.07600,51.06460,1.1178,-0.1382
2020-06-30,10913.00000,9608.00000,1305.00000,523.00000,-918.00000,1784.00000,-479.00000,34.00000,-445.00000,-378.00000,-67.00000,-67.00000,,-141.00000,-131.00000,-479.00000,438.75600,438.75600,-0.33000,-0.33000,1.24700,0.35220,0.62010,11.95820,-4.38930,-4.38930,-4.07770,-1.29200,0.20020,1.87070,2.24920,40.01470,-0.28760,-0.31910,-0.12290,-0.18630,53.34360,1.7442,-0.4083
2020-03-31,20878.00000,18440.00000,2438.00000,476.00000,-4352.00000,5170.00000,-2732.00000,254.00000,-2478.00000,-51.00000,-2427.00000,-2427.00000,,-2496.00000,-2384.00000,-2732.00000,441.34500,441.34500,-5.66000,-5.66000,1.11170,0.31200,0.54840,11.67740,-13.08550,-13.08550,-11.86900,-11.95520,0.39050,3.45900,4.57950,19.65270,-10.26690,-11.37620,-4.53980,-7.06370,54.13420,0.49170,-1.59970
2019-12-31,29125.00000,26114.00000,3011.00000,570.00000,-1384.00000,2294.00000,717.00000,349.00000,1066.00000,256.00000,810.00000,810.00000,,736.00000,1063.00000,717.00000,451.36400,453.88800,1.65000,1.63000,1.23600,0.29220,0.43300,10.33820,2.46180,2.46180,3.66010,2.52700,0.49600,6.91580,3.42240,26.29700,2.98130,3.51720,1.37940,2.11020,61.60410,3.6883,0.9092
2019-09-30,27218.00000,23806.00000,3412.00000,521.00000,-2011.00000,2868.00000,544.00000,399.00000,943.00000,150.00000,793.00000,793.00000,,712.00000,886.00000,544.00000,449.00500,451.00100,1.58000,1.58000,1.29250,0.29030,0.44020,12.53580,1.99870,1.99870,3.46460,2.61590,0.46340,4.31190,3.84110,23.43080,2.92710,3.45530,1.35000,2.07730,60.96890,3.7175,1.7566
2019-06-30,27847.00000,24554.00000,3293.00000,505.00000,-1149.00000,1988.00000,1305.00000,524.00000,1829.00000,325.00000,1504.00000,1504.00000,,1424.00000,1644.00000,1305.00000,453.68100,455.58500,3.13000,3.12000,1.27970,0.28290,0.41890,11.82530,4.68630,4.68630,6.56800,5.11370,0.48190,4.82110,4.13960,21.74130,5.50790,6.49260,2.60290,3.94980,60.87720,4.2278,2.8234
2019-03-31,23103.00000,21055.00000,2048.00000,494.00000,-1275.00000,2100.00000,-52.00000,392.00000,340.00000,70.00000,270.00000,270.00000,,204.00000,285.00000,-52.00000,457.59900,459.28900,0.44000,0.44000,1.30780,0.29640,0.42240,8.86470,-0.22510,-0.22510,1.47170,0.88300,0.39930,3.93990,3.16350,28.44960,1.00950,1.19410,0.46670,0.71030,58.96800,-1.04070,-3.42920
2018-12-31,29098.00000,24660.00000,4438.00000,516.00000,-1277.00000,2130.00000,2308.00000,610.00000,2918.00000,602.00000,2316.00000,2316.00000,,2240.00000,2651.00000,2308.00000,470.70800,474.04700,4.74000,4.71000,1.47830,0.29000,0.41100,15.25190,7.93180,7.93180,10.02820,7.69810,0.53590,6.96020,4.71380,19.09310,8.52940,10.06340,4.26500,6.05550,59.52450,8.6601,6.5974
2018-09-30,29788.00000,26385.00000,3403.00000,549.00000,-1187.00000,2082.00000,1321.00000,654.00000,1975.00000,407.00000,1568.00000,1568.00000,,1492.00000,1672.00000,1321.00000,466.10900,469.44000,3.20000,3.18000,1.27890,0.29940,0.43950,11.42410,4.43470,4.43470,6.63020,5.00870,0.53300,4.75920,3.73700,24.08320,6.07870,7.24220,2.80580,4.25900,55.93930,1.2681,-0.4
2018-06-30,28980.00000,25747.00000,3233.00000,541.00000,-1142.00000,2020.00000,1213.00000,622.00000,1835.00000,431.00000,1404.00000,1404.00000,,1339.00000,1556.00000,1213.00000,468.33100,471.63800,2.86000,2.84000,1.24270,0.30630,0.45530,11.15600,4.18560,4.18560,6.33200,4.62040,0.52860,5.25340,4.04020,22.27640,5.62500,6.74220,2.56080,3.90180,53.76270,5.0504,3.8841
2018-03-31,23595.00000,21138.00000,2457.00000,496.00000,-1225.00000,2057.00000,400.00000,317.00000,717.00000,132.00000,585.00000,585.00000,,524.00000,742.00000,400.00000,487.06500,489.66800,1.07000,1.07000,1.31280,0.32270,0.47820,10.41320,1.69530,1.69530,3.03880,2.22080,0.45260,4.45670,3.85290,23.35920,2.40740,2.90190,1.12220,1.63050,52.16420,0.99660,0.32680
2017-12-31,29746.00000,23914.00000,5832.00000,3931.00000,-1168.00000,5445.00000,387.00000,267.00000,654.00000,-2601.00000,3255.00000,3255.00000,,3198.00000,739.00000,387.00000,515.09000,518.50800,6.22000,6.17000,1.42380,0.26850,0.36860,19.60600,1.30100,1.30100,2.19860,10.75100,0.54710,7.04390,3.96300,22.71030,11.86740,13.98080,5.98660,8.68070,54.60810,3.7078,2.6845
2017-09-30,25627.00000,19463.00000,6164.00000,3891.00000,-1091.00000,5319.00000,845.00000,411.00000,1256.00000,407.00000,849.00000,849.00000,,823.00000,1187.00000,845.00000,512.92300,515.96000,1.60000,1.60000,1.30590,0.28380,0.42580,24.05280,3.29730,3.29730,4.90110,3.21150,0.48620,4.36880,4.03260,22.31830,3.54360,4.28680,1.61060,2.53780,47.28070,0.7978,0.072
2017-06-30,24087.00000,18353.00000,5734.00000,3795.00000,-1126.00000,5241.00000,493.00000,355.00000,848.00000,267.00000,581.00000,581.00000,,550.00000,819.00000,493.00000,517.78500,520.16000,1.06000,1.06000,1.40370,0.28460,0.41860,23.80540,2.04670,2.04670,3.52060,2.28340,0.46470,4.32340,4.30590,20.90170,2.44060,2.95720,1.12100,1.74590,46.54060,3.5767,2.6886
2017-03-31,22894.00000,17679.00000,5215.00000,3540.00000,-824.00000,4679.00000,536.00000,261.00000,797.00000,234.00000,563.00000,563.00000,,535.00000,856.00000,536.00000,521.64700,524.52000,1.02000,1.02000,1.39400,0.28810,0.43030,22.77890,2.34120,2.34120,3.48130,2.33690,0.44540,4.02990,4.02360,22.36830,2.37300,2.87830,1.09520,1.68940,45.97000,-1.04670,-1.94270
2016-12-31,23397.00000,18379.00000,5018.00000,3629.00000,-1188.00000,5122.00000,-104.00000,166.00000,62.00000,-132.00000,194.00000,194.00000,,163.00000,207.00000,-104.00000,527.53100,530.06600,0.31000,0.31000,1.34000,0.28780,0.42730,21.44720,-0.44450,-0.44450,0.26500,0.69670,0.45300,5.83460,3.65750,24.60700,0.81770,0.99150,0.37560,0.58240,45.73340,1.248,-0.2766
2016-09-30,21624.00000,15961.00000,5663.00000,3835.00000,-1041.00000,5169.00000,494.00000,319.00000,813.00000,277.00000,536.00000,536.00000,,511.00000,792.00000,494.00000,525.99100,528.79800,0.97000,0.96000,1.18460,0.23030,0.36440,26.18850,2.28450,2.28450,3.75970,2.36310,0.43030,4.08730,4.32390,20.81440,2.20480,2.65980,1.06660,1.69700,46.67560,1.6812,0.4201
2016-06-30,21849.00000,16198.00000,5651.00000,4015.00000,-978.00000,5283.00000,368.00000,352.00000,720.00000,204.00000,516.00000,516.00000,,496.00000,663.00000,368.00000,528.24700,531.06000,0.94000,0.93000,1.21570,0.23350,0.36820,25.86390,1.68430,1.68430,3.29530,2.27010,0.43380,4.05660,3.90370,23.05510,2.14410,2.59360,1.02460,1.64350,46.02860,2.1782,1.0011
2016-03-31,17409.00000,11930.00000,5479.00000,3847.00000,-1010.00000,5137.00000,342.00000,254.00000,596.00000,198.00000,398.00000,398.00000,,385.00000,627.00000,342.00000,531.73900,534.70900,0.72000,0.72000,1.51180,0.27130,0.37370,31.47220,1.96450,1.96450,3.42350,2.21150,0.36080,2.90410,3.67510,24.48910,1.68340,2.04450,0.82490,1.22670,44.98450,0.48250,-0.92010
2015-12-31,21893.00000,15871.00000,6022.00000,3889.00000,-1074.00000,5244.00000,778.00000,54.00000,832.00000,166.00000,666.00000,666.00000,,650.00000,1064.00000,778.00000,542.35500,546.97700,1.21000,1.20000,1.62740,0.26980,0.37130,27.50650,3.55360,3.55360,3.80030,2.96900,0.45070,4.56460,4.23220,21.26570,2.78220,3.37100,1.37090,2.03170,45.21640,2.7046,-1.8006
2015-09-30,25792.00000,18580.00000,7212.00000,4047.00000,-1047.00000,5364.00000,1848.00000,511.00000,2359.00000,767.00000,1592.00000,1592.00000,,1578.00000,2123.00000,1848.00000,540.35700,544.69600,2.92000,2.90000,1.69570,0.27040,0.37250,27.96220,7.16500,7.16500,9.14620,6.11820,0.52190,4.23430,4.96190,18.13820,6.62450,8.00890,3.22170,4.83300,45.05100,2.6775,0.8239
2015-06-30,28512.00000,22253.00000,6259.00000,3955.00000,-893.00000,5122.00000,1137.00000,328.00000,1465.00000,440.00000,1025.00000,1025.00000,,1012.00000,1417.00000,1137.00000,544.61700,548.92600,1.85000,1.84000,1.64110,0.27760,0.38600,21.95220,3.98780,3.98780,5.13820,3.54940,0.57170,5.39340,4.34170,20.72920,4.41370,5.37550,2.05520,3.18860,43.19270,2.6148,0.3929
2015-03-31,22778.00000,16695.00000,6083.00000,3856.00000,-907.00000,5016.00000,1067.00000,321.00000,1388.00000,391.00000,997.00000,997.00000,,987.00000,1325.00000,1067.00000,548.20000,552.33700,1.80000,1.79000,1.63670,0.28290,0.39610,26.70560,4.68430,4.68430,6.09360,4.33310,0.46410,4.00740,3.97040,22.66790,4.41250,5.40700,2.03150,3.16420,41.71650,2.44780,0.49060
2014-12-31,34963.00000,28449.00000,6514.00000,4144.00000,-1073.00000,5490.00000,1024.00000,337.00000,1361.00000,203.00000,1158.00000,1158.00000,,1147.00000,1303.00000,1024.00000,565.90200,571.50400,2.08000,2.06000,1.50460,0.26120,0.39180,18.63110,2.92880,2.92880,3.89270,3.28060,0.71800,8.37470,4.81920,18.67550,5.25480,6.48270,2.37820,3.88200,40.33260,1.4719,-0.4446
2014-09-30,40417.00000,33602.00000,6815.00000,4275.00000,-1002.00000,5526.00000,1289.00000,438.00000,1727.00000,538.00000,1189.00000,1189.00000,,1180.00000,1544.00000,1289.00000,559.49200,564.95800,2.11000,2.09000,1.32140,0.21770,0.27990,16.86170,3.18930,3.18930,4.27300,2.91960,0.81400,5.92310,4.61070,19.52000,5.35730,6.56910,2.39480,4.19080,40.09660,0.803,-1.899
2014-06-30,45549.00000,39316.00000,6233.00000,4244.00000,-1060.00000,5543.00000,690.00000,669.00000,1359.00000,487.00000,872.00000,872.00000,,863.00000,935.00000,690.00000,565.79900,571.28500,1.52000,1.51000,1.36280,0.21950,0.28290,13.68420,1.51490,1.51490,2.98360,1.89470,0.89620,7.97810,4.50530,19.97630,3.97180,4.82300,1.71580,3.10000,39.28330,1.5288,0.5157
2014-03-31,40283.00000,34381.00000,5902.00000,4040.00000,-1059.00000,5333.00000,569.00000,729.00000,1298.00000,426.00000,872.00000,872.00000,706.00000,1572.00000,809.00000,569.00000,584.05300,589.57500,2.69000,2.67000,1.38880,0.22060,0.28480,14.65130,1.41250,1.41250,3.22220,3.90240,0.79220,5.81940,4.41700,20.37580,3.99470,4.85770,1.71490,3.11360,38.57760,2.37120,1.40100
2013-12-31,43049.00000,37028.00000,6021.00000,4104.00000,-1188.00000,5535.00000,486.00000,725.00000,1211.00000,396.00000,815.00000,815.00000,18.00000,826.00000,735.00000,486.00000,612.91800,618.98900,1.39000,1.39000,1.48770,0.21490,0.27490,13.98640,1.12890,1.12890,2.81310,1.91870,0.86450,11.04000,4.46940,20.13710,3.63970,4.38220,1.63660,2.85730,37.94100,1.3888,0.396
2013-09-30,44146.00000,38717.00000,5429.00000,3973.00000,-998.00000,5204.00000,225.00000,579.00000,804.00000,278.00000,526.00000,526.00000,14.00000,535.00000,464.00000,225.00000,608.93400,614.51900,0.88000,0.87000,1.43630,0.21800,0.27990,12.29780,0.50970,0.50970,1.82120,1.21190,0.86590,8.17330,4.53060,19.86500,2.39160,2.91360,1.03170,1.87020,36.68500,3.2576,2.5734
2013-06-30,43190.00000,37257.00000,5933.00000,3869.00000,-949.00000,5047.00000,886.00000,567.00000,1453.00000,507.00000,946.00000,946.00000,14.00000,958.00000,1121.00000,886.00000,619.14300,624.90700,1.55000,1.53000,1.46580,0.22930,0.29820,13.73700,2.05140,2.05140,3.36420,2.21810,0.86500,7.40250,4.41030,20.40680,4.36150,5.33080,1.89470,3.36120,35.49740,1.5849,0.993
2013-03-31,41211.00000,35243.00000,5968.00000,3651.00000,-984.00000,4877.00000,1091.00000,967.00000,2058.00000,663.00000,1395.00000,1395.00000,15.00000,1407.00000,1339.00000,1091.00000,625.03000,631.28800,2.25000,2.23000,1.41600,0.24560,0.32610,14.48160,2.64740,2.64740,4.99380,3.41410,0.80570,6.06490,4.15850,21.64230,6.52540,8.06030,2.72720,4.92310,34.52340,3.50550,2.90040
2012-12-31,43815.00000,37498.00000,6317.00000,3877.00000,-1615.00000,5729.00000,588.00000,556.00000,1144.00000,482.00000,662.00000,662.00000,,709.00000,832.00000,588.00000,628.83500,636.76400,1.13000,1.11000,1.43900,0.25070,0.33520,14.41740,1.34200,1.34200,2.61100,1.61820,0.91140,10.93240,4.21180,21.36870,3.18180,3.95510,1.37710,2.38410,33.36720,2.0579,0.683
2012-09-30,42945.00000,36189.00000,6756.00000,3842.00000,-1136.00000,5207.00000,1549.00000,900.00000,2449.00000,848.00000,1601.00000,1601.00000,,1598.00000,1785.00000,1549.00000,630.67200,637.91300,2.53000,2.51000,1.33490,0.26400,0.38720,15.73180,3.60690,3.60690,5.70260,3.72100,0.82220,6.30140,3.97900,22.61890,7.76960,9.68190,3.06530,5.71810,32.92710,2.9994,2.4713
2012-06-30,46747.00000,40398.00000,6349.00000,3955.00000,-1000.00000,5179.00000,1170.00000,724.00000,1894.00000,712.00000,1182.00000,1182.00000,,1181.00000,1400.00000,1170.00000,628.51000,635.15700,1.88000,1.86000,1.28910,0.28040,0.42080,13.58160,2.50280,2.50280,4.05160,2.52640,0.96240,7.35040,5.07400,17.73740,6.22790,7.92920,2.43340,4.48150,30.27330,2.2581,1.8333
2012-03-31,45783.00000,40328.00000,5455.00000,3769.00000,-1137.00000,5122.00000,333.00000,736.00000,1069.00000,431.00000,638.00000,638.00000,,636.00000,554.00000,333.00000,627.62800,634.64500,1.01000,1.00000,1.57210,0.19310,0.24770,11.91490,0.72730,0.72730,2.33490,1.38920,0.86390,8.00160,4.04440,22.25280,2.55780,3.05500,1.20380,2.06380,,-0.56880,-0.91230
2011-12-31,50448.00000,42915.00000,7533.00000,6499.00000,857.00000,3232.00000,4301.00000,485.00000,2286.00000,317.00000,1969.00000,2011.00000,0.00000,2011.00000,4547.00000,4301.00000,627.62800,634.64500,3.20000,3.17000,1.12630,0.01530,0.01680,17.82830,8.52560,8.52560,4.53140,3.98630,1.16750,12.38170,5.03220,17.88480,8.63350,10.45820,4.65390,8.50170,,4.3032,3.7217
2011-09-30,50610.00000,43905.00000,6705.00000,4046.00000,-1721.00000,5989.00000,716.00000,834.00000,1550.00000,499.00000,1051.00000,1051.00000,,1049.00000,943.00000,716.00000,627.62800,634.64500,1.67000,1.65000,,,,13.24840,1.41470,1.41470,3.06260,2.07270,,,,,,,,,,1.1613,0.7516
2011-06-30,52594.00000,46600.00000,5994.00000,3978.00000,-974.00000,5178.00000,816.00000,812.00000,1628.00000,588.00000,1040.00000,1040.00000,,1039.00000,1048.00000,816.00000,627.62800,634.64500,1.66000,1.64000,,,,11.39670,1.55150,1.55150,3.09540,1.97550,,,,,,,,,,2.4234,1.8042
2011-03-31,44779.00000,39348.00000,5431.00000,3803.00000,-1043.00000,5065.00000,366.00000,729.00000,1095.00000,418.00000,677.00000,677.00000,,676.00000,590.00000,366.00000,,,,0.00000,,,,12.12850,0.81730,0.81730,2.44530,1.50960,,,,,,,,,,0.00000,
2010-12-31,,,,,,,,,,,,,,,,,,,,0.00000,,,,,,,,,,,,,,,,,,0,0
2009-12-31,,,,,,,,,,,,,,,,,,,,0.00000,,,,,,,,,,,,,,,,,,0,0
