Date,revenue,cost-goods-sold,gross-profit,selling-general-administrative-expenses,other-operating-income-expenses,operating-expenses,operating-income,total-non-operating-income-expense,pre-tax-income,total-provision-income-taxes,income-after-taxes,income-from-continuous-operations,net-income,ebitda,ebit,basic-shares-outstanding,shares-outstanding,eps-basic-net-earnings-per-share,eps-earnings-per-share-diluted,current-ratio,long-term-debt-capital,debt-equity-ratio,gross-margin,operating-margin,ebit-margin,pre-tax-profit-margin,net-profit-margin,asset-turnover,inventory-turnover,receiveable-turnover,days-sales-in-receivables,roe,return-on-tangible-equity,roa,roi,book-value-per-share,operating-cash-flow-per-share,free-cash-flow-per-share
2023-12-31,65.36300,17.89700,47.46600,0.97000,-32.77500,46.09100,1.37500,-1.74100,-0.36600,0.22000,-0.58600,-0.58600,-0.58600,13.72100,1.37500,39.31100,39.31100,-0.01000,-0.01000,1.13390,0.40100,0.86650,72.61910,2.10360,2.10360,-0.55990,-0.89650,0.26800,0.90770,2.72530,33.02420,-0.52990,3.97670,-0.24030,-0.31740,2.62690,0.29850,0.26010
2023-09-30,62.52300,20.44900,42.07400,69.08900,41.63100,41.01000,1.06400,-2.31500,-1.25100,0.07500,-1.32600,-1.32600,-1.32600,13.15300,1.06400,38.60700,38.60700,-0.03000,-0.03000,1.08020,0.40420,0.88160,67.29360,1.70180,1.70180,-2.00090,-2.12080,0.25270,1.11050,2.40680,37.39460,-1.19340,8.41900,-0.53600,-0.71100,2.63920,0.377,0.3213
2023-06-30,60.28400,16.63000,43.65400,2.03400,-29.75200,43.48400,0.17000,-1.52700,-1.35700,-0.32300,-1.03400,-1.03400,-1.03400,11.86800,0.17000,40.58400,40.58400,-0.03000,-0.03000,1.19960,0.40530,0.87300,72.41390,0.28200,0.28200,-2.25100,-1.71520,0.24870,0.85510,2.53110,35.55720,-0.93170,8.06110,-0.42660,-0.55410,2.63790,0.2598,0.2767
2023-03-31,58.12000,14.90900,43.21100,1.30600,-31.01300,41.90000,1.31100,-2.06000,-0.74900,,-0.74900,-0.74900,-0.74900,10.89400,1.31100,35.85800,35.85800,-0.02000,-0.02000,0.72600,0.48020,1.31190,74.34790,2.25570,2.25570,-1.28870,-1.28870,0.25770,0.73170,2.30950,38.97010,-0.91560,1.78480,-0.33210,-0.47590,2.23420,0.2865,0.1836
2022-12-31,40.81500,10.07500,30.74000,0.57100,-22.00200,29.36600,1.37400,-0.71600,0.65800,0.33300,0.32500,0.32500,0.32500,8.16700,1.37400,35.60500,38.14800,0.01000,0.01000,1.05000,0.14990,0.33150,75.31540,3.36640,3.36640,1.61220,0.79630,0.30990,0.59740,2.37600,37.87870,0.40400,1.34580,0.24670,0.34350,2.25930,0.12670,0.09260
2022-09-30,40.09200,12.19900,27.89300,42.35300,23.32700,27.04500,0.84800,-1.43900,-0.59100,-2.36200,1.77100,1.77100,1.77100,8.05300,0.84800,33.64700,36.30200,0.05000,0.05000,0.99510,0.12080,0.33390,69.57250,2.11510,2.11510,-1.47410,4.41730,0.30320,0.78270,2.44720,36.77720,2.22640,7.88790,1.33950,1.95750,2.23420,0.2125,0.117
2022-06-30,36.69200,8.90600,27.78600,1.32500,-20.47900,27.16700,0.61900,-0.30100,0.31800,0.15500,0.16300,0.16300,0.16300,5.98100,0.61900,33.55900,37.86300,0.00000,0.00000,1.01840,0.19370,0.54310,75.72770,1.68700,1.68700,0.86670,0.44420,0.28120,0.67270,2.46850,36.45920,0.24070,1.11260,0.12490,0.19400,2.01280,0.1809,0.1266
2022-03-31,33.55300,7.35400,26.19900,1.16100,-15.13500,21.75500,4.44400,0.74700,5.19100,0.15500,5.03600,5.03600,5.03600,9.90400,4.44400,33.43800,35.57700,0.15000,0.14000,1.54130,0.19750,0.37330,78.08240,13.24470,13.24470,15.47110,15.00910,0.30360,0.62430,2.44730,36.77470,7.66400,19.55580,4.55640,6.15060,1.95970,0.1787,0.1064
2021-12-31,29.52500,7.65900,21.86600,2.11000,-15.92300,23.04600,-1.18000,-0.80300,-1.98300,0.14800,-2.13100,-2.13100,-2.13100,3.83300,-1.18000,33.34600,33.34600,-0.06000,-0.06000,1.69820,0.23260,0.45880,74.05930,-3.99660,-3.99660,-6.71630,-7.21760,0.27500,0.77790,2.82450,31.86350,-3.63640,-7.47170,-1.98460,-2.79040,1.75700,0.15360,0.12870
2021-09-30,29.11800,8.23200,20.88600,3.32800,-40.85200,49.57700,-28.69100,-26.26900,-2.59200,-1.21300,-1.37900,-1.37900,-1.37900,-23.29400,-28.69100,30.43800,30.43800,-0.02000,0.00000,1.74830,0.22560,0.46150,71.72880,-98.53360,-98.53360,-8.90170,-4.73590,0.26820,0.88970,2.43910,36.89880,-2.35240,-4.40690,-1.27010,-1.82160,1.75780,0.2502,0.1356
2021-06-30,26.23800,7.74700,18.49100,1.59700,-13.23900,19.60400,-1.11300,6.90700,5.79400,-0.53500,6.32900,6.32900,6.32900,3.65500,-1.11300,30.89300,33.75400,0.20000,0.19000,1.90810,0.24250,0.49110,70.47410,-4.24190,-4.24190,22.08250,24.12150,0.24630,0.70980,1.41510,63.60160,11.27800,19.79730,5.94040,8.54360,1.68970,0.1072,0.0943
2021-03-31,24.24000,6.12200,18.11800,0.01200,12.74800,-8.79600,26.91400,12.96400,-12.49000,,-12.49000,-12.49000,-12.49000,30.85400,26.91400,29.29400,29.29400,-0.43000,-0.43000,1.41820,0.40210,0.94290,74.74420,111.03140,111.03140,-51.52640,-51.52640,0.27010,0.62150,2.23000,40.35890,-38.91690,-121.59270,-13.91990,-23.26790,1.04990,0.1247,0.0979
2020-12-31,22.75500,6.07100,16.68400,0.01500,-11.55800,15.25400,1.43000,-1.47100,-0.04100,-1.40700,1.36600,1.36600,1.36600,5.11100,1.43000,28.17700,30.46600,0.05000,0.04000,1.39720,0.38530,0.85530,73.32010,6.28430,6.28430,-0.18020,6.00310,0.28960,0.77760,2.42250,37.15100,4.71390,13.30740,1.73880,2.89780,0.25670,0.10140,0.09320
2020-09-30,18.95500,5.57500,13.38000,17.18400,7.42700,13.63400,-0.25400,-2.44500,-2.86600,0.05900,-2.92500,-2.92500,-3.79400,3.69000,-0.25400,22.72100,22.72100,-0.21000,-0.20000,1.85700,0.37020,0.81270,70.58820,-1.34000,-1.34000,-15.12000,-20.01580,0.26300,0.86910,2.08550,43.15540,-10.35950,-15.59090,-4.05880,-6.52410,1.00590,0.1571,0.1569
2020-06-30,18.57200,5.21700,13.35500,0.05200,-8.95400,12.65400,0.70100,-3.19300,-2.49200,0.03600,-2.52800,-2.52800,-2.52800,4.34900,0.70100,21.06500,21.06500,-0.12000,-0.12000,2.22450,0.31500,0.67550,71.90930,3.77450,3.77450,-13.41810,-13.61190,0.26480,0.86510,2.04630,43.98100,-7.64550,-9.24440,-3.60390,-5.23750,0.29560,0.2271,0.2303
2020-03-31,17.86100,4.76300,13.09800,0.06800,-8.95000,12.40200,0.69600,2.41500,3.11100,0.03300,3.07800,3.07800,3.07800,4.01300,0.69600,20.91400,22.12400,0.15000,0.14000,1.29020,0.48360,1.35450,73.33300,3.89680,3.89680,17.41780,17.23310,0.37060,0.81900,1.59370,56.47110,19.47250,32.30150,6.38630,10.05590,0.18890,0.1905,0.1941
2019-12-31,17.25100,4.37900,12.87200,6.01600,-3.71200,13.35700,-0.48500,-1.01000,-1.32800,,-1.32800,-1.32800,-1.32800,3.14400,-0.48500,83.58900,83.58900,-0.02000,-0.02000,1.16000,0.54090,1.80920,74.61600,-2.81140,-2.81140,-7.69810,-7.69810,0.37580,0.91560,1.93310,46.55830,-10.37390,-19.69520,-2.89300,-4.76240,0.15310,0.04300,0.04350
2019-09-30,12.30880,3.56370,8.74510,7.40590,5.80730,4.57090,4.17420,-2.87320,2.88420,0.10220,2.78200,2.78200,4.10390,7.47590,4.17420,82.86000,82.86000,0.04900,0.04200,1.62280,0.47100,1.33560,71.04730,33.91200,33.91200,23.43180,33.34080,0.29620,0.99860,1.31900,68.23520,19.28850,25.72650,6.69550,10.20430,0.17250,0.1183,0.1112
2019-06-30,15.78520,4.73560,11.04960,8.49900,-7.88100,18.98590,-7.93630,-1.41240,-9.34870,0.02170,-9.37040,-9.37040,-9.37040,-5.36340,-7.93630,83.52900,89.09300,-0.11200,-0.10500,1.42110,0.51820,1.61320,69.99950,-50.27690,-50.27690,-59.22450,-59.36180,0.40950,0.99420,1.32500,67.92500,-80.21370,-122.67880,-24.30840,-38.64580,0.13990,-0.0526,-0.0552
2019-03-31,16.48300,4.78100,11.70200,8.84810,-0.12410,11.33110,0.37080,-0.64690,-0.27610,0.12260,-0.39870,-0.39870,-0.39870,2.71720,0.37080,82.17600,87.62500,-0.00500,-0.00500,1.57310,0.41180,1.37610,70.99440,2.24980,2.24980,-1.67480,-2.41870,0.31280,0.83750,1.27390,70.64710,-2.16370,-2.84200,-0.75660,-1.27260,0.22060,0.0135,0.0093
2018-12-31,16.40740,4.64020,11.76720,8.87360,-0.00300,11.46100,0.30620,-0.24800,0.05820,-0.04390,0.10210,0.10210,0.10210,2.89060,0.30620,80.85300,85.79000,0.00100,0.00100,1.55480,0.30990,0.75270,71.71890,1.86640,1.86640,0.35480,0.62210,0.38790,0.92080,1.45020,62.05850,0.52580,0.68970,0.24130,0.36290,0.23240,0.02180,0.02120
2018-06-30,15.27200,4.59960,10.67240,8.18980,-0.00620,11.44550,-0.77310,-0.34470,-1.11770,,-1.11770,-1.11770,-1.11770,-0.77310,-0.77310,379.09600,422.79600,-0.00300,-0.00300,1.19040,0.36920,1.03780,69.88230,-5.06190,-5.06190,-7.31890,-7.31890,0.41550,1.02010,2.02220,44.50700,-7.91510,-11.20600,-3.04090,-4.99310,0.03730,0.017,-0.0022
