Date,revenue,cost-goods-sold,gross-profit,research-development-expenses,selling-general-administrative-expenses,other-operating-income-expenses,operating-expenses,operating-income,total-non-operating-income-expense,pre-tax-income,total-provision-income-taxes,income-after-taxes,income-from-continuous-operations,income-from-discontinued-operations,net-income,ebitda,ebit,basic-shares-outstanding,shares-outstanding,eps-basic-net-earnings-per-share,eps-earnings-per-share-diluted,current-ratio,long-term-debt-capital,debt-equity-ratio,gross-margin,operating-margin,ebit-margin,pre-tax-profit-margin,net-profit-margin,asset-turnover,receiveable-turnover,days-sales-in-receivables,roe,return-on-tangible-equity,roa,roi,book-value-per-share,operating-cash-flow-per-share,free-cash-flow-per-share
2024-03-31,165.50800,83.25600,82.25200,34.86200,55.62100,-1.12600,96.43700,-14.18500,1.89700,-12.28800,1.55500,-13.84300,-13.84300,,-13.84300,9.87400,-14.18500,59.44600,59.44600,-0.23000,-0.23000,2.37990,0.51360,1.05590,49.69670,-8.57060,-8.57060,-7.42440,-8.36390,0.13470,3.04850,29.52290,-2.97720,8.48500,-1.12690,-1.44810,7.73680,0.22600,0.10130
2023-12-31,162.11800,80.72500,81.39310,34.27100,56.83700,-3.39900,99.41000,-18.01690,1.99700,-16.02000,2.05900,-18.07900,-18.07900,,-18.07900,6.68510,-18.01700,58.35400,58.35400,-0.30000,-0.30000,2.23410,0.52240,1.09360,50.20600,-11.11350,-11.11350,-9.88170,-11.15180,0.13490,3.77910,23.81540,-4.03120,9.72190,-1.50480,-1.92550,7.59730,0.6282,0.5115
2023-09-30,154.96700,80.83400,74.13300,34.54200,54.20700,-3.30600,97.30500,-23.17200,1.01100,-22.16100,1.00600,-23.16700,-23.16700,,-23.16700,1.33600,-23.17200,58.49200,58.49200,-0.40000,-0.40000,2.25280,0.52630,1.11100,47.83790,-14.95290,-14.95290,-14.30050,-14.94960,0.13140,3.48620,25.81580,-5.25300,11.57220,-1.96460,-2.48840,7.52160,0.2854,0.1587
2023-06-30,154.53100,80.70300,73.82800,34.09600,55.82800,-2.32100,97.49700,-23.66900,0.52600,-23.14300,0.47900,-23.62200,-23.62200,,-23.62200,0.45500,-23.66900,58.28600,58.28600,-0.41000,-0.41000,2.24510,0.52580,1.10890,47.77550,-15.31670,-15.31670,-14.97630,-15.28630,0.13180,3.99600,22.52230,-5.35150,11.45850,-2.01430,-2.53760,7.55230,0.2237,0.0644
2023-03-31,153.00800,79.71100,73.29700,34.42500,52.83600,-1.97300,94.49600,-21.19900,20.70100,-0.49800,0.01800,-0.51600,-0.51600,,-0.51600,1.93400,-21.19900,57.88500,57.88500,-0.01000,-0.01000,2.12050,0.52690,1.11360,47.90400,-13.85480,-13.85480,-0.32550,-0.33720,0.12920,3.84340,23.41700,-0.11750,0.24140,-0.04360,-0.05560,7.54500,0.06730,-0.05510
2022-12-31,146.54200,80.34000,66.20200,34.04100,52.20100,-7.47100,98.69500,-32.49300,0.81100,-31.67600,0.73500,-32.41100,-32.41100,,-32.41100,-9.96500,-32.49300,57.30000,57.30000,-0.57000,-0.57000,2.76540,0.61090,1.59580,45.17610,-22.17320,-22.17320,-21.61570,-22.11720,0.10860,3.13560,28.70270,-7.73490,13.53130,-2.40130,-3.00990,7.25770,0.7654,0.6697
2022-09-30,144.75100,77.89500,66.85600,33.09900,50.58000,-5.84600,93.94700,-27.09100,-0.23100,-27.32200,0.46900,-27.79100,-27.79100,,-27.79100,-5.25400,-27.09100,57.36200,57.36200,-0.48000,-0.48000,3.00370,0.60430,1.55230,46.18690,-18.71560,-18.71560,-18.87520,-19.19920,0.10860,2.75200,32.70320,-6.45780,12.15060,-2.08420,-2.55560,7.48200,0.1141,-0.06
2022-06-30,140.30900,77.42100,62.88800,31.83200,49.76200,-0.65600,86.67200,-23.78400,-1.09800,-24.88200,0.34000,-25.22200,-25.22200,,-25.22200,-2.43200,-23.78400,57.23400,57.23400,-0.44000,-0.44000,3.09570,0.59820,1.51350,44.82110,-16.95120,-16.95120,-17.73370,-17.97600,0.10440,3.04590,29.54800,-5.72010,11.31910,-1.87710,-2.29830,7.69350,-0.1625,-0.2742
2022-03-31,134.07100,73.67200,60.39900,31.13100,45.83400,-0.40500,81.79200,-21.39300,-0.79600,-22.19500,1.36400,-23.55900,-23.55900,,-23.55900,0.23600,-21.39300,57.01500,57.01500,-0.41000,-0.41000,2.97700,0.59510,1.49410,45.05000,-15.95650,-15.95650,-16.55470,-17.57200,0.09830,3.66300,24.56970,-5.28010,10.56510,-1.72710,-2.13780,7.80050,-0.07900,-0.22200
2021-12-31,131.89100,72.40700,59.48400,29.96500,42.52200,-0.12800,77.05100,-17.56690,-7.08000,-24.64700,0.73400,-25.38100,-25.38100,,-25.38100,11.06810,-17.56690,56.39400,56.39400,-0.45000,-0.45000,3.10320,0.49170,0.96720,45.10090,-13.31930,-13.31930,-18.68740,-19.24390,0.09520,2.80740,32.05760,-4.45050,24.16460,-1.83250,-2.26230,10.01790,0.6996,0.5983
2021-09-30,126.73600,69.72600,57.01000,30.76300,43.01600,-1.72000,79.98200,-22.97200,-8.01500,-30.98700,0.59600,-31.58300,-31.58300,,-31.58300,4.03200,-22.97200,56.55900,56.55900,-0.56000,-0.56000,3.07480,0.48360,0.93640,44.98330,-18.12590,-18.12590,-24.45000,-24.92030,0.09190,2.36890,37.99170,-5.42920,30.93340,-2.28920,-2.80380,10.23880,-0.2549,-0.3119
2021-06-30,123.57300,68.23300,55.34000,29.42900,39.29100,-2.00000,75.28300,-19.94300,-10.00600,-29.94900,0.17800,-30.12700,-30.12700,,-30.12700,6.64400,-19.94300,56.36000,56.36000,-0.53000,-0.53000,3.23690,0.47380,0.90030,44.78330,-16.13870,-16.13870,-24.23590,-24.37990,0.08930,3.19380,28.17990,-5.04220,31.65560,-2.17740,-2.65340,10.58190,0.2048,0.033
2021-03-31,116.52000,63.31900,53.20100,26.79500,38.65000,-0.85000,70.71400,-17.51300,-8.00700,-25.52000,0.13500,-25.65500,-25.65500,,-25.65500,8.56900,-17.51300,55.79800,55.79800,-0.46000,-0.46000,4.02170,0.47140,0.89180,45.65830,-15.03010,-15.03010,-21.90180,-22.01770,0.08200,3.23090,27.85580,-4.05310,491.00710,-1.80610,-2.14240,11.24690,-0.09820,-0.22240
2020-12-31,108.98600,64.47600,44.51000,25.21300,34.78700,-0.54500,64.98600,-20.47590,-16.55000,-37.02600,0.79500,-37.82100,-37.82100,,-37.82100,8.11610,-20.47600,52.01900,52.01900,-0.69000,-0.69000,4.22570,0.46420,0.86650,40.84010,-18.78770,-18.78770,-33.97320,-34.70260,0.07690,2.99170,30.08370,-5.87860,1003.48100,-2.66970,-3.14960,11.57920,0.3538,0.2004
2020-09-30,103.80400,57.36600,46.43800,23.56800,35.96600,-2.28600,66.28500,-19.84700,-6.75700,-26.60400,0.11600,-26.72000,-26.72000,,-26.72000,4.13800,-19.84700,53.57400,53.57400,-0.50000,-0.50000,3.31320,0.40930,0.69290,44.73620,-19.11970,-19.11970,-25.62910,-25.74080,0.08020,2.46420,36.52320,-4.19300,138.04490,-2.06570,-2.47680,11.82910,0.1208,0.0961
2020-06-30,97.58100,53.20300,44.37800,23.64200,33.51300,-15.03900,76.68500,-32.30700,-6.59900,-38.90600,0.06500,-38.97100,-38.97100,,-38.97100,-8.81100,-32.30700,51.24100,51.24100,-0.76000,-0.76000,3.87620,0.40230,0.67320,45.47810,-33.10790,-33.10790,-39.87050,-39.93710,0.07610,2.90550,30.97580,-6.01880,207.64590,-3.04090,-3.59720,12.11780,-0.2059,-0.4005
2020-03-31,92.38000,53.10700,39.27300,24.95800,38.99400,1.96700,66.47600,-27.20300,-6.46500,-33.66800,0.44000,-34.10800,-34.10800,,-34.10800,-4.84000,-27.20300,48.58100,48.58100,-0.70000,-0.70000,1.27240,0.54380,1.19220,42.51250,-29.44690,-29.44690,-36.44510,-36.92140,0.09210,3.47530,25.89720,-9.45060,10.81550,-3.40230,-4.31100,7.37110,-0.32520,-0.42670
2019-12-31,86.84000,44.80200,42.03800,19.88100,31.95800,-8.75000,63.89600,-21.85800,-5.98800,-27.84600,-12.18000,-15.66600,-15.66600,,-15.66600,-1.59000,-21.85800,46.19800,46.19800,-0.31000,-0.31000,1.40140,0.52820,1.11960,48.40850,-25.17040,-25.17040,-32.06590,-18.04010,0.08600,3.86950,23.25860,-4.12900,5.11170,-1.55200,-1.94800,7.84140,0.0401,-0.0024
2019-09-30,79.70200,40.44700,39.25500,19.61700,29.11800,-3.00200,52.64900,-13.39400,-5.20600,-18.60000,-0.03100,-18.56900,-18.56900,,-18.56900,1.47200,-13.39400,47.78200,47.78200,-0.39000,-0.39000,5.92910,0.52340,1.09820,49.25220,-16.80510,-16.80510,-23.33690,-23.29800,0.08150,3.27330,27.49500,-4.86300,-8.44750,-1.89930,-2.31770,7.93680,0.3875,0.3676
2019-06-30,77.64600,40.05200,37.59400,19.11800,29.94500,-1.97700,51.94500,-14.35100,-3.21700,-17.56800,-0.23700,-17.33100,-17.33100,,-17.33100,-0.29000,-14.35100,44.97800,44.97800,-0.39000,-0.39000,6.72010,0.51750,1.07260,48.41720,-18.48260,-18.48260,-22.62580,-22.32050,0.08160,2.92000,30.82180,-4.49150,-7.84950,-1.82090,-2.16700,8.11150,-0.1666,-0.2814
2019-03-31,71.29600,37.18400,34.11200,17.65700,29.66500,-2.71800,51.25500,-17.14300,-2.20700,-19.35000,-0.03900,-19.31100,-19.31100,,-19.31100,-7.39400,-17.14300,43.77300,43.77300,-0.44000,-0.44000,2.08290,0.54870,1.21570,47.84560,-24.04480,-24.04480,-27.14040,-27.08570,0.14540,3.64700,24.67750,-12.67180,122.85910,-3.93780,-5.71910,3.45440,-0.24870,-0.37540
2018-12-31,67.17700,35.43500,31.74200,15.51700,26.24200,-1.82000,44.43600,-12.69400,-2.34500,-15.03900,-3.17600,-11.86300,-11.86300,,-11.86300,-2.58900,-12.69400,42.79700,42.79700,-0.28000,-0.28000,2.96290,0.53490,1.14990,47.25130,-18.89640,-18.89640,-22.38710,-17.65930,0.14490,3.41550,26.35010,-7.46570,96.42360,-2.55820,-3.47250,3.64990,0.1972,0.1698
2018-09-30,60.54100,30.14000,30.40100,12.90400,22.70400,-1.81100,37.67000,-7.26900,-1.87700,-9.14600,-0.28700,-8.85900,-8.85900,,-8.85900,0.89200,-7.26900,42.99300,42.99300,-0.21000,-0.21000,5.62360,0.52960,1.12580,50.21560,-12.00670,-12.00670,-15.10710,-14.63310,0.13910,2.61840,34.37160,-5.53730,-6.35540,-2.03610,-2.60470,3.69170,0.4098,0.3885
2018-06-30,58.57400,29.30300,29.27100,11.75600,22.90600,-0.91600,35.94600,-6.67500,-2.10500,-8.78000,-0.15300,-8.62700,-8.62700,,-8.62700,1.42400,-6.67500,42.60500,42.60500,-0.20000,-0.20000,5.99750,0.52870,1.12160,49.97270,-11.39580,-11.39580,-14.98960,-14.72840,0.13990,2.16970,41.47980,-5.44960,-6.32710,-2.06010,-2.56860,3.69440,-0.3312,-0.465
2018-03-31,54.80800,26.97700,27.83100,11.15700,21.26200,-0.25600,33.04300,-5.21200,-1.02300,-6.23500,-0.18700,-6.04800,-6.04800,,-6.04800,2.16200,-5.21200,42.17000,42.17000,-0.14000,-0.14000,5.34820,0.53080,1.13120,50.77910,-9.50960,-9.50960,-11.37610,-11.03490,0.12990,3.24370,27.74650,-3.90560,-4.60190,-1.43370,-1.83260,3.65190,-0.16840,-0.29640
2017-12-31,51.70300,26.57200,25.13100,10.67300,20.15500,-0.26300,31.45900,-6.32800,0.13700,-6.19100,-0.67000,-5.52100,-5.52100,,-5.52100,-0.44600,-6.32800,41.21800,41.21800,-0.13000,-0.13000,1.92570,,,48.60650,-12.23920,-12.23910,-11.97420,-10.67830,0.24290,3.91600,22.98260,-5.17810,-6.75670,-2.59430,-5.17810,2.54060,0.1973,0.1734
2017-09-30,50.11600,25.81300,24.30300,10.09200,19.50000,-0.27000,30.23100,-5.92800,0.14900,-5.77900,0.00300,-5.78200,-5.78200,,-5.78200,0.01800,-5.92800,41.38600,41.38600,-0.14000,-0.14000,1.95530,,,48.49350,-11.82860,-11.82860,-11.53130,-11.53720,0.24390,3.17830,28.31670,-5.63340,-7.58310,-2.81410,-5.63340,2.46420,0.2824,0.1882
2017-06-30,47.62500,24.32800,23.29700,9.92200,20.36400,-0.35100,31.01000,-7.71300,0.10900,-7.60400,0.21700,-7.82100,-7.82100,,-7.82100,-2.13000,-7.71300,41.06400,41.06400,-0.19000,-0.19000,2.16020,,,48.91760,-16.19530,-16.19530,-15.96640,-16.42210,0.24630,3.17250,28.36910,-7.79400,-10.75010,-4.04400,-7.79400,2.43410,0.0127,-0.0465
2017-03-31,44.53400,22.77200,21.76200,9.65100,18.33000,-0.34800,28.70000,-6.93800,0.03400,-6.90400,0.13600,-7.04000,-7.04000,,-7.04000,-1.60100,-6.93800,40.63000,40.63000,-0.17000,-0.17000,2.12420,,,48.86600,-15.57910,-15.57910,-15.50280,-15.80820,0.23240,5.27090,17.07480,-7.01330,-9.83280,-3.67460,-7.01330,2.45250,-0.26260,-0.40760
2016-12-31,42.15500,21.14600,21.00900,8.50800,17.96300,-1.51400,28.35100,-7.34200,-0.07400,-7.41600,0.09700,-7.51300,-7.51300,,-7.51300,-2.08600,-7.34200,39.64900,39.64900,-0.18000,-0.18000,2.12240,,,49.83750,-17.41670,-17.41670,-17.59220,-17.82230,0.20970,3.44400,26.13210,-7.49540,-10.41290,-3.73820,-7.49540,2.47950,0.1204,0.079
2016-09-30,38.30500,19.59900,18.70600,8.21900,17.60400,-1.83500,28.02600,-9.32000,-0.06400,-9.38400,0.09700,-9.48100,-9.48100,,-9.48100,-4.39300,-9.32000,39.87000,39.87000,-0.24000,-0.24000,2.10680,,,48.83440,-24.33100,-24.33100,-24.49810,-24.75130,0.18660,2.35780,38.17100,-9.24990,-12.81370,-4.61850,-9.24990,2.55520,0.0258,-0.1107
2016-06-30,36.00500,18.87000,17.13500,7.83000,17.04800,-1.50900,26.75500,-9.62000,-0.08500,-9.70500,0.00300,-9.70800,-9.70800,,-9.70800,-4.97700,-9.62000,39.43400,39.43400,-0.25000,-0.25000,2.36720,,,47.59060,-26.71850,-26.71850,-26.95460,-26.96290,0.17980,3.40440,26.43630,-9.08550,-12.45880,-4.84810,-9.08550,2.69060,-0.0654,-0.2109
2016-03-31,33.75900,17.81400,15.94500,7.90300,15.62800,-1.48200,25.38100,-9.43600,0.01400,-9.42200,0.23000,-9.65200,-9.65200,,-9.65200,-4.74700,-9.43600,39.02400,39.02400,-0.25000,-0.25000,2.63960,,0.00070,47.23190,-27.95110,-27.95110,-27.90960,-28.59090,0.16580,3.86480,23.28710,-8.63540,-11.72710,-4.74090,-8.63540,2.85170,0.00480,-0.10160
2015-12-31,30.40800,16.58300,13.82500,6.60700,13.70500,-1.48700,22.14800,-8.32300,0.00000,-8.32300,0.09700,-8.42000,-8.42000,,-8.42000,-4.53000,-8.32300,37.27500,37.27500,-0.22000,-0.22000,2.91550,,0.00140,45.46500,-27.37110,-27.37110,-27.37110,-27.69010,0.14870,3.37530,26.66440,-7.13720,-9.57840,-4.11800,-7.13720,3.03360,0.1347,0.0305
2015-09-30,28.01800,15.13500,12.88300,5.97900,12.62100,-1.00600,19.83300,-6.95000,0.01300,-6.93700,0.07900,-7.01600,-7.01600,,-7.01600,-3.30300,-6.95000,37.43800,37.43800,-0.19000,-0.19000,3.59150,,0.00210,45.98120,-24.80550,-24.80550,-24.75910,-25.04100,0.14100,3.11800,28.86500,-5.68650,-6.78940,-3.53070,-5.68650,3.18700,0.0012,-0.0319
2015-06-30,26.28400,14.13800,12.14600,4.79700,12.33100,,17.12800,-4.98200,0.01200,-4.97000,0.01200,-4.98200,-4.98200,,-4.98200,-2.59600,-4.98200,37.23200,37.23200,-0.13000,-0.13000,4.17030,0.00000,0.00320,46.21060,-18.95450,-18.95450,-18.90880,-18.95450,0.15490,3.76180,23.92440,-4.68740,-4.68740,-2.93590,-4.68730,2.84880,0.0831,0.033
2015-03-31,24.15700,13.27200,10.88500,4.15100,11.31900,,15.47000,-4.58500,-0.02800,-4.61300,0.03200,-4.64500,-4.64500,,-4.64500,-2.14200,-4.58500,35.63300,35.63300,-0.13000,-0.13000,3.86600,0.00100,0.00410,45.05940,-18.98000,-18.98000,-19.09590,-19.22840,0.14120,3.34350,26.91770,-4.25280,-4.25280,-2.71570,-4.24870,2.93710,-0.07420,-0.08640
2014-12-31,22.14800,12.86900,9.27900,3.40800,10.52700,,13.93500,-4.65600,-0.08400,-4.74000,0.02000,-4.76000,-4.76000,,-4.76000,-2.44100,-4.65600,29.25700,29.25700,0.00000,0.00000,3.22560,0.00210,0.00730,41.89540,-21.02220,-21.02220,-21.40150,-21.49180,0.16190,4.42340,20.34630,-6.02990,-6.02990,-3.47940,-6.01720,2.27520,-0.0561,-0.1165
2014-09-30,20.98900,12.14300,8.84600,3.15500,10.21600,,13.37100,-4.52500,-0.08200,-4.60700,0.01800,-4.62500,-4.62500,,-4.62500,-2.21700,-4.52500,34.17100,34.17100,-0.14000,-0.14000,3.77060,0.00370,0.00930,42.14590,-21.55890,-21.55890,-21.94960,-22.03540,0.15750,3.22660,27.89320,-5.69110,-5.69110,-3.46970,-5.66980,2.37660,-0.0038,-0.0431
2014-06-30,19.15800,10.83000,8.32800,2.78700,10.09000,,12.87700,-4.54900,-0.11900,-4.66800,0.01500,-4.68300,-4.68300,,-4.68300,-2.43100,-4.54900,34.06800,34.06800,-0.14000,-0.14000,4.57470,0.02760,0.03440,43.47010,-23.74470,-23.74470,-24.36580,-24.44410,0.14350,3.50370,25.68740,-5.52470,-5.52470,-3.50730,-5.37230,2.48630,0.198,0.2554
2014-03-31,16.83400,10.21200,6.62200,2.73600,9.22700,,11.96300,-5.34100,-0.20700,-5.54800,0.01800,-5.56600,-5.56600,,-5.56600,-3.35100,-5.34100,14.10700,14.10700,-0.39000,-0.39000,4.10200,0.08320,0.09920,39.33710,-31.72750,-31.72750,-32.95710,-33.06400,0.13410,2.93530,30.66120,-7.46300,-7.46300,-4.43370,-6.84230,2.26640,-0.31880,-0.44860
2013-12-31,15.66900,10.87900,4.79000,2.76900,8.35300,,11.12200,-6.33200,-0.16200,-6.47700,0.02200,-6.49900,-6.49900,0.00000,-6.49900,-4.60400,-6.33200,12.07800,12.07800,-0.54000,-0.54000,1.16030,0.54470,1.32100,30.70390,-40.41100,-40.41100,-41.33640,-41.47680,0.25640,1.72890,52.05630,17.07750,-113.30200,-10.63530,-51.58350,0.69210,-0.1081,-0.1952
2013-09-30,14.32500,9.16700,5.15800,2.25900,7.80600,-0.08800,10.15300,-4.99500,-0.17000,-5.16500,0.01400,-5.17900,-5.17900,,-5.17900,-3.44000,-4.99500,12.04500,12.04500,-0.43000,-0.43000,,,,36.00700,-34.86910,-34.86910,-36.05590,-36.15360,,,,,,,,,-0.117,-0.3245
2013-06-30,14.04400,8.40800,5.63600,2.15200,6.91400,-0.14800,9.21400,-3.57800,-0.11600,-3.69400,0.01400,-3.70800,-3.70800,,-3.70800,-2.23800,-3.57800,11.90100,11.90100,-0.31000,-0.31000,,,,40.13100,-25.47710,-25.47710,-26.30310,-26.40270,,,,,,,,,0.2432,-0.162
2013-03-31,12.83400,7.80700,5.02700,1.86600,5.39500,,7.26100,-2.23400,-0.05100,-2.28500,0.00500,-2.29000,-2.29000,-0.19900,-2.48900,-0.98100,-2.23400,11.42900,11.42900,-0.22000,-0.22000,,,,39.16940,-17.40690,-17.40690,-17.80430,-19.39380,,,,,,,,,-0.14290,-0.36520
2012-12-31,,,,,,,,,,,,,,,,,,,,,0.00000,,,,,,,,,,,,,,,,,0,0
2011-12-31,,,,,,,,,,,,,,,,,,,,,0.00000,,,,,,,,,,,,,,,,,0,0
