Date,revenue,cost-goods-sold,gross-profit,selling-general-administrative-expenses,other-operating-income-expenses,operating-expenses,operating-income,total-non-operating-income-expense,pre-tax-income,total-provision-income-taxes,income-after-taxes,income-from-continuous-operations,net-income,ebitda,ebit,basic-shares-outstanding,shares-outstanding,eps-basic-net-earnings-per-share,eps-earnings-per-share-diluted,current-ratio,long-term-debt-capital,debt-equity-ratio,gross-margin,operating-margin,ebit-margin,pre-tax-profit-margin,net-profit-margin,asset-turnover,inventory-turnover,receiveable-turnover,days-sales-in-receivables,roe,return-on-tangible-equity,roa,roi,book-value-per-share,operating-cash-flow-per-share,free-cash-flow-per-share
2023-09-30,1019.80000,546.80000,473.00000,203.50000,-22.60000,327.19990,145.80000,-59.50000,86.30000,23.10000,63.20000,63.20000,54.70000,281.90000,145.80000,182.14870,183.60160,0.30000,0.30000,1.30760,0.38540,0.63630,46.38170,14.29690,14.29690,8.46240,5.36380,0.08490,3.14430,1.07130,84.00760,1.28610,-2.48140,0.52610,0.79050,26.96370,0.8528,0.5226
2023-06-30,1106.50000,579.20000,527.30000,194.50000,-43.60000,347.70000,179.60000,-60.20000,119.40000,32.60000,86.80000,86.80000,77.40000,322.10000,179.60000,181.86000,182.81040,0.43000,0.42000,1.32400,0.38680,0.63810,47.65480,16.23140,16.23140,10.79080,6.99500,0.09290,3.21960,1.17860,76.35970,1.76350,-3.44760,0.72870,1.08140,27.04690,0.7486,0.5977
2023-03-31,512.40000,227.90000,284.50000,148.20000,-125.00000,309.40000,-24.90000,-12.60000,-37.50000,-9.30000,-28.20000,-28.20000,-34.20000,16.30000,-24.90000,120.48700,120.48700,-0.28000,-0.28000,1.30270,0.39110,0.66700,55.52300,-4.85950,-4.85950,-7.31850,-6.67450,0.04320,1.09940,0.63300,142.18380,-0.57980,1.09480,-0.23760,-0.35300,26.75530,-0.47560,-0.65900
2022-12-31,443.90800,196.10100,247.80700,135.83300,-20.87400,181.06190,66.74510,-7.65700,59.08800,13.73000,45.35800,45.35800,45.25700,96.57310,66.74500,110.78100,111.88600,0.41000,0.40000,1.21110,0.30910,0.47330,55.82400,15.03580,15.03580,13.31090,10.19510,0.15500,1.90200,2.38920,37.67000,3.51560,243.86050,1.58390,2.42920,11.63500,1.7867,1.7427
2022-09-30,411.50000,188.80000,222.70000,133.20000,-1.70000,159.20000,63.50000,-5.90000,57.60000,14.70000,42.90000,42.90000,42.90000,93.10000,63.50000,110.83820,112.20950,0.39000,0.38000,1.26810,0.33810,0.51560,54.11910,15.43140,15.43140,13.99760,10.42530,0.14580,1.86370,1.32760,67.79400,3.46190,-139.29430,1.51990,2.29140,11.17700,0.5794,0.3795
2022-06-30,484.50000,221.20000,263.30000,144.30000,-3.10000,171.70000,91.60000,-16.60000,75.00000,21.60000,53.40000,53.40000,53.40000,121.00000,91.60000,110.76030,111.70510,0.48000,0.48000,1.25730,0.33960,0.52490,54.34470,18.90610,18.90610,15.47990,11.02170,0.16740,1.77010,1.59370,56.47120,4.29230,-154.87300,1.84520,2.83460,11.22900,0.1147,0.0953
2022-03-31,393.90000,170.60000,223.30000,126.60000,160.20000,-9.40000,232.70000,-18.40000,214.30000,36.20000,178.10000,178.10000,178.10000,260.40000,232.70000,110.64800,111.65600,1.61000,1.60000,1.21030,0.56300,1.30910,56.68950,59.07590,59.07590,54.40470,45.21450,0.10190,2.16250,1.28060,70.28090,14.53440,-277.39720,4.60510,6.35210,11.06570,1.65780,3.11490
2021-12-31,359.37300,144.14100,215.23200,125.89600,-13.85000,162.72300,52.50900,-11.09500,41.41400,10.83700,30.57700,30.57700,30.59500,78.86000,52.50900,110.31600,111.40700,0.28000,0.27000,1.29540,0.61820,1.62790,59.89100,14.61130,14.61130,11.52400,8.51340,0.10000,1.40630,2.15980,41.67110,2.85480,-13.46010,0.85100,1.09010,9.68250,0.1205,0.0972
2021-09-30,329.68200,138.10100,191.58100,106.50800,-9.54700,137.96200,53.61900,-8.20500,45.41400,13.05700,32.35700,32.35700,32.33600,78.70400,53.61900,110.41000,111.39100,0.29000,0.29000,1.21000,0.37320,0.61390,58.11080,16.26390,16.26390,13.77510,9.80820,0.12800,2.15110,1.26290,71.26710,3.04580,-53.48370,1.25590,1.90910,9.61690,0.8315,0.8222
2021-06-30,396.36100,172.32400,224.03700,109.56000,-3.02500,134.52000,89.51700,-7.67100,81.84600,21.06500,60.78100,60.78100,60.74900,114.56000,89.51700,110.31160,111.33420,0.55000,0.55000,1.16270,0.37090,0.63280,56.52350,22.58470,22.58470,20.64940,15.32670,0.15200,2.00540,1.43010,62.93260,5.72630,-87.06000,2.33150,3.60240,9.61730,0.2748,0.2498
2021-03-31,331.55500,148.61300,182.94200,114.23900,-3.13100,138.44000,44.50200,-7.94400,36.55800,8.41900,28.13900,28.13900,28.18800,68.74400,44.50200,109.97300,111.26700,0.26000,0.25000,1.07490,0.38260,0.65570,55.17700,13.42220,13.42220,11.02620,8.50180,0.12620,2.05510,1.11660,80.60360,2.78440,-22.24360,1.07130,1.71910,9.16630,1.62390,1.61050
2020-12-31,383.41300,176.59100,206.82210,108.32000,-6.27300,133.92800,72.89400,-7.18500,65.70900,16.78900,48.92000,48.92000,48.85600,95.27500,72.89400,109.05400,110.31100,0.44000,0.43000,1.08200,0.38220,0.65760,53.94240,19.01190,19.01190,17.13790,12.74240,0.16300,2.04680,2.81240,32.00150,4.83210,-37.87580,2.08030,2.98530,9.21400,-0.0683,-0.1072
2020-09-30,331.54200,135.47600,196.06600,110.18600,-0.06000,128.68200,67.38400,-6.45700,60.92700,15.43700,45.49000,45.49000,45.38700,88.69600,67.38400,109.01850,110.36970,0.42000,0.41000,1.34410,0.39220,0.67660,59.13760,20.32440,20.32440,18.37690,13.68970,0.13060,2.18150,0.99240,90.69280,4.71460,63.77390,1.79240,2.86550,8.82110,0.5919,0.5588
2020-06-30,389.05000,182.58200,206.46800,100.63200,0.82100,117.66800,88.80000,-8.02500,80.77500,27.65600,53.11900,53.11900,53.04300,109.63200,88.80000,108.38750,109.32330,0.49000,0.49000,1.25310,0.40450,0.72310,53.06980,22.82480,22.82480,20.76210,13.63400,0.15700,2.89400,1.16530,77.23410,5.87400,541.47830,2.14320,3.49770,8.32460,1.7767,1.8965
2020-03-31,273.25500,120.94000,152.31500,98.38500,-0.55500,118.23300,34.08200,-5.60500,28.47700,5.64800,22.82900,22.82900,22.80900,56.71800,34.08200,109.24900,110.48300,0.21000,0.21000,1.21480,0.42070,0.78530,55.74100,12.47260,12.47260,10.42140,8.34710,0.12270,1.95860,1.07690,83.57710,2.70170,-45.24540,1.02480,1.56520,7.80940,0.03740,0.00880
2019-12-31,332.19400,150.39400,181.80000,95.80000,4.06600,110.31600,71.48400,-7.09600,64.38800,12.82300,51.56500,51.56500,51.57300,93.47900,71.48410,108.52000,109.75900,0.47000,0.47000,1.35580,0.40880,0.71690,54.72710,21.51880,21.51880,19.38270,15.52500,0.14900,2.31530,2.30350,39.07080,5.68530,3975.90900,2.31290,3.36110,8.29530,0.2061,0.1482
2019-09-30,289.79600,138.79200,151.00400,93.69100,0.53900,110.84400,40.16000,-8.12800,32.03200,6.76000,25.27200,25.27200,25.26600,60.87400,40.16000,108.00300,109.38100,0.23000,0.23000,1.22620,0.44320,0.82430,52.10700,13.85800,13.85800,11.05330,8.71850,0.12290,2.61420,1.11280,80.87470,2.99680,-40.55530,1.07180,1.66850,7.79330,1.3674,1.3922
2019-06-30,393.22200,200.08600,193.13600,97.71400,-0.34000,115.16600,77.97000,-8.43800,69.53200,15.40100,54.13100,54.13100,54.03600,97.95100,77.97000,108.70770,109.94280,0.50000,0.49000,1.24310,0.45070,0.85190,49.11630,19.82850,19.82850,17.68260,13.74190,0.16560,2.53820,1.13880,79.02920,6.46810,-71.82220,2.27910,3.55290,7.76080,0.8051,0.7915
2019-03-31,303.42900,156.54400,146.88500,95.18400,-0.99800,113.29700,33.58800,-8.77700,24.81100,6.63900,18.17200,18.17200,18.16400,53.67900,33.58800,108.76550,110.04420,0.17000,0.17000,1.30490,0.45220,0.85460,48.40840,11.06950,11.06950,8.17690,5.98620,0.13670,2.07260,1.32920,67.70860,2.18120,-22.53590,0.81870,1.19490,7.64630,0.65340,0.63030
2018-12-31,355.97200,188.81990,167.15210,95.62400,1.96200,110.82520,56.32690,-8.95200,47.37500,11.91500,35.46000,35.46000,35.48600,73.48990,56.32700,108.06300,109.38800,0.33000,0.32000,1.37140,0.45490,0.87400,46.95650,15.82340,15.82340,13.30860,9.96880,0.17340,1.66660,2.62470,34.28920,4.23840,-44.00440,1.72770,2.31040,7.69800,0.4349,0.4765
2018-09-30,245.34600,107.39400,137.95200,88.32300,-1.71200,106.75800,31.19400,-3.29100,27.90300,4.79100,23.11200,23.11200,23.13800,47.91700,31.19400,108.36500,109.88700,0.21000,0.21000,1.28220,0.47420,0.92900,56.22750,12.71430,12.71430,11.37290,9.43080,0.11310,1.26660,0.95630,94.11400,2.81640,-22.22290,1.06530,1.48070,7.55620,-0.1052,-0.166
2018-06-30,308.53000,124.73500,183.79500,101.25900,-1.20400,119.00000,64.79500,-10.03700,54.75800,9.03100,45.72700,45.72700,45.71700,81.33200,64.79500,107.86400,109.02000,0.42000,0.42000,1.25910,0.48360,0.95320,59.57120,21.00120,21.00120,17.74800,14.81770,0.14570,1.96010,1.52750,58.91900,5.77730,-34.01140,2.15950,2.98330,7.31500,0.3704,0.346
2018-03-31,260.17800,112.44800,147.73000,97.47000,-1.19600,114.85700,32.87300,-10.39700,22.47600,5.26900,17.20700,17.20700,17.13800,49.06400,32.87300,107.35540,108.64390,0.16000,0.16000,1.23400,0.50440,1.03790,56.78040,12.63480,12.63480,8.63870,6.58700,0.12300,3.27360,1.30300,69.06990,2.27170,-9.79350,0.81320,1.12580,7.04800,0.61890,0.60510
2017-12-31,291.75000,137.99100,153.75900,92.98300,-5.09100,113.72100,40.03800,-9.09500,30.94300,-5.89400,36.83700,36.83700,36.75400,55.68500,40.03800,107.04400,108.11300,0.34000,0.34000,1.30900,0.51660,1.10090,52.70230,13.72340,13.72340,10.60600,12.59780,0.14460,3.60870,2.61610,34.40300,4.94620,49.89510,1.82600,2.39090,6.94280,0.4542,0.4428
2017-09-30,227.40100,105.93700,121.46400,85.33500,-4.36100,104.53300,16.93100,-9.96600,6.96500,-3.35800,10.32300,10.32300,10.26100,31.76800,16.93100,107.12060,108.17830,0.10000,0.09000,1.19650,0.52670,1.14830,53.41400,7.44540,7.44540,3.06290,4.51230,0.10680,2.28640,0.97290,92.51000,1.43430,-4.89110,0.48470,0.67890,6.71490,-0.1611,-0.1867
2017-06-30,252.61300,108.01800,144.59500,74.37700,-31.45800,117.70700,26.88800,-5.15000,21.73800,4.02500,17.71300,17.71300,17.63500,38.76000,26.88800,107.00490,108.23870,0.16000,0.16000,1.24070,0.52680,1.15610,57.23970,10.64400,10.64400,8.60530,6.98100,0.12210,3.81730,1.66220,54.14370,2.47200,-8.57670,0.85650,1.16980,6.69180,-0.1764,-0.19
2017-03-31,199.42700,87.74100,111.68600,70.57500,-7.17600,88.08900,23.59700,-5.84900,17.74800,7.31500,10.43300,10.43300,10.37700,33.93500,23.59700,106.85160,107.78890,0.10000,0.10000,1.30120,0.46140,0.89210,56.00350,11.83240,11.83240,8.89950,5.20340,0.11240,4.20460,1.56480,57.51460,1.49860,1.99440,0.58800,0.80710,6.50930,1.24820,1.24490
2016-12-31,146.76900,16.24100,130.52800,74.13400,-5.46500,89.90000,40.62800,-5.64800,34.98000,7.05300,27.92700,27.92700,27.85300,50.92900,40.62800,106.63000,107.45800,0.26000,0.26000,1.49500,0.46130,0.89050,88.93430,27.68160,27.68160,23.83340,18.97740,0.09180,0.57000,2.21840,40.56990,4.01380,5.30990,1.74590,2.16240,6.51360,0.1511,0.1242
2016-09-30,128.87600,14.75000,114.12600,68.29300,-33.35200,111.84100,2.28500,-0.10500,2.18000,7.18000,-5.00000,-5.00000,-5.13700,12.48100,2.28500,106.62240,107.52500,-0.05000,-0.05000,1.29890,0.12710,0.20150,88.55490,1.77300,1.77300,1.69150,-3.98600,0.10010,0.34810,0.64990,138.48340,-0.71650,-0.92800,-0.38840,-0.62550,6.54210,0.1167,0.0633
2016-06-30,158.80500,19.75800,139.04700,73.99200,-1.13600,85.41200,53.63500,0.17300,53.80800,13.21700,40.59100,40.59100,39.71000,63.91900,53.63500,106.24500,106.98000,0.37000,0.37000,1.42180,0.12540,0.17470,87.55830,33.77410,33.77410,33.88310,25.00550,0.11980,0.26640,1.14640,78.50550,5.66600,7.53140,3.06250,4.95540,6.72370,-0.1616,-0.1798
2016-03-31,131.94500,15.31300,116.63200,67.11000,-0.26800,77.45800,39.17400,0.35200,39.52600,9.53200,29.99400,29.99400,29.40600,49.25400,39.17400,106.91730,107.15900,0.28000,0.27000,1.17270,0.07610,0.21250,88.39440,29.68970,29.68970,29.95640,22.28660,0.09880,0.51990,0.94460,95.28290,4.40280,5.94790,2.24590,4.06760,6.43380,1.54610,1.53090
2015-12-31,135.46200,15.36000,120.10200,59.07000,8.16100,69.72000,50.38200,0.17000,50.63000,3.26000,47.37000,46.52900,46.52900,61.01000,50.38200,107.17700,107.42900,0.43000,0.43000,1.48330,0.07160,0.15590,88.67430,37.19270,37.19270,37.37580,34.34840,0.12090,0.26270,2.18820,41.13060,6.57780,8.17510,4.15390,6.10680,6.59850,0.3542,0.378
2015-09-30,109.31800,12.04500,97.27300,58.17000,-0.48400,68.67100,28.60200,0.41100,29.01300,7.76600,21.24700,21.24700,20.82500,38.61900,28.60200,107.13740,107.51790,0.19000,0.19000,1.33710,0.07310,0.15660,88.98170,26.16400,26.16400,26.54000,19.04990,0.09020,0.28200,0.76480,117.68050,3.01640,3.65090,1.75250,2.79600,,0.2288,0.1616
2015-06-30,155.47700,17.02700,138.45000,65.23900,0.35300,75.65500,62.79500,0.46300,63.25800,17.41200,45.84600,45.84600,45.08300,73.56400,62.79500,106.50690,106.97810,0.42000,0.42000,1.29790,0.07460,0.16770,89.04850,40.38860,40.38860,40.68640,28.99660,0.12560,0.49430,1.14300,78.74280,6.46270,7.86350,3.70400,5.98050,,0.2222,0.2392
2015-03-31,115.61800,11.60900,104.00900,63.75600,3.38200,70.99000,33.01900,0.52400,33.54300,9.43300,24.11000,24.11000,23.77700,43.63500,33.01900,107.48490,107.80790,0.22000,0.22000,1.27520,0.13860,0.17260,89.95920,28.55870,28.55870,29.01190,20.56510,0.09940,0.41610,0.90890,99.01570,3.72790,4.62610,2.07250,3.21120,,1.02250,0.99880
2014-12-31,138.45700,17.52000,120.93700,37.74000,,82.27000,38.66700,3.74000,42.44000,13.15000,29.29000,29.28400,29.28400,50.21700,38.66700,107.45700,107.82400,0.27000,0.27000,1.55290,0.13810,0.17150,87.36290,27.92710,27.92710,30.65210,21.15030,0.12350,0.40980,1.74620,51.54020,4.42200,5.19140,2.61110,3.64790,6.42530,0.5468,0.816
2014-09-30,102.21700,12.45000,89.76700,69.96000,,69.96000,19.80700,-3.90000,15.89000,6.28000,9.61000,9.34200,9.34200,31.21700,19.80700,107.33900,107.66300,0.09000,0.09000,1.30380,0.13940,0.22530,87.81320,19.37740,19.37740,15.54540,9.13940,0.08130,0.17660,0.55710,161.54160,1.32850,1.62100,0.74300,1.14330,,-0.1516,-0.2188
2014-06-30,141.83500,17.61000,124.22500,72.49000,,72.49000,51.73500,0.01000,51.73000,12.59000,39.14000,38.60700,38.60700,62.71500,51.73500,107.22500,107.54800,0.36000,0.36000,1.28790,0.13910,0.22460,87.57360,36.47550,36.47550,36.47200,27.21970,0.10920,0.33250,0.91580,98.27120,5.28330,6.38430,2.97310,4.54860,,0.0054,-0.0534
2014-03-31,98.58800,10.30000,88.28800,70.56000,,70.56000,17.72800,1.26000,18.97000,4.45000,14.52000,14.25700,14.25700,28.31800,17.72800,107.04700,107.30200,0.13000,0.13000,1.18930,0.14170,0.21890,89.54440,17.98190,17.98190,19.24170,14.46120,0.07700,0.20410,0.68270,131.83040,2.04680,2.48570,1.11340,1.75670,,0.98570,0.92910
2013-12-31,131.22300,17.19000,114.03300,22.44000,,65.72000,48.31300,-0.92000,47.42000,13.48000,33.94000,33.74500,33.74500,59.74300,48.31300,106.89400,107.13900,0.32000,0.31000,1.38160,0.17490,0.26150,86.89790,36.81750,36.81750,36.13700,25.71580,0.11290,0.32800,1.52820,58.89440,4.85860,5.88350,2.90330,4.00880,,0.6972,0.7217
2013-09-30,105.80000,11.90000,93.90000,68.50000,,68.50000,25.40000,0.24000,25.63000,9.20000,16.43000,16.42600,16.42600,36.22000,25.40000,106.82300,107.04200,0.15000,0.15000,1.22570,0.18250,0.32350,88.75240,24.00760,24.00760,24.22500,15.52550,0.08550,0.21970,0.59470,151.34120,2.43120,2.94610,1.32700,1.98750,,-0.3001,-0.3966
2013-06-30,128.32200,15.55000,112.77200,71.13000,,71.13000,41.64200,-0.38000,41.24000,11.22000,30.02000,30.02800,30.02800,52.35200,41.64200,106.71300,107.00200,0.28000,0.28000,1.15980,0.18320,0.36030,87.88050,32.45120,32.45120,32.13790,23.40050,0.09860,0.31380,0.66370,135.60110,4.53900,5.50080,2.30710,3.70760,,-0.0883,-0.1694
2013-03-31,102.05800,9.36000,92.69800,71.08000,,71.08000,21.61800,-1.14000,20.46000,6.41000,14.05000,14.04600,14.04600,31.93800,21.61800,106.64100,107.02500,0.13000,0.13000,1.25040,0.23280,0.34950,90.82090,21.18210,21.18210,20.04740,13.76280,0.07940,0.27560,0.68340,131.68690,2.15410,2.60650,1.09320,1.65260,,1.45630,1.38940
2012-12-31,117.14000,12.77000,104.37000,60.61000,,71.25000,33.12000,-1.83000,31.31000,9.21000,22.10000,22.10300,22.10300,43.75000,33.12000,106.54600,106.95400,0.21000,0.21000,1.38490,0.23420,0.36590,89.09850,28.27390,28.27390,26.72870,18.86890,0.10340,0.20960,1.54010,58.43780,3.36670,4.04280,1.95170,2.57830,,-0.215,-0.2839
2012-09-30,92.32600,11.29000,81.03600,55.35000,,66.11000,14.92600,-3.69000,11.22000,3.05000,8.17000,8.17100,8.17100,25.69600,14.92600,106.45500,106.83100,0.08000,0.08000,1.19840,0.23810,0.38370,87.76510,16.16660,16.16660,12.15260,8.85020,0.07120,0.37030,0.41250,218.16170,1.26450,1.50710,0.63040,0.96350,,0.4609,0.3241
2012-06-30,127.21300,15.49000,111.72300,57.53000,,67.60000,44.12300,-2.45000,41.66000,10.35000,31.31000,31.30300,31.30300,54.19300,44.12300,106.42300,106.85300,0.29000,0.29000,1.21540,0.23550,0.38060,87.82120,34.68440,34.68440,32.74820,24.60680,0.10080,0.29840,0.61360,146.67370,4.87730,5.82490,2.47940,3.72850,,0.405,0.343
2012-03-31,101.27600,10.13000,91.14600,53.60000,,63.26000,27.88600,-0.05000,27.82000,9.85000,17.97000,17.96900,17.96900,37.54600,27.88600,106.39900,107.02700,0.17000,0.17000,1.17080,0.17750,0.29810,89.99170,27.53470,27.53470,27.46950,17.74260,0.08650,0.12320,0.66360,135.61850,2.85140,3.07710,1.53420,2.34530,,0.60250,0.38080
2011-12-31,113.40300,13.54000,99.86300,60.14000,,70.50000,29.36300,9.07000,38.45000,11.68000,26.77000,26.76700,26.76700,39.71300,29.36300,106.34600,106.72000,0.25000,0.25000,1.33220,0.17810,0.23700,88.06650,25.89260,25.89260,33.90560,23.60340,0.11720,0.27510,1.85970,48.39560,4.33200,4.67990,2.76740,3.56050,,-0.2078,-0.3966
2011-09-30,79.70900,10.29000,69.41900,49.64000,,60.58000,8.83900,1.18000,10.00000,3.47000,6.53000,6.53300,6.53300,19.78900,8.83900,106.32600,106.89900,0.06000,0.06000,1.19480,0.17940,0.26820,87.07930,11.08910,11.08910,12.54560,8.19610,0.07530,0.32750,0.68560,131.28130,1.08690,1.17610,0.61700,0.89190,,0.0235,-0.1446
2011-06-30,114.52400,15.28000,99.24400,42.28000,,53.07000,46.17400,-9.00000,37.16000,10.40000,26.76000,26.76300,26.76300,56.96400,46.17400,106.16800,106.96100,0.25000,0.25000,1.20340,0.18080,0.26730,86.65430,40.31820,40.31820,32.44740,23.36890,0.09950,0.37940,0.77660,115.88310,4.24560,4.58530,2.32510,3.47780,,0.9993,0.8235
2011-03-31,88.46300,8.93000,79.53300,49.87000,,60.18000,19.35300,3.05000,22.40000,5.83000,16.57000,16.57000,16.57000,29.66300,19.35300,105.81000,106.61100,0.16000,0.16000,1.15780,0.18650,0.31210,89.90200,21.87690,21.87690,25.32130,18.73100,0.07880,0.14120,0.54880,163.99060,2.74320,2.97240,1.47520,2.23130,,0.50750,0.41260
2010-12-31,88.29600,12.20000,76.09600,46.33000,,57.34000,18.75600,-1.22000,17.60000,4.09000,13.51000,13.51700,13.51700,29.74600,18.75600,105.60900,106.20200,0.13000,0.13000,1.33060,0.19030,0.23690,86.21000,21.24220,21.24220,19.93300,15.30870,0.10140,0.45990,1.47630,60.96430,2.33820,2.54140,1.55220,1.89310,,-0.6638,-0.8059
2010-09-30,82.22900,9.68000,72.54900,43.22000,,54.49000,18.05900,-0.56000,17.48000,4.00000,13.48000,13.47800,13.47800,29.33900,18.05900,105.48600,105.91500,0.13000,0.13000,1.11530,0.18890,0.28400,88.21710,21.96180,21.96180,21.25770,16.39080,0.07530,0.45550,0.46720,192.62180,2.35810,2.56370,1.23410,1.91260,,0.1491,0.0668
2010-06-30,103.30000,14.46000,88.84000,44.58000,,53.71000,35.13000,1.90000,37.01000,10.89000,26.12000,26.11800,26.11800,44.27000,35.13000,105.50700,106.10600,0.25000,0.25000,1.12750,0.19140,0.24000,85.99230,34.00780,34.00780,35.82770,25.28360,0.11010,1.51410,1.25840,71.52080,4.78580,5.22040,2.78430,3.86960,,0.0053,-0.1041
2010-03-31,83.54400,10.68000,72.86400,46.40000,,52.80000,20.06400,-1.28000,18.75000,5.95000,12.80000,12.80000,12.80000,26.46400,20.06400,105.41300,106.08000,0.12000,0.12000,1.08390,0.19750,0.24630,87.19960,24.01610,24.01610,22.44330,15.32130,0.08390,0.48330,0.86750,103.74170,2.35190,2.56910,1.28560,1.88730,,0.88750,0.71480
2009-12-31,97.14300,49.89000,47.25300,168.31000,,200.07000,-152.81700,4.27000,131.52000,38.07000,93.45000,21.83400,21.83400,-143.46700,-152.81700,105.36800,106.24700,0.21000,0.21000,1.18140,0.19320,0.24880,336.94660,-157.31140,-157.31140,135.38800,22.47610,0.11320,7.51360,1.86960,48.13930,4.01070,4.37710,2.54530,3.23560,,-0.9145,-1.2699
2009-09-30,75.93400,10.51000,65.42400,42.10000,,49.92000,15.50400,-0.12000,15.36000,2.47000,12.89000,12.89200,12.89200,23.32400,15.50400,105.22900,106.18300,0.12000,0.12000,1.13300,0.19380,0.24180,86.14060,20.41770,20.41770,20.22810,16.97790,0.07140,1.52320,0.51290,175.46290,2.41170,2.61540,1.21140,1.94410,,0.2924,-0.0606
2009-06-30,120.45900,16.11000,104.34900,41.38000,,48.98000,55.36900,0.72000,56.07000,17.22000,38.85000,38.84700,38.84700,62.97900,55.36900,105.06600,106.03500,0.37000,0.37000,1.22270,0.18980,0.23430,86.61870,45.96500,45.96500,46.54700,32.24920,0.12290,2.53300,1.04660,85.99610,7.54530,8.19320,3.96420,6.11290,,0.6165,0.2129
2009-03-31,83.67500,8.85000,74.82500,39.81000,,46.79000,28.03500,1.40000,29.42000,9.54000,19.88000,19.87900,19.87900,35.01500,28.03500,104.89600,105.68000,0.19000,0.19000,1.10280,0.14850,0.17500,89.41740,33.50460,33.50460,35.15980,23.75740,0.09360,1.68570,0.59760,150.61490,4.27280,4.67300,2.22390,3.63830,,1.30870,0.97870
