Date,revenue,cost-goods-sold,gross-profit,selling-general-administrative-expenses,other-operating-income-expenses,operating-expenses,operating-income,total-non-operating-income-expense,pre-tax-income,income-after-taxes,income-from-continuous-operations,net-income,ebitda,ebit,basic-shares-outstanding,shares-outstanding,eps-basic-net-earnings-per-share,eps-earnings-per-share-diluted,current-ratio,long-term-debt-capital,debt-equity-ratio,gross-margin,operating-margin,ebit-margin,pre-tax-profit-margin,net-profit-margin,asset-turnover,inventory-turnover,receiveable-turnover,days-sales-in-receivables,roe,return-on-tangible-equity,roa,roi,book-value-per-share,operating-cash-flow-per-share,free-cash-flow-per-share
2024-06-30,4110.00000,2152.00000,1958.00000,466.00000,,859.00000,1099.00000,-241.00000,858.00000,858.00000,858.00000,854.00000,1517.00000,1099.00000,257.00000,281.00000,3.32000,3.11000,0.19060,0.76190,3.41590,47.63990,26.73970,26.73970,20.87590,20.77860,0.11120,8.89260,9.97570,9.02190,13.87900,15.96870,2.32060,3.30420,24.01750,5.5978,-2.0178
2024-03-31,3728.00000,2056.00000,1672.00000,535.00000,,922.00000,750.00000,-386.00000,364.00000,364.00000,364.00000,360.00000,1163.00000,750.00000,257.00000,281.00000,1.40000,1.35000,0.18880,0.78000,3.85330,44.84980,20.11800,20.11800,9.76390,9.65670,0.10590,8.71190,8.19340,10.98440,6.83570,8.06020,1.03440,1.50410,20.69200,4.72600,3.86480
2023-12-31,3330.54700,1890.14000,1440.40700,502.98400,,870.51100,569.89550,-291.57400,278.32150,278.32150,278.32150,276.92400,962.95750,569.89550,256.00000,283.00000,1.09000,1.15000,0.19060,0.80110,4.37890,43.24840,17.11120,17.11120,8.35660,8.31470,0.09480,7.62150,8.22360,10.94420,5.68120,6.80490,0.79220,1.13000,19.10510,3.8961,-5.1147
2023-09-30,4160.45300,2136.86000,2023.59300,393.01600,,758.48900,1265.10400,-254.42600,1010.67800,1010.67800,1010.67800,1009.07600,1657.04200,1265.10400,256.18800,281.87600,3.94000,3.65000,0.19270,0.79590,4.34470,48.63880,30.40790,30.40790,24.29250,24.25400,0.12700,8.84750,11.55200,7.79090,21.98950,26.68820,3.08430,4.48770,17.93740,2.3421,1.3449
2023-06-30,3523.00000,1955.00000,1568.00000,435.00000,,797.00000,771.00000,-308.00000,463.00000,463.00000,463.00000,459.00000,1160.00000,771.00000,256.00000,282.00000,1.79000,1.70000,0.20370,0.84070,5.76060,44.50750,21.88480,21.88480,13.14220,13.02870,0.10700,9.05450,9.38570,9.58900,13.07510,16.94830,1.40630,2.08310,13.82380,4.4443,1.7162
2023-03-31,2886.00000,1793.00000,1093.00000,461.00000,,821.00000,272.00000,-320.00000,-48.00000,-48.00000,-48.00000,-48.00000,662.00000,272.00000,255.00000,255.00000,-0.19000,-0.19000,0.25560,0.86510,7.09330,37.87250,9.42480,9.42480,-1.66320,-1.66320,0.08780,8.10220,7.61120,11.82470,-1.58660,-2.16590,-0.14600,-0.21400,11.83050,5.13730,4.14900
2022-12-31,2603.45200,1784.69000,818.76160,444.42900,,805.33500,13.42650,-513.67100,-500.24410,-500.24410,-500.24410,-500.24400,407.37550,13.42690,255.00000,255.00000,-1.95000,-1.95000,0.37380,0.88130,8.15300,31.44910,0.51570,0.51570,-19.21470,-19.21460,0.07710,7.96740,4.90290,18.35640,-17.43620,-24.28370,-1.48110,-2.06950,11.24050,2.2573,1.5886
2022-09-30,2993.07500,1966.44900,1026.62600,373.11600,,728.20100,298.42500,-265.45700,32.96810,32.96810,32.96810,32.96800,698.73310,298.42500,255.07100,255.37800,0.13000,0.13000,0.28970,0.85810,7.27810,34.30000,9.97050,9.97050,1.10150,1.10150,0.08940,8.29070,5.60070,16.06950,1.02850,1.37580,0.09850,0.14590,12.56140,-0.1741,-1.0424
2022-06-30,2184.24200,1679.91900,504.32310,371.42500,,722.96700,-218.64380,-302.93800,-521.58180,-521.58180,-521.58180,-521.58200,174.44220,-218.64380,254.96400,254.96400,-2.05000,-2.05000,0.30380,0.83930,6.83120,23.08920,-10.01010,-10.01010,-23.87930,-23.87930,0.06430,7.33240,3.86580,23.28100,-15.34920,-20.14760,-1.53660,-2.46670,13.32280,1.8785,-1.8628
2022-03-31,1059.23100,1184.94200,-125.71110,394.03000,,733.49700,-859.20810,-307.93400,-1167.14200,-1167.14200,-1167.14200,-1167.14200,-476.55110,-859.20810,254.82100,254.82100,-4.58000,-4.58000,0.39680,0.83330,5.64110,-11.86810,-81.11620,-81.11620,-110.18770,-110.18770,0.03220,6.60260,2.09270,43.00710,-29.25950,-36.70850,-3.54320,-4.87680,15.64560,-2.07540,-7.42460
2021-12-31,982.11400,1216.99200,-234.87800,502.97900,,796.53300,-1031.41100,-325.05800,-1356.46900,-1356.46900,-1356.46900,-1356.46900,-636.95120,-1031.41100,252.00000,252.00000,-5.35000,-5.35000,0.49420,0.78750,4.14710,-23.91560,-105.01950,-105.01950,-138.11720,-138.11720,0.03040,8.10120,2.40670,37.39490,-26.67300,-31.72160,-4.20500,-5.66780,19.95740,-0.8851,-3.23
2021-09-30,456.95800,813.69100,-356.73300,323.42200,0.23800,649.09100,-1005.82400,-418.73000,-1424.55400,-1424.55400,-1424.55400,-1424.55400,-620.99790,-1005.82400,254.71300,254.71300,-5.59000,-5.59000,0.79490,0.75460,3.22220,-78.06690,-220.11300,-220.11300,-311.74730,-311.74730,0.01400,5.71380,1.15040,78.23670,-22.02640,-25.17710,-4.36100,-5.40620,25.38370,-1.5804,-3.0232
2021-06-30,50.91400,424.83000,-373.91600,285.55800,-40.62100,649.61800,-1023.53400,-323.72100,-1347.25500,-1347.25500,-1347.25500,-1347.25500,-635.87100,-1023.53400,254.57700,254.57700,-5.29000,-5.29000,1.07040,0.71810,2.66990,-734.40700,-2010.31900,-2010.31900,-2646.13900,-2646.13900,0.00150,3.19690,0.14760,609.94910,-17.08840,-19.04360,-3.99870,-4.81800,30.95500,-1.657,-2.373
2021-03-31,42.01400,283.48700,-241.47300,258.04100,0.44900,567.75800,-809.23100,-322.49100,-1131.72200,-1131.72200,-1131.72200,-1131.72200,-434.18000,-809.23100,243.00400,243.00400,-4.66000,-4.66000,1.70450,0.69310,2.28250,-574.74410,-1926.09800,-1926.09800,-2693.67800,-2693.67800,0.00120,2.37420,0.18530,485.70960,-12.33840,-13.53260,-3.29500,-3.78670,36.03640,-3.32990,-6.97700
2020-12-31,34.13790,265.25990,-231.12190,255.53300,-211.86600,785.42810,-1016.55000,-350.38590,-1366.93500,-1366.93500,-1366.93500,-1366.93500,-633.52050,-1016.54900,214.33500,214.33500,-6.02000,-6.02000,0.95030,0.67210,2.20630,-677.02390,-2977.77100,-2977.77000,-4004.15300,-4004.15200,0.00110,2.23470,0.12010,749.11990,-15.60310,-17.19160,-4.21050,-5.11600,36.90270,-3.8401,-5.5329
2020-09-30,-33.68800,308.60900,-342.29700,246.77900,-89.89900,653.81700,-996.11400,-343.19800,-1339.31200,-1339.31200,-1339.31200,-1346.75600,-623.23300,-996.11400,214.16300,214.16300,-6.29000,-6.29000,0.76360,0.67920,2.26810,1016.08000,2956.88100,2956.88100,3975.63500,3997.73200,-0.00110,2.16670,-0.20390,-441.41090,-16.08090,-17.81210,-4.20790,-5.15870,38.79120,-3.7853,-4.5089
2020-06-30,175.60500,680.42000,-504.81510,301.41800,-156.49700,777.67200,-1282.48700,-349.36100,-1631.84800,-1631.84800,-1631.84800,-1639.29200,-943.67400,-1282.48700,209.38500,209.38500,-7.83000,-7.83000,0.98890,0.66450,2.10050,-287.47190,-730.32480,-730.32480,-929.27190,-933.51100,0.00530,4.45900,0.85280,105.53740,-18.20470,-20.01160,-4.89950,-6.10780,42.81000,-10.7353,-11.3926
2020-03-31,2032.75000,1510.81900,521.93090,395.89000,-1108.11800,1828.33800,-1306.40700,-130.62800,-1437.03500,-1437.03500,-1437.03500,-1444.47900,-965.65820,-1306.40700,209.09700,209.09700,-6.91000,-6.91000,0.51150,0.54540,1.56660,25.67610,-64.26800,-64.26800,-70.69420,-71.06030,0.06080,8.50180,9.20310,9.77930,-14.04480,-15.25100,-4.29670,-6.38540,48.86970,0.95030,-5.01480
2019-12-31,2517.41300,1481.51900,1035.89300,414.70710,,736.46900,299.42480,-18.95100,280.47400,280.47400,280.47400,273.13600,636.79190,299.42500,209.40500,209.93000,1.31000,1.31000,0.14620,0.40890,0.90720,41.14910,11.89420,11.89420,11.14140,10.84990,0.08300,9.13910,8.23170,10.93340,2.30580,2.60220,0.92500,1.36300,58.25570,2.9159,-0.3467
2019-09-30,3186.85000,1623.03800,1563.81200,352.72500,,673.02000,890.79200,-0.42700,890.36500,890.36500,890.36500,883.24000,1222.27200,890.79200,209.57500,210.12100,4.21000,4.20000,0.16920,0.42410,0.89210,49.07080,27.95210,27.95210,27.93870,27.71510,0.10690,9.70640,9.13160,9.85590,7.43400,8.39660,2.98530,4.28140,57.13970,4.3347,2.0735
2019-06-30,2806.63100,1544.50400,1262.12700,376.87400,,688.47400,573.65310,-93.69800,479.95510,479.95510,479.95510,472.83000,903.78810,573.65310,209.53100,210.05200,2.26000,2.25000,0.16910,0.43610,0.94600,44.96950,20.43920,20.43920,17.10080,16.84690,0.09420,9.19300,8.23250,10.93230,4.15960,4.72150,1.61010,2.34580,55.07100,5.3137,-1.3305
2019-03-31,2439.76700,1413.70400,1026.06300,414.94700,,707.23200,318.83110,-62.02500,256.80610,256.80610,256.80610,249.68100,629.39810,318.83110,209.32200,209.87400,1.19000,1.19000,0.16450,0.40040,0.91260,42.05580,13.06810,13.06810,10.52580,10.23380,0.08490,8.95100,6.50640,13.83260,2.27890,2.59640,0.89420,1.36630,53.77750,5.13860,2.89860
2018-12-31,2332.30100,1360.41300,971.88770,327.69310,,607.86200,364.02600,-43.57400,320.45210,320.45210,320.45210,315.70290,661.67610,364.02610,210.57000,211.55400,1.49000,1.49000,0.17460,0.42930,0.97050,41.67080,15.60800,15.60800,13.73970,13.53610,0.08420,8.85840,7.18720,12.52220,2.88550,3.29440,1.15690,1.64670,53.13190,3.3602,-1.988
2018-09-30,2796.18700,1411.36400,1384.82300,325.16700,,585.09000,799.73320,10.65800,810.39120,810.39120,810.39120,810.39100,1078.87300,799.73320,209.05400,209.92800,3.88000,3.86000,0.19210,0.40280,0.89740,49.52540,28.60090,28.60090,28.98200,28.98200,0.10320,9.27570,7.25720,12.40140,7.14750,8.13380,2.99110,4.26860,54.25520,3.996,2.4567
2018-06-30,2337.60500,1314.41100,1023.19400,312.92300,,566.29900,456.89500,9.40000,466.29500,466.29500,466.29500,466.29500,716.44600,456.89500,211.67300,212.50900,2.20000,2.19000,0.19990,0.40530,0.79070,43.77100,19.54540,19.54540,19.94760,19.94760,0.09720,10.78460,6.57130,13.69590,4.32810,4.44710,1.93830,2.57410,51.18490,4.763,2.4034
2018-03-31,2027.75600,1176.01900,851.73690,337.36100,,577.59100,274.14600,-55.49300,218.65300,218.65300,218.65300,218.65300,524.48400,274.14600,212.61000,213.60200,1.03000,1.02000,0.19910,0.41860,0.82740,42.00390,13.51970,13.51970,10.78300,10.78300,0.08460,10.61140,5.22800,17.21490,2.05370,2.11090,0.91220,1.19410,50.28480,4.32640,-3.72710
2017-12-31,2004.46700,1145.70100,858.76590,311.05910,,551.41700,307.34900,-19.31000,288.03880,288.03880,288.03880,288.03910,556.08800,307.34880,214.61700,215.69400,1.34000,1.34000,0.18700,0.37240,0.70450,42.84260,15.33320,15.33320,14.36980,14.36990,0.08960,10.28520,6.29070,14.30690,2.69140,2.76590,1.28810,1.68910,50.16600,1.9539,1.1337
2017-09-30,2569.54400,1318.26900,1251.27500,273.63700,,513.78700,737.48790,15.35400,752.84190,752.84190,752.84190,752.84200,989.16490,737.48790,214.69400,215.82400,3.51000,3.49000,0.15780,0.36800,0.72750,48.69640,28.70110,28.70110,29.29870,29.29870,0.11630,10.99030,9.00550,9.99390,7.21420,7.41940,3.40660,4.55940,48.74690,3.6936,3.1568
2017-06-30,2195.27400,1256.78500,938.48890,283.85500,,518.79200,419.69690,-50.17100,369.52590,369.52590,369.52590,369.52600,667.41290,419.69690,215.08500,216.06200,1.72000,1.71000,0.14520,0.40090,0.82830,42.75040,19.11820,19.11820,16.83280,16.83280,0.09970,11.51580,8.31570,10.82290,3.81610,3.93320,1.67780,2.28640,45.01880,3.9888,3.2998
2017-03-31,2008.56000,1175.82400,832.73610,317.46500,,553.21400,279.52210,-64.79600,214.72610,214.72610,214.72610,214.72600,528.52710,279.52210,214.87000,215.81300,1.00000,0.99000,0.14350,0.42470,0.92470,41.45940,13.91650,13.91650,10.69060,10.69050,0.09120,10.84440,6.85570,13.12770,2.31710,2.39160,0.97530,1.33300,43.08950,3.69080,4.18760
2016-12-31,1909.60300,1123.25100,786.35210,256.30690,,489.51000,296.84220,-35.75600,261.08620,261.08620,261.08620,261.08590,543.41520,296.84220,215.39300,216.31600,1.20000,1.20000,0.16850,0.47040,1.02920,41.17880,15.54470,15.54470,13.67230,13.67230,0.08560,9.84560,6.54200,13.75730,2.86230,2.95580,1.17020,1.51590,42.50540,2.3563,1.554
2016-09-30,2563.74100,1340.12300,1223.61800,259.32700,,488.65500,734.96290,-41.70600,693.25690,693.25690,693.25690,693.25700,977.86880,734.96290,214.81900,215.66700,3.23000,3.21000,0.17840,0.48920,1.10550,47.72780,28.66760,28.66760,27.04080,27.04080,0.11420,11.27590,9.37650,9.59850,7.88670,8.15430,3.08800,4.02820,40.96640,3.3977,2.1409
2016-06-30,2105.26200,1310.58700,794.67490,290.78200,,512.40200,282.27290,-52.36800,229.90490,229.90490,229.90490,229.90500,517.37490,282.27290,215.26500,216.13100,1.07000,1.06000,0.19620,0.52910,1.23370,37.74710,13.40800,13.40800,10.92050,10.92050,0.09370,11.66210,9.75540,9.22560,2.82240,2.92600,1.02310,1.32900,37.84210,3.6868,-4.6385
2016-03-31,1917.79500,1241.57800,676.21700,302.32600,,513.09000,163.12710,-63.98700,99.14010,99.14010,99.14010,99.14000,386.25610,163.12710,216.91400,217.86900,0.46000,0.46000,0.20290,0.49740,1.10330,35.26010,8.50600,8.50600,5.16950,5.16950,0.09150,10.22780,7.57120,11.88720,1.25690,1.30430,0.47290,0.63170,36.54350,2.19350,1.04680
2015-12-31,1902.05300,1173.34100,728.71190,269.46400,,478.79400,249.91850,-43.11900,206.79950,206.79950,206.79950,206.79900,511.40150,249.91850,219.53700,220.68900,0.94000,0.95000,0.19500,0.48610,1.05760,38.31190,13.13940,13.13940,10.87240,10.87240,0.09150,9.67050,7.95930,11.30750,2.56480,2.65940,0.99510,1.31800,36.98760,1.5483,0.3907
2015-09-30,2523.10000,1387.02600,1136.07400,256.06000,-411.26700,878.06900,258.00490,-29.21800,228.78690,228.78690,228.78690,228.78700,468.74690,258.00490,219.96300,221.13700,1.04000,1.03000,0.20660,0.47880,1.02840,45.02690,10.22570,10.22570,9.06770,9.06770,0.12040,10.57930,10.44170,8.61930,2.77120,2.87090,1.09160,1.44430,37.52850,2.5617,1.622
2015-06-30,2058.32200,1316.40900,741.91310,274.14800,,480.61600,261.29710,-76.33000,184.96710,184.96710,184.96710,184.96700,467.76510,261.29710,219.91300,220.90200,0.84000,0.84000,0.19060,0.47710,1.05540,36.04460,12.69470,12.69470,8.98630,8.98630,0.09620,9.38760,9.68830,9.28950,2.22310,2.33830,0.86450,1.16240,37.83220,2.7786,-1.0551
2015-03-31,1815.59900,1222.61700,592.98190,286.83200,,487.30000,105.68190,-60.45200,45.22990,45.22990,45.22990,45.23000,306.14990,105.68190,219.62600,220.84200,0.21000,0.20000,0.21940,0.48370,1.07350,32.66040,5.82080,5.82080,2.49120,2.49120,0.08700,9.77600,6.11160,14.72600,0.56720,0.59760,0.21670,0.29290,36.26350,1.93090,0.55140
2014-12-31,1817.82600,1244.74500,573.08040,257.99500,,453.73700,119.34350,-9.57600,109.76780,109.76780,109.76780,109.76800,367.71850,119.34390,221.65800,223.04400,0.51000,0.50000,0.20810,0.47990,1.01930,31.52560,6.56520,6.56520,6.03840,6.03840,0.08780,10.07970,6.95440,12.94140,1.32500,1.39590,0.52990,0.68910,37.77690,1.298,-4.3225
2014-09-30,2388.76200,1426.88200,961.88000,239.66200,,432.41800,529.46200,-39.21400,490.24800,490.24800,490.24800,490.24800,721.91000,529.46200,222.52300,223.85900,2.20000,2.19000,0.23010,0.40790,0.77440,40.26690,22.16470,22.16470,20.52310,20.52310,0.12190,10.47930,9.44480,9.52900,5.43450,5.70420,2.50130,3.21790,40.51520,2.5764,2.5951
2014-06-30,1980.04300,1330.67400,649.36890,260.98800,,453.78200,195.58690,-57.91400,137.67290,137.67290,137.67290,137.67300,388.46690,195.58690,222.18900,223.38100,0.62000,0.62000,0.27560,0.44510,0.85810,32.79570,9.87790,9.87790,6.95300,6.95300,0.09890,9.28110,6.74590,13.34140,1.55580,1.63680,0.68790,0.86320,39.80230,2.5254,1.7908
2014-03-31,1887.22400,1303.98000,583.24400,290.30700,,485.77800,97.46610,-71.00900,26.45710,26.45710,26.45710,26.45700,291.20100,97.46610,221.29500,222.67100,0.12000,0.12000,0.29880,0.45950,0.91120,30.90490,5.16450,5.16450,1.40190,1.40190,0.09380,8.98340,6.31100,14.26080,0.30140,0.31730,0.13150,0.16290,39.52270,1.41820,0.61970
2013-12-31,1854.15800,1282.66000,571.49830,262.88300,,496.52800,74.96970,-67.95100,7.01890,7.01890,7.01890,7.01800,265.59170,74.96990,219.63800,220.94100,0.04000,0.03000,0.22410,0.42500,0.91670,30.82250,4.04330,4.04330,0.37850,0.37850,0.09240,8.48070,7.13840,12.60800,0.07970,0.08390,0.03500,0.04580,39.95150,0.8252,-0.2153
2013-09-30,2311.74900,1416.80100,894.94800,249.95400,,450.73900,444.20900,-78.50800,365.70100,365.70100,365.70100,365.70100,632.75000,444.20900,219.74400,221.00400,1.66000,1.65000,0.21030,0.40570,0.90430,38.71300,19.21530,19.21530,15.81920,15.81920,0.11510,8.84260,6.75910,13.31540,4.17370,4.39260,1.82070,2.48050,39.84310,2.5169,1.8954
2013-06-30,1882.76700,1323.61900,559.14790,257.94800,,445.81000,113.33800,-88.59100,24.74700,24.74700,24.74700,24.74700,299.52200,113.33800,219.50200,220.64800,0.11000,0.11000,0.20230,0.43140,0.98660,29.69820,6.01980,6.01980,1.31440,1.31440,0.09440,9.35820,6.07240,14.82110,0.29580,0.31180,0.12400,0.16820,38.09580,1.9549,0.9689
2013-03-31,1911.22000,1282.19000,629.03000,274.03400,,463.39800,165.63210,-89.40600,76.22610,76.22610,76.22610,76.22600,354.99610,165.63210,219.09700,220.48400,0.35000,0.35000,0.18940,0.41750,1.01540,32.91250,8.66630,8.66630,3.98830,3.98830,0.09620,8.78680,6.20470,14.50520,0.91410,0.96370,0.38370,0.53250,38.00660,1.09420,0.28520
2012-12-31,1806.15000,1257.98300,548.16700,255.49400,,829.47400,-281.30710,-111.49600,-392.80290,-392.80290,-392.80290,-392.80300,-92.77110,-281.30690,217.93000,219.45700,-1.81000,-1.79000,0.21840,0.45620,1.02180,30.35000,-15.57500,-15.57500,-21.74810,-21.74810,0.09110,8.59890,6.41800,14.02310,-4.72760,-4.98750,-1.98110,-2.57080,37.97920,0.9506,-2.9767
2012-09-30,2226.39000,1348.32500,878.06490,243.87700,,425.92800,452.13700,-84.35800,367.77900,367.77900,367.77900,367.77900,634.18790,452.13700,217.94000,219.29600,1.69000,1.68000,0.27000,0.43220,0.89380,39.43900,20.30810,20.30810,16.51910,16.51910,0.11320,9.36640,7.39390,12.17210,4.22610,4.62020,1.86990,2.39960,39.90660,2.6672,2.2357
2012-06-30,1821.00400,1296.01400,524.98990,247.57100,,428.08500,96.90480,-100.55800,-3.65320,-3.65320,-3.65320,-3.65300,277.41880,96.90480,217.86600,217.86600,-0.02000,-0.02000,0.25050,0.46080,0.99440,28.82970,5.32150,5.32150,-0.20060,-0.20060,0.09250,8.83380,6.39720,14.06870,-0.04420,-0.04850,-0.01850,-0.02380,37.96120,1.6966,1.0237
2012-03-31,1834.48000,1255.11200,579.36790,264.60100,,443.99300,135.37500,-88.41100,46.96400,46.96400,46.96400,46.96400,314.76700,135.37500,217.58400,219.23000,0.22000,0.21000,0.36240,0.47900,0.99370,31.58210,7.37950,7.37950,2.56010,2.56010,0.09160,8.48630,5.86090,15.35590,0.54660,0.59950,0.23450,0.28480,39.44440,0.98170,0.17320
2011-12-31,1775.40100,1250.86100,524.54090,238.44500,,418.37700,106.16320,-69.60000,36.56290,36.56290,36.56290,36.56200,286.09630,106.16300,216.98300,219.22900,0.17000,0.16000,0.31600,0.48310,1.01050,29.54490,5.97970,5.97970,2.05940,2.05940,0.08960,8.65330,6.07080,14.82490,0.43490,0.47720,0.18460,0.22480,38.73560,0.827,0.1765
2011-09-30,2321.99400,1405.30000,916.69400,231.76100,,408.95200,507.74190,-108.78400,398.95790,398.95790,398.95790,398.95800,684.93290,507.74190,217.10500,218.93400,1.84000,1.82000,0.39260,0.49090,1.04000,39.47870,21.86660,21.86660,17.18170,17.18170,0.11510,9.22880,7.64020,11.77980,4.72810,5.19660,1.97800,2.40710,38.84550,2.3181,-1.2371
2011-06-30,1767.87300,1185.37500,582.49800,242.25800,,414.30800,168.18990,-74.69900,93.49090,93.49090,93.49090,93.49100,340.23990,168.18990,217.02800,219.37000,0.43000,0.43000,0.40360,0.48630,1.03070,32.94910,9.51370,9.51370,5.28830,5.28830,0.08860,8.14430,6.45900,13.93410,1.11990,1.23860,0.46870,0.57530,38.46120,2.1956,1.3526
2011-03-31,1671.99500,1101.07100,570.92400,248.13800,,421.39000,149.53410,-71.12400,78.41010,78.41010,78.41010,78.41000,322.78610,149.53410,216.51100,219.62600,0.36000,0.36000,0.40340,0.49380,1.06060,34.14630,8.94350,8.94350,4.68960,4.68960,0.08450,7.83360,6.03860,14.90410,0.94720,1.04670,0.39650,0.47940,38.14840,1.29960,2.56850
2010-12-31,1604.49800,1106.98900,497.50850,211.93600,,375.81400,121.69490,-97.39900,24.29590,24.29590,24.29590,24.29600,285.57290,121.69480,215.02600,217.71100,0.11000,0.11000,0.29460,0.50160,1.15810,31.00720,7.58460,7.58460,1.51420,1.51420,0.08160,8.73040,6.01590,14.96040,0.30750,0.34020,0.12360,0.15330,36.59400,1.0372,-4.7527
2010-09-30,2060.65900,1239.62500,821.03390,213.30000,,375.53200,445.50200,-95.32300,350.17900,350.17900,350.17900,350.17900,607.73400,445.50200,215.15000,217.51200,1.63000,1.61000,0.30220,0.47060,1.02980,39.84330,21.61940,21.61940,16.99350,16.99350,0.11080,10.96420,7.37560,12.20240,4.46020,4.94380,1.88210,2.36100,36.48140,1.955,1.5942
2010-06-30,1601.69700,1086.18700,515.51000,211.79500,,371.82600,143.68400,-89.95300,53.73100,53.73100,53.73100,53.73100,303.71500,143.68400,215.04300,217.56100,0.25000,0.25000,0.26370,0.49520,1.11900,32.18520,8.97070,8.97070,3.35460,3.35460,0.08750,9.81240,7.54790,11.92380,0.74130,0.82290,0.29360,0.37430,35.33450,2.7434,-0.3853
2010-03-31,1485.65000,1025.27500,460.37500,211.04800,,368.62300,91.75210,-4.30500,87.44710,87.44710,87.44710,87.44700,249.32710,91.75210,214.31400,216.97500,0.41000,0.40000,0.27200,0.47840,1.08550,30.98810,6.17590,6.17590,5.88610,5.88610,0.08240,9.20780,5.76750,15.60480,1.17140,1.30480,0.48480,0.61100,34.73610,1.90310,1.13620
2009-12-31,1451.66700,1037.24500,414.42190,185.65500,,332.06700,82.35510,-88.93800,-6.58280,-6.58280,-6.58280,-6.58300,228.76710,82.35520,213.80900,215.29500,-0.04000,-0.03000,0.37340,0.50540,1.12270,28.54800,5.67310,5.67310,-0.45350,-0.45350,0.07960,9.61510,4.28470,21.00510,-0.08780,-0.09810,-0.03610,-0.04340,35.05360,0.8465,-3.9633
2009-09-30,1763.54200,1116.08600,647.45610,196.59400,,340.61500,306.84110,-76.44900,230.39210,230.39210,230.39210,230.39200,450.86210,306.84110,213.83900,215.66900,1.08000,1.07000,0.36940,0.47100,0.98020,36.71340,17.39910,17.39910,13.06420,13.06420,0.10260,10.17740,5.26960,17.07920,3.09510,3.46950,1.34060,1.63720,34.79930,1.474,-2.3589
2009-06-30,1349.01500,965.43510,383.58000,190.59300,,328.51790,55.06190,-90.14800,-35.08610,-35.08610,-35.08610,-35.08600,192.98690,55.06190,213.78000,213.78000,-0.16000,-0.16000,0.31800,0.46170,0.96030,28.43410,4.08160,4.08160,-2.60090,-2.60090,0.08260,9.41700,5.59240,16.09330,-0.49780,-0.55980,-0.21480,-0.26800,32.96990,1.0707,0.5835
2009-03-31,1325.60200,952.33600,373.26610,189.15700,,329.01300,44.25310,-80.49100,-36.23800,-36.23800,-36.23800,-36.23800,184.10910,44.25310,213.68700,213.68700,-0.17000,-0.17000,0.36550,0.49030,1.03220,28.15820,3.33830,3.33830,-2.73370,-2.73370,0.08190,10.35630,6.81520,13.20590,-0.53690,-0.60440,-0.22380,-0.27360,31.57730,0.53310,-0.49340
