Date,revenue,cost-goods-sold,gross-profit,research-development-expenses,selling-general-administrative-expenses,other-operating-income-expenses,operating-expenses,operating-income,total-non-operating-income-expense,pre-tax-income,total-provision-income-taxes,income-after-taxes,income-from-continuous-operations,net-income,ebitda,ebit,basic-shares-outstanding,shares-outstanding,eps-basic-net-earnings-per-share,eps-earnings-per-share-diluted,current-ratio,long-term-debt-capital,debt-equity-ratio,gross-margin,operating-margin,ebit-margin,pre-tax-profit-margin,net-profit-margin,asset-turnover,inventory-turnover,receiveable-turnover,days-sales-in-receivables,roe,return-on-tangible-equity,roa,roi,book-value-per-share,operating-cash-flow-per-share,free-cash-flow-per-share
2022-12-31,,,,,,,,,,,,,,,,,,,,0.00000,,,,,,,,,,,,,,,,,,,
2018-06-30,2.01500,2.58220,-0.56720,0.12260,1.36740,0.20590,1.28390,-1.85120,-0.61810,-2.47650,0.08960,-2.56620,-2.56620,-2.45690,-1.81750,-1.85120,2.29670,2.29670,-0.65000,-0.65000,3.87950,0.09330,0.21510,-28.14670,-91.86870,-91.86870,-122.90460,-121.93290,0.10950,2.52900,0.42250,213.04250,-19.55460,-19.85990,-13.94620,-17.72930,3.56990,-0.5894,-0.3129
2018-03-31,2.64070,2.36890,0.27180,0.08550,1.78310,-0.06750,1.93610,-1.66430,-0.03770,-1.69470,0.00030,-1.69500,-1.69500,-1.61330,-1.60290,-1.66430,2.91040,2.91040,-0.55000,-0.55000,4.48160,0.08380,0.18940,10.29250,-63.02350,-63.02350,-64.17490,-61.09290,0.12220,2.88500,0.39440,228.18480,-10.67520,-10.82090,-7.84410,-9.78070,4.34290,0.3628,0.3619
2017-12-31,6.31220,5.70450,0.60770,0.19440,2.08140,0.03340,2.24250,-1.63480,-0.02520,-1.66000,-0.08610,-1.57390,-1.57390,-1.57390,-1.59580,-1.63480,1.68580,1.68580,-0.95000,-0.95000,2.49700,0.14610,0.33270,9.62740,-25.89860,-25.89860,-26.29760,-24.93410,0.41730,10.74200,0.83990,107.15380,-18.85700,-19.32270,-10.40610,-16.10180,4.21410,-0.9717,-1.3435
2017-09-30,1.82880,1.51420,0.31460,0.08340,1.21850,-0.04470,1.34660,-1.03200,0.01110,-1.02090,-0.00140,-1.01950,-1.01950,-1.01350,-0.99690,-1.03200,1.38380,1.38380,-0.75000,-0.75000,1.98960,,0.35290,17.20180,-56.42910,-56.42910,-55.82040,-55.41920,0.15710,2.13250,0.28220,318.88990,-16.76200,-17.32810,-8.75710,-16.76200,3.07080,-0.18920,-0.18970
2017-03-31,0.85580,0.69890,0.15690,0.23110,0.96420,0.02690,1.16850,-1.01150,-0.00330,-1.01490,0.04130,-1.05620,-1.05620,-1.04290,-1.01150,-1.01150,1.78540,1.78540,-0.60000,-0.60000,2.63880,,0.15480,18.33160,-118.19430,-118.19430,-118.58520,-121.85650,0.07890,1.60640,0.11550,779.47140,-15.34430,-15.34430,-9.73290,-15.34430,3.47530,0.7799,0.7525
2016-09-30,1.16970,1.00590,0.16380,0.09280,0.89190,-0.00120,0.98590,-0.82210,0.00050,-0.82170,-0.00300,-0.81870,-0.81870,-0.81870,-0.79130,-0.82210,1.19150,1.19150,-0.70000,-0.70000,2.35960,,0.27150,14.00040,-70.28680,-70.28680,-70.24690,-69.98870,0.10220,1.05850,0.13600,661.77930,-11.84550,-11.84550,-7.15030,-11.84550,5.77770,-0.04070,-0.03790
2016-06-30,0.69800,,0.69800,,,,,0.69800,,0.69800,,0.69800,-2.89800,-2.89800,0.69800,0.69800,1.13640,1.13640,-2.55000,-2.55000,,,,100.00000,100.00000,100.00000,100.00000,-415.18620,,,,,,,,,,0,0
2016-03-31,0.70400,,0.70400,,,,,0.70400,,0.70400,,0.70400,-1.49300,-1.49300,0.70400,0.70400,1.16080,1.16080,-1.30000,-1.30000,,,,100.00000,100.00000,100.00000,100.00000,-212.07390,,,,,,,,,,0,0
2015-12-31,4.44400,,4.44400,,,,,4.44400,,4.44400,,4.44400,-0.38800,-0.38800,4.44400,4.44400,1.11380,1.11380,-0.35000,-0.35000,,,,100.00000,100.00000,100.00000,100.00000,-8.73090,,,,,,,,,,0,0
2015-09-30,0.56600,,0.56600,,,,,0.56600,,0.56600,,0.56600,-1.39300,-1.39300,0.56600,0.56600,1.08780,1.08780,-1.30000,-1.30000,,,,100.00000,100.00000,100.00000,100.00000,-246.11310,,,,,,,,,,0.00000,
2015-06-30,0.98800,,0.98800,,,,,0.98800,,0.98800,,0.98800,-5.10700,-5.10700,0.98800,0.98800,0.97280,0.97280,-5.25000,-5.25000,,,,100.00000,100.00000,100.00000,100.00000,-516.90280,,,,,,,,,,0,0
2015-03-31,3.27700,,3.27700,,,,,3.27700,,3.27700,,3.27700,-0.25000,-0.25000,3.27700,3.27700,0.96780,0.96780,-0.25000,-0.25000,,,,100.00000,100.00000,100.00000,100.00000,-7.62890,,,,,,,,,,0,0
2014-12-31,3.47500,,3.47500,,,,,3.47500,,3.47500,,3.47500,0.86800,0.86800,3.47500,3.47500,0.94540,0.96420,0.90000,0.90000,,,,100.00000,100.00000,100.00000,100.00000,24.97840,,,,,,,,,,0,0
2014-09-30,0.70000,,0.70000,,,,,0.70000,,0.70000,,0.70000,-0.67600,-0.67600,0.70000,0.70000,0.95140,0.95140,-0.70000,-0.70000,,,,100.00000,100.00000,100.00000,100.00000,-96.57140,,,,,,,,,,0.00000,
2014-06-30,2.84600,,2.84600,,,,,2.84600,,2.84600,,2.84600,-0.50700,-0.50700,2.84600,2.84600,0.84900,0.84900,-0.60000,-0.60000,,,,100.00000,100.00000,100.00000,100.00000,-17.81450,,,,,,,,,,0,0
2014-03-31,2.95900,,2.95900,,,,,2.95900,,2.95900,,2.95900,-0.31300,-0.31300,2.95900,2.95900,0.90560,0.90560,-0.35000,-0.35000,,,,100.00000,100.00000,100.00000,100.00000,-10.57790,,,,,,,,,,0,0
2013-12-31,7.57200,,7.57200,,,,,7.57200,,7.57200,,7.57200,0.95200,0.95200,7.57200,7.57200,0.83240,0.84500,1.15000,1.15000,,,,100.00000,100.00000,100.00000,100.00000,12.57260,,,,,,,,,,0,0
2013-09-30,1.87600,,1.87600,,,,,1.87600,,1.87600,,1.87600,-0.00800,-0.00800,1.87600,1.87600,0.79040,0.79040,0.00000,0.00000,,,,100.00000,100.00000,100.00000,100.00000,-0.42640,,,,,,,,,,0.00000,
2013-06-30,2.42100,,2.42100,,,,,2.42100,,2.42100,,2.42100,-0.26400,-0.26400,2.42100,2.42100,0.75380,0.75380,-0.35000,-0.35000,,,,100.00000,100.00000,100.00000,100.00000,-10.90460,,,,,,,,,,-3.4793,-3.378
2013-03-31,1.19400,0.53000,0.66400,0.08000,0.91000,,0.99000,-0.32600,0.12000,-0.22000,-0.02000,-0.20000,-0.19800,-0.19900,-0.30600,-0.32600,0.79040,0.79040,-0.25000,-0.25000,2.69230,,0.17750,55.27640,-27.30320,-27.30320,-18.42550,-16.66670,0.05400,0.22460,0.15310,587.93970,-1.38460,-1.38270,-0.89510,-1.38360,,2.4419,2.4165
2012-12-31,7.28000,5.06000,2.22000,0.66000,0.65000,,1.31000,0.91000,0.10000,0.99000,0.06000,0.93000,0.83700,0.83700,0.95000,0.91000,0.79040,0.79040,1.05000,1.05000,2.26690,,0.25970,30.49450,12.50000,12.50000,13.59890,11.49730,0.29610,2.42110,0.48340,186.18130,5.83280,5.82870,3.40380,5.82870,,0.9994,0.9995
2012-09-30,1.43000,1.04000,0.39000,0.00000,0.75000,,0.75000,-0.36000,,-0.36000,0.00500,-0.36500,-0.37000,-0.37000,-0.35000,-0.36000,0.79040,0.79040,-0.45000,-0.45000,2.28450,0.03410,0.34030,26.57340,-25.17480,-25.17480,-25.17480,-25.87410,0.06160,0.27370,0.13270,678.46150,-2.78200,-2.77990,-1.59410,-2.68510,,0.03800,-0.03800
2012-06-30,4.23700,3.25000,0.98700,0.00000,1.45000,,1.45000,-0.46300,-0.01000,-0.40000,-0.07000,-0.33000,-0.30600,-0.30600,-0.47300,-0.46300,0.87420,0.87420,-0.35000,-0.35000,2.12670,,0.34600,24.78170,-10.92750,-10.92750,-9.44060,-7.22210,0.17600,0.84640,0.38240,235.35520,-2.24500,-2.24180,-1.27130,-2.24340,,-3.9579,-4.1066
2012-03-31,2.06000,1.07000,0.99000,0.00000,0.96000,,0.96000,0.03000,0.05000,0.06000,0.02000,0.04000,0.01900,0.01900,0.05000,0.03000,,,0.00000,0.00000,2.67440,,0.18120,47.57280,1.45630,1.45630,2.91260,0.92230,0.09920,0.42460,0.26610,338.15530,0.13730,0.13720,0.09150,0.13720,,0.4247,0.4384
2011-12-31,4.85000,3.41000,1.44000,0.00000,1.10000,,1.10000,0.34000,-0.06000,0.26000,0.01000,0.25000,0.21900,0.21900,0.35000,0.34000,0.73000,0.73000,0.30000,0.30000,2.94590,,0.07960,29.48450,7.01030,7.01030,5.36080,4.51550,0.24730,1.30650,0.71530,125.81440,1.59970,1.59850,1.11680,1.59850,,-0.4247,-0.4384
2011-09-30,0.77000,0.38000,0.39000,0.00000,0.89000,,0.89000,-0.50000,-0.01000,-0.51000,0.01000,-0.52000,-0.53000,-0.53000,-0.49000,-0.50000,,,,0.00000,3.50570,,0.08980,49.35070,-64.93510,-64.93510,-66.23380,-68.83120,0.04360,0.10220,0.20810,432.46760,-4.00300,-3.99700,-2.99940,-4.00000,,0.00000,
2011-06-30,-2.12000,-0.82000,-1.30000,0.00000,2.18000,,2.18000,-3.48000,-1.40770,-4.87000,-0.31000,-4.56000,-4.55000,-4.55000,-3.47000,-3.48000,,,,0.00000,3.74760,,0.08670,61.32080,164.15100,164.15100,229.71700,214.62270,-0.11930,-0.23500,-0.61450,-146.46230,-33.45590,-33.43130,-25.60500,-33.43130,,-0.9163,-0.8908
2011-03-31,1.70000,1.38000,0.32000,0.00000,1.46000,,1.46000,-1.14000,0.08000,-1.08000,0.02000,-1.10000,-1.10000,-1.10000,-1.13000,-1.14000,0.78580,0.78580,-1.40000,-1.40000,3.23000,,0.09940,17.64710,-67.05880,-67.05880,-63.52940,-64.70590,0.06320,0.24080,0.11070,812.64700,-5.91080,-5.90760,-4.09230,-5.90760,,1.4976,1.477
2010-12-31,7.10000,4.06000,3.04000,0.00000,1.61000,,1.61000,1.43000,-0.02230,1.33000,0.27000,1.06000,0.93000,0.93000,1.45000,1.43000,0.80860,0.80860,1.15000,1.15000,2.87880,,0.12070,41.83100,20.14080,20.14080,18.73240,13.09860,0.24040,0.87120,0.38130,236.02820,4.80370,4.79880,3.14930,4.79880,,-0.5775,-0.5811
2010-09-30,3.25500,2.10000,1.15500,0.00000,0.90000,,0.90000,0.25500,0.05000,0.29000,0.12000,0.17000,0.12600,0.12600,0.26500,0.25500,0.79040,0.79040,0.15000,0.15000,3.24720,,0.09770,35.33030,7.83410,7.83410,8.90940,3.87100,0.12540,0.56450,0.26460,340.09210,0.70000,0.69880,0.48540,0.69920,,-0.00380,-0.00510
2010-06-30,2.72700,1.71000,1.01700,0.00000,0.62000,,0.62000,0.39700,0.12610,0.50000,0.06000,0.44000,0.38600,0.38600,0.41700,0.39700,0.76240,0.76720,0.45000,0.45000,3.04380,,0.10350,35.93690,14.55810,14.55810,18.33520,14.15480,0.10510,0.88600,0.20770,433.33330,2.20950,2.20700,1.48800,2.20700,,-2.7265,-2.7031
2010-03-31,3.85000,2.13000,1.72000,0.00000,0.71000,,0.71000,1.01000,0.05510,1.06000,0.30000,0.76000,0.66000,0.66000,1.02000,1.01000,0.79040,0.80040,0.85000,0.85000,3.05690,,0.06700,44.67530,26.23380,26.23380,27.53250,17.14290,0.15430,1.10940,0.30010,299.92210,3.91690,3.91460,2.64530,3.91460,,-4.4962,-4.5337
2009-12-31,7.30000,3.73000,3.57000,0.00000,1.08000,,1.08000,2.49000,0.15470,2.70000,0.64000,2.06000,1.80000,1.80000,2.50000,2.49000,0.80000,0.80000,2.25000,2.25000,2.78160,,0.05090,49.58900,34.10960,34.10960,36.98630,24.65750,0.29140,1.97350,0.67660,133.02740,11.19400,11.16630,7.18560,11.17320,,-3.2031,-3.2137
2009-09-30,3.30000,2.35000,0.95000,0.00000,0.74000,,0.74000,0.21000,0.00400,0.19000,0.10000,0.09000,0.06200,0.06200,0.22000,0.21000,0.69200,0.69200,0.10000,0.10000,3.08940,,0.03360,28.18180,6.36360,6.36360,5.75760,1.87880,0.16030,1.12980,0.45270,198.81820,0.44350,0.44320,0.30110,0.44320,,0.11560,0.10120
2009-06-30,,,,,,,,,,,,,,,,,,,,0.00000,,,,,,,,,,,,,,,,,,0,0
