Date,revenue,cost-goods-sold,gross-profit,research-development-expenses,selling-general-administrative-expenses,other-operating-income-expenses,operating-expenses,operating-income,total-non-operating-income-expense,pre-tax-income,income-after-taxes,other-income,income-from-continuous-operations,net-income,ebitda,ebit,basic-shares-outstanding,shares-outstanding,eps-basic-net-earnings-per-share,eps-earnings-per-share-diluted,current-ratio,long-term-debt-capital,debt-equity-ratio,gross-margin,operating-margin,ebit-margin,pre-tax-profit-margin,net-profit-margin,asset-turnover,inventory-turnover,receiveable-turnover,days-sales-in-receivables,roe,return-on-tangible-equity,roa,roi,book-value-per-share,operating-cash-flow-per-share,free-cash-flow-per-share
2023-06-30,,,,,,,,,,,,,,,,,,,,0.00000,,,,,,,,,,,,,,,,,,,
2022-12-31,7.66600,6.85700,0.80900,1.13300,13.01500,,14.14800,-13.33900,6.21900,-7.12000,-7.12000,,-7.12000,-7.12000,-11.33100,-13.33900,1.54820,1.54820,-2.96000,-2.96000,0.43500,,-2.38050,10.55310,-174.00200,-174.00210,-92.87760,-92.87760,0.04830,0.62290,0.22210,405.28170,14.71070,6.24420,-4.48170,14.71070,-16.41080,-2.0799,-2.0837
2022-09-30,17.55200,9.45100,8.10100,1.61200,13.59700,,15.20900,-7.10800,-28.59300,-35.70100,-35.70100,,-35.70100,-35.70100,-5.01600,-7.10800,1.59590,1.59590,-24.00000,-24.00000,0.42940,,-2.47370,46.15430,-40.49680,-40.49680,-203.40130,-203.40130,0.11170,0.75100,0.48750,184.63020,77.56540,31.54640,-22.71170,77.56540,,-2.1756,-2.1757
2022-06-30,18.34600,8.99500,9.35100,1.47200,17.03800,,18.51000,-9.15900,-2.55200,-11.71100,-11.71100,,-11.71100,-11.71100,-5.64200,-9.15900,1.42080,1.42080,-8.00000,-8.00000,0.54840,,-7.16130,50.97020,-49.92370,-49.92370,-63.83410,-63.83410,0.10920,0.76760,0.54350,165.59200,98.08210,14.51470,-6.97220,98.08210,,-11.4303,-11.5443
2022-03-31,18.23600,8.03400,10.20200,3.06200,20.37800,,23.44000,-13.23800,-3.89900,-17.13700,-17.13700,,-17.13700,-17.13700,-12.70100,-13.23800,1.31300,1.31300,-13.04000,-13.04000,0.98210,1.06460,-16.47850,55.94430,-72.59270,-72.59270,-93.97350,-93.97350,0.10920,0.56290,0.70320,127.99190,326.85600,22.76250,-10.25870,-21.11660,,-3.16460,-3.17450
2021-12-31,22.07100,19.33400,2.73700,5.86800,17.56800,,23.43600,-20.69900,-3.67400,-24.37300,-24.37300,,-24.37300,-24.37300,-9.50600,-20.69900,1.16320,1.16320,-18.72000,-18.72000,1.09430,0.90400,9.42200,12.40090,-93.78370,-93.78370,-110.43000,-110.43000,0.12180,1.30550,0.69680,129.17090,-274.62530,38.82970,-13.45180,-26.35060,6.73830,-13.0176,-13.0207
2021-09-30,21.60900,9.22900,12.38000,5.81800,23.96000,,29.77800,-17.39800,-3.98900,-21.38700,-21.38700,,-21.38700,-21.38700,-15.05600,-17.39800,1.16980,1.16980,-20.00000,-20.00000,1.01780,0.87850,7.23140,57.29100,-80.51280,-80.51280,-98.97270,-98.97270,0.11600,0.70370,0.71940,125.09790,-185.18470,30.19100,-11.47770,-22.49720,,-16.1997,-16.2174
2021-06-30,21.50200,10.59000,10.91200,10.32800,25.47000,,35.79800,-24.88600,-4.23500,-29.12100,-29.12100,,-29.12100,-29.12100,-20.76400,-24.88600,1.16700,1.16700,-24.00000,-24.00000,1.24400,0.73760,2.81120,50.74880,-115.73810,-115.73810,-135.43390,-135.43390,0.10560,1.20850,0.71440,125.97990,-98.44500,53.29520,-14.29790,-25.83020,,-15.2826,-15.2787
2021-03-31,20.57500,10.25300,10.32200,7.48400,20.99000,,28.47400,-18.15200,-4.71100,-22.86300,-22.86300,,-22.86300,-22.86300,-17.66000,-18.15200,1.07400,1.07400,-21.28000,-21.28000,1.69080,0.60870,1.55590,50.16770,-88.22360,-88.22360,-111.12030,-111.12030,0.09350,1.10600,0.88280,101.94610,-43.10440,69.25870,-10.38650,-16.86500,,-11.42170,-11.50360
2020-12-31,21.46100,10.65200,10.80900,6.18900,24.32800,,30.51700,-19.70800,-4.62300,-24.33100,-24.33100,,-24.33100,-24.33100,-24.19300,-19.70800,0.91070,0.91070,-28.00000,-28.00000,0.96260,0.85440,5.87030,50.36580,-91.83170,-91.83170,-113.37310,-113.37310,0.11910,1.63220,0.74890,120.16910,-175.49790,32.87310,-13.49920,-25.54440,14.44240,-14.8613,-14.9241
2020-09-30,20.94300,10.33700,10.60600,4.32300,20.74300,,25.06600,-14.46000,-4.17800,-18.63800,-18.63800,,-18.63800,-18.63800,-9.03200,-14.46000,0.93220,0.93220,-20.00000,-20.00000,1.79930,0.73630,2.79220,50.64220,-69.04450,-69.04450,-88.99390,-88.99390,0.12390,2.02690,1.68570,53.39060,-64.83690,30.44930,-11.02960,-17.09720,,-8.6183,-8.7877
2020-06-30,20.89900,14.18800,6.71100,3.21400,15.99700,,19.21100,-12.50000,-3.54700,-16.04700,-16.04700,,-16.04700,-16.04700,-12.08300,-12.50000,0.89420,0.89420,-16.00000,-16.00000,1.70390,0.69600,2.28960,32.11160,-59.81150,-59.81150,-76.78360,-76.78360,0.12560,2.98690,1.12540,79.97030,-46.39740,35.71320,-9.64540,-14.10420,,-17.8147,-17.7539
2020-03-31,1.05600,1.71500,-0.65900,2.76500,13.59200,,16.35700,-17.01600,-0.14100,-17.15700,-17.15700,,-17.15700,-17.15700,-16.66600,-17.01600,0.88180,0.88180,-20.00000,-20.00000,5.83120,0.64170,1.79080,-62.40530,-1611.36400,-1611.36400,-1624.71600,-1624.71600,0.00740,0.61980,0.61500,146.33520,-39.30850,-61.72470,-11.95780,-14.08480,,-12.04880,-12.32320
2019-12-31,1.59000,0.78800,0.80200,2.27600,10.29000,,12.56600,-11.76400,0.07300,-11.69100,-11.69100,,-11.69100,-11.69100,-11.51100,-11.76400,0.74230,0.74230,-16.00000,-16.00000,5.01260,,,50.44030,-739.87430,-739.87430,-735.28310,-735.28310,0.02150,0.41870,1.30760,68.83020,-19.48440,-27.14100,-15.77750,-19.48440,68.04880,-16.9943,-17.0303
2019-09-30,1.40100,0.62900,0.77200,2.79900,7.81700,,10.61600,-9.84400,0.00900,-9.83500,-9.83500,,-9.83500,-9.83500,-9.55600,-9.84400,0.70920,0.70920,-12.00000,-12.00000,2.21920,,,55.10350,-702.64100,-702.64100,-701.99860,-701.99860,0.03480,0.32080,1.64240,54.79660,-43.03970,-56.10060,-24.43780,-43.03970,,-12.5406,-12.542
2019-06-30,1.56300,0.42500,1.13800,6.97200,6.54600,,13.51800,-12.38000,1.47200,-10.90800,-10.90800,,-10.90800,-10.90800,-12.15500,-12.38000,0.70920,0.70920,-16.00000,-16.00000,2.84440,,,72.80870,-792.06670,-792.06670,-697.88870,-697.88870,0.03150,0.23270,1.62310,55.45110,-34.19010,-41.03220,-21.94990,-34.19010,,-14.7388,-14.9194
2019-03-31,1.73700,0.41700,1.32000,5.37200,5.16100,,10.53300,-9.21300,-0.65700,-9.87000,-9.87000,,-9.87000,-9.87000,-8.98200,-9.21300,0.70920,0.70920,-12.00000,-12.00000,4.09360,,,75.99310,-530.39730,-530.39730,-568.22110,-568.22110,0.02990,0.32380,1.22410,73.52330,-23.57020,-27.00040,-16.97800,-23.57020,,-10.62150,-10.62990
2018-12-31,1.35900,0.58400,0.77500,5.77800,5.04000,,10.81800,-10.04300,2.35900,-7.68400,-7.68400,,-7.68400,-7.68400,-10.02000,-10.04300,0.57800,0.57800,-12.00000,-12.00000,5.47040,,,57.02720,-738.99970,-738.99970,-565.41590,-565.41590,0.02180,0.75940,1.41860,63.44370,-15.01190,-16.75320,-12.31190,-15.01190,72.17170,-14.9037,-14.9129
2018-09-30,2.20600,0.59800,1.60800,6.62400,4.72000,,11.34400,-9.73600,-0.34700,-10.08300,-10.08300,,-10.08300,-10.08300,-9.71400,-9.73600,0.58740,0.58740,-16.00000,-16.00000,4.34350,,,72.89210,-441.34170,-441.34170,-457.07160,-457.07160,0.04130,1.27510,1.14900,78.33180,-25.30680,-29.17700,-18.89050,-25.30680,,-11.1826,-11.1851
2018-06-30,2.35000,0.72500,1.62500,6.04400,5.13800,,11.18200,-9.55700,-1.56100,-11.11800,-11.11800,,-11.11800,-11.11800,-9.53400,-9.55700,0.53360,0.53360,-20.00000,-20.00000,3.26200,,,69.14890,-406.68080,-406.68080,-473.10640,-473.10640,0.06210,1.05070,1.30850,68.78300,-42.91670,-53.91590,-29.37540,-42.91670,,-15.7197,-15.7234
2018-03-31,2.44500,0.93000,1.51500,6.41600,5.09400,,11.51000,-9.99500,0.06000,-9.93500,-9.93500,,-9.93500,-9.93500,-9.97300,-9.99500,0.53300,0.53300,-20.00000,-20.00000,4.19760,,,61.96320,-408.79350,-408.79350,-406.33950,-406.33950,0.05270,1.66070,1.35160,66.58900,-27.37590,-32.04220,-21.41440,-27.37590,,-17.81680,-17.84120
2017-12-31,2.00100,0.91900,1.08200,8.29200,6.35600,-0.80000,15.44800,-14.36600,3.95300,-10.41300,-10.41300,,-10.41300,-10.41300,-14.34300,-14.36600,0.44140,0.44140,-24.00000,-24.00000,4.36820,,,54.07300,-717.94130,-717.94120,-520.38980,-520.38980,0.03490,1.40740,1.30960,68.72560,-23.10660,-26.17650,-18.15920,-23.10660,84.74850,-30.1085,-30.106
2017-09-30,1.52300,0.93500,0.58800,8.10600,6.44700,,14.55300,-13.96500,-1.54700,-15.51200,-15.51200,,-15.51200,-15.51200,-13.93900,-13.96500,0.42920,0.42920,-36.00000,-36.00000,3.64180,,,38.60800,-916.94030,-916.94030,-1018.51600,-1018.51600,0.03030,4.23080,1.08860,82.67240,-45.67590,-55.64640,-30.83960,-45.67590,,-24.5713,-24.6668
2017-06-30,0.48300,0.27200,0.21100,8.43400,5.31600,,13.75000,-13.53900,2.51600,-11.02300,-11.02300,,-11.02300,-11.02300,-13.52100,-13.53900,0.42900,0.42900,-24.00000,-24.00000,5.26040,,,43.68530,-2803.10500,-2803.10500,-2282.19500,-2282.19500,0.00780,0.44590,0.62080,144.96890,-22.58670,-25.78300,-17.78330,-22.58670,,-22.4615,-22.6992
2017-03-31,,,,8.13700,1.92000,-0.04500,,-10.10200,1.50600,-8.59600,-8.59600,,-8.59600,-8.59600,-10.08800,-10.10200,0.42530,0.42530,-20.00000,-20.00000,10.93310,,,,,,,,,,,,-14.58280,-16.25080,-12.34970,-14.58280,,-24.27280,-24.27280
2016-12-31,0.10000,,0.10000,7.49600,1.59600,,,-8.99200,0.64200,-8.35000,-8.35000,,-8.35000,-8.35000,-8.98000,-8.99200,0.32130,0.32130,-26.17600,-22.17600,12.66150,,,100.00000,-8991.99800,-8991.99800,-8350.00000,-8350.00000,0.00130,,1.01010,89.10000,-13.31720,-14.75110,-11.25160,-13.31720,152.03010,-31.1949,-31.2868
2016-09-30,,,,7.03800,1.41600,,,-8.45400,-0.49000,-8.94400,-8.94400,,-8.94400,-8.94400,-8.44300,-8.45400,0.31870,0.31870,-28.06400,-28.06400,5.83600,,,,,,,,,,,,-22.09210,-25.98110,-18.29790,-22.09210,,-23.1371,-23.1685
2016-06-30,0.00100,,0.00100,6.03100,1.16400,,,-7.19400,0.64200,-6.55200,-6.55200,,-6.55200,-6.55200,-7.18300,-7.19400,0.31840,0.31880,-20.00000,-24.00000,7.38890,,,,,,,,0.00000,,,,-13.37690,-15.26560,-11.64660,-13.37690,,-17.9488,-17.9988
2016-03-31,,,,4.67600,1.22700,,,-5.90300,0.37900,-5.52400,-5.52400,,-5.52400,-5.52400,-5.89300,-5.90300,0.31780,0.31780,-17.36000,-17.36000,9.89110,,,,,,,,,,,,-10.05520,-11.30180,-8.97410,-10.05520,,-15.67230,-15.76350
2015-12-31,,,,4.96000,1.82400,,,-6.78400,0.21200,-6.57000,-6.57000,-3.29000,-6.56000,-6.56000,-6.78000,-6.78400,0.32800,0.32800,-20.00000,-20.00000,10.97390,,,,,,,,,,,,-10.91930,-12.14430,-9.81620,-10.91930,189.05510,-15.8212,-15.8093
2015-09-30,0.00100,,0.00100,3.90100,0.69200,,,-4.59200,1.30000,-3.29200,-3.29200,,-3.29200,-3.29200,-4.58300,-4.59200,0.30640,0.30640,-12.00000,-16.00000,15.78990,,,,,,,,0.00000,,,,-4.97430,-5.48300,-4.58880,-4.97360,,-6.1187,-6.133
2015-06-30,0.00100,,0.00100,5.09000,0.80100,,,-5.89000,-0.70600,-6.59600,-6.59600,,-6.59600,-6.59600,-5.88200,-5.89000,0.24860,0.24860,-28.00000,-28.00000,6.99500,,,,,,,,0.00000,,,,-23.88990,-30.65060,-19.18560,-23.88130,,-17.9914,-18.011
2015-03-31,0.00100,,0.00100,3.82900,0.92700,,,-4.75500,0.11300,-4.64200,-4.64200,,-4.64200,-4.64200,-4.74600,-4.75500,0.23420,0.23420,-20.00000,-20.00000,6.39190,,,,,,,,0.00000,,,,-13.70130,-16.71590,-11.26150,-13.70130,,-14.39800,-14.40650
2014-12-31,0.00100,,0.00100,3.72000,1.02000,,,-4.73900,-0.61000,-5.33000,-5.33000,0.00000,-5.32800,-5.32800,-4.77900,-4.73900,0.21970,0.21900,-24.00000,-24.00000,15.12210,,,,,,,,0.00000,,,,-21.30350,-23.78570,-18.46790,-21.30350,113.83700,-26.1013,-26.2792
2014-09-30,0.00400,,0.00400,4.10000,0.91000,,,-5.00600,0.77000,-4.23000,-4.23000,0.00000,-4.23600,-4.23600,-5.00600,-5.00600,0.21180,0.21180,-20.00000,-20.00000,12.23260,,,100.00000,-125150.00000,-125150.00000,-105750.00000,-105900.00000,0.00010,,,,-14.15300,-15.45420,-12.35710,-14.15300,,-18.3684,-18.3731
2014-06-30,0.00400,,0.00400,3.15000,0.96000,,,-4.10600,-0.41000,-4.52000,-4.52000,0.00000,-4.52400,-4.52400,-4.09600,-4.10600,0.21890,0.21890,-20.80000,-20.80000,9.82960,,,100.00000,-102650.00000,-102650.00000,-113000.00000,-113100.00000,0.00010,,,,-13.43630,-14.50930,-11.52910,-13.43630,,-19.043,-19.0876
2014-03-31,7.00500,1.05000,5.95500,1.73000,1.02000,,2.75000,3.20500,0.18000,3.37000,3.37000,0.00000,3.37700,3.37700,3.25500,3.20500,0.20590,0.21650,16.40000,15.60000,31.86070,,,84.93930,45.75300,45.75300,48.10850,48.20840,0.17260,,,,9.11720,9.49930,8.32180,9.11470,,7.71360,7.62120
2013-12-31,0.00100,,0.00100,2.58000,0.93000,,,-3.50900,0.04900,-3.45000,-3.45000,0.00000,-3.44000,-3.44000,-3.49900,-3.50900,0.16030,0.16030,-20.00000,-20.00000,5.22820,,,,,,,,0.00010,,,,-28.88330,-33.14070,-23.98880,-28.85910,,-14.4024,-14.401
2013-09-30,0.00300,,0.00300,2.20000,0.54000,,,-2.73700,0.04700,-2.69000,-2.69000,0.00000,-2.69900,-2.69900,-2.73700,-2.73700,0.15660,0.15660,-17.20000,-17.20000,7.54170,,,100.00000,-91233.33000,-91233.33000,-89666.67000,-89966.66000,0.00020,,,,-18.90060,-21.16860,-16.65020,-18.88730,,-13.1542,-13.1597
2013-06-30,0.00400,,0.00400,1.98000,0.54000,,,-2.51600,0.00700,-2.51000,-2.51000,0.00000,-2.51200,-2.51200,-2.51200,-2.51600,0.15460,0.15460,-16.00000,-16.00000,8.68180,,,100.00000,-62900.00000,-62900.00000,-62749.99000,-62800.00000,0.00020,,,,-16.48290,-18.32240,-14.76780,-16.47210,,-14.4134,-14.8964
2013-03-31,0.00400,,0.00400,1.34000,0.67000,,,-2.00600,0.03700,-1.97000,-1.97000,0.00000,-1.97700,-1.97700,-2.00000,-2.00600,0.16480,0.16480,-12.00000,-12.00000,12.90230,,,100.00000,-50150.00000,-50150.00000,-49250.00000,-49425.00000,0.00020,,,,-11.39480,-12.34080,-10.57790,-11.38830,,-10.61890,-10.19420
2012-12-31,0.00400,,0.00400,,,,,0.00400,,0.00400,0.00400,,-3.35200,-3.35200,0.00400,0.00400,0.13250,0.13250,-28.00000,-28.00000,17.34580,,,100.00000,100.00000,100.00000,100.00000,-83799.99000,0.00020,,,,-17.63280,-18.95930,-16.68490,-17.63280,,-51.2453,-51.3057
2012-09-30,0.00300,,0.00300,,,,,0.00300,,0.00300,0.00300,,-1.96700,-1.96700,0.00300,0.00300,0.13190,0.13190,-16.00000,-16.00000,,,,100.00000,100.00000,100.00000,100.00000,-65566.67000,,,,,,,,,,0,0
2012-06-30,0.00500,,0.00500,,,,,0.00500,,0.00500,0.00500,,-2.27300,-2.27300,0.00500,0.00500,0.13100,0.13100,-17.20000,-17.20000,,,,100.00000,100.00000,100.00000,100.00000,-45460.00000,,,,,,,,,,0,0
2012-03-31,0.00400,,0.00400,,,,,0.00400,,0.00400,0.00400,,-2.73400,-2.73400,0.00400,0.00400,0.13670,0.13670,-20.00000,-20.00000,,,,100.00000,100.00000,100.00000,100.00000,-68349.99000,,,,,,,,,,0.00000,
