Date,revenue,cost-goods-sold,gross-profit,selling-general-administrative-expenses,other-operating-income-expenses,operating-expenses,operating-income,total-non-operating-income-expense,pre-tax-income,total-provision-income-taxes,income-after-taxes,income-from-continuous-operations,net-income,ebitda,ebit,basic-shares-outstanding,shares-outstanding,eps-basic-net-earnings-per-share,eps-earnings-per-share-diluted,current-ratio,long-term-debt-capital,debt-equity-ratio,gross-margin,operating-margin,ebit-margin,pre-tax-profit-margin,net-profit-margin,asset-turnover,inventory-turnover,receiveable-turnover,days-sales-in-receivables,roe,return-on-tangible-equity,roa,roi,book-value-per-share,operating-cash-flow-per-share,free-cash-flow-per-share
2023-09-30,93.68180,22.76860,70.91320,7.08360,-1.91290,31.33970,39.57350,-50.52410,-10.95060,-3.41130,-7.53920,-7.53920,-7.53920,62.82100,39.57350,195.36100,195.36100,-0.04000,-0.04000,0.38600,0.36890,0.58690,75.69580,42.24250,42.24250,-11.68910,-8.04770,0.06870,4.10330,1.90950,47.13400,-1.02790,-1.02790,-0.55300,-0.64870,3.75400,0.2847,0.3002
2023-06-30,79.34860,19.95020,59.39830,6.81020,-1.78410,29.74120,29.65720,-7.22190,22.43530,-6.35630,28.79160,28.79160,28.79160,51.67050,29.65720,193.07800,195.86700,0.15000,0.15000,0.54590,0.35000,0.54130,74.85750,37.37590,37.37590,28.27440,36.28500,0.06190,2.72270,2.28920,39.31490,3.89690,3.89690,2.24580,2.53310,3.78210,0.2147,0.253
2023-03-31,88.08290,21.88080,66.20210,7.13010,-1.78460,30.55230,35.64990,-0.90580,34.74570,2.02990,32.71580,32.71580,32.71580,58.14190,35.64990,177.98400,190.13900,0.18000,0.17000,0.52950,0.37690,0.60590,75.15880,40.47310,40.47310,39.44660,37.14200,0.06870,2.48420,2.20200,40.87200,4.67870,4.67870,2.55310,2.91540,3.87120,0.22970,0.22930
2022-12-31,99.69770,22.59830,77.09940,8.34690,-1.66700,31.26540,45.83400,-28.79940,17.03470,2.54200,14.49270,14.49270,14.49270,67.94220,45.83400,121.26400,141.75500,0.03000,0.11000,0.44550,0.38630,0.63120,77.33320,45.97300,45.97300,17.08630,14.53660,0.07860,2.44290,2.29550,39.20780,2.19220,2.19220,1.14210,1.34550,3.76630,0.511,0.5067
2022-09-30,94.40900,17.59260,76.81630,7.39380,-1.28300,23.24450,53.57190,25.82980,79.40170,4.31580,75.08590,75.08590,75.08590,68.99140,53.57190,115.37600,151.75500,0.65000,0.49000,0.51460,0.40350,0.67830,81.36550,56.74450,56.74450,84.10400,79.53260,0.07540,,1.97670,45.53100,14.83410,11.65880,6.00060,6.95500,4.89430,0.3796,0.3769
2022-06-30,84.96190,12.45890,72.50300,5.83230,-1.58220,18.35000,54.15300,-10.73630,43.41660,1.47220,41.94440,41.94440,41.94440,65.09140,54.15300,106.39100,130.59800,0.39000,0.32000,0.48320,0.43050,0.75970,85.33590,63.73790,63.73790,51.10130,49.36850,0.11400,,2.08000,43.26920,11.71610,11.71610,5.62830,6.67190,3.33850,0.3019,0.2994
2022-03-31,68.18100,12.17150,56.00950,5.52230,-2.33240,17.82420,38.18530,-30.99450,7.19080,0.07880,7.11200,7.11200,7.11200,48.16590,38.18530,100.19300,124.00400,0.07000,0.06000,0.40310,0.47540,0.90790,82.14820,56.00570,56.00570,10.54660,10.43110,0.09680,,1.86620,48.22680,2.29970,2.29970,1.01020,1.20630,3.08660,0.19710,0.19420
2021-12-31,59.66720,10.50970,49.15750,4.96470,-1.66510,17.28740,31.87010,-7.80950,24.06060,-0.05160,24.11220,24.11220,24.11220,42.51360,31.87010,99.38700,121.19300,0.24000,0.26000,0.38880,0.49130,0.96880,82.38610,53.41310,53.41310,40.32470,40.41120,0.08720,,2.25490,39.91230,8.02070,8.02070,3.52440,4.08010,3.00050,0.1916,0.1854
2021-09-30,49.37620,9.22400,40.15220,4.43330,-1.83850,15.76520,24.38700,-10.27180,14.11520,-0.04870,14.16390,14.16390,14.16390,33.86380,24.38700,99.35900,121.22100,0.14000,0.12000,0.29730,0.51730,1.07620,81.31900,49.39030,49.39030,28.58710,28.68580,0.07280,,2.24660,40.06130,5.13860,5.13860,2.08720,2.48040,2.77410,0.0861,0.0814
2021-06-30,47.76010,9.62280,38.13730,3.75720,-1.68570,14.90210,23.23530,-38.93180,-15.69650,0.19060,-15.88720,-15.88720,-15.88720,32.65760,23.23530,99.30050,99.30050,-0.16000,-0.16000,0.31680,0.53550,1.15660,79.85180,48.64990,48.64990,-32.86530,-33.26450,0.07070,,2.02460,44.45220,-6.09410,-6.09410,-2.35120,-2.83090,2.62400,0.1641,0.1618
2021-03-31,39.50250,10.07930,29.42320,2.91300,-1.94380,13.15870,16.26450,-35.33060,-19.06610,,-19.06610,-19.06610,-19.06610,24.55570,16.26450,99.09270,99.09270,-0.19000,-0.19000,0.37000,0.52530,1.10750,74.48430,41.17340,41.17340,-48.26550,-48.26550,0.05890,,1.72970,52.03290,-6.90420,-6.90420,-2.84420,-3.27760,2.78170,0.15830,0.15550
2020-12-31,31.35170,9.36310,21.98860,7.16460,-131.85760,150.39730,-128.40870,-10.69350,-139.10210,21.15210,-160.25430,-160.25430,-160.25430,-117.31740,-128.40870,72.89100,72.89100,-2.10000,-2.10000,0.56300,0.51510,1.06330,70.13530,-409.57550,-409.57540,-443.68340,-511.15080,0.04730,,1.86340,48.29930,-54.36660,-54.36670,-24.15450,-26.36230,3.43280,0.3295,0.3281
2020-09-30,31.46650,9.24670,22.21990,2.49690,-2.15400,15.70870,6.51120,-8.95930,-2.44820,-0.48660,-1.96160,-1.96160,-1.96160,17.75800,6.51120,67.98100,67.98100,-0.03000,-0.03000,1.64930,0.45420,0.83290,70.61430,20.69230,20.69230,-7.78020,-6.23390,0.03760,,2.11830,42.48700,-0.45320,-0.45320,-0.23460,-0.24740,6.36630,0.2165,0.2139
2020-06-30,10.63660,6.08010,4.55650,4.17660,-149.65610,161.40220,-156.84570,-17.27100,-174.11670,-39.11660,-135.00010,-135.00010,-135.00010,-149.08710,-156.84570,67.98080,67.98080,-1.99000,-1.99000,1.95010,0.46360,0.86500,42.83800,-1474.58600,-1474.58600,-1636.95900,-1269.20400,0.01260,,1.15910,77.64350,-31.09150,-31.09150,-15.93460,-16.67740,6.38710,0.039,0.0312
2020-03-31,39.57030,10.29160,29.27870,3.03590,-2.24610,19.19700,10.08170,46.17230,56.25400,12.44990,43.80410,43.80410,43.80410,24.18580,10.08170,67.99380,67.99710,0.64000,0.64000,1.60400,0.39240,0.64640,73.99150,25.47800,25.47800,142.16220,110.69940,0.03910,,2.22230,40.49920,7.71220,7.71220,4.33280,4.68570,8.35350,0.40500,0.39790
2019-12-31,52.23120,7.95630,44.27490,4.57960,-6.96610,26.35290,17.92200,-10.34310,7.57890,2.55220,5.02670,5.02670,5.02670,32.77670,17.92200,66.57170,66.75700,0.07000,0.07000,0.65500,0.41210,0.70140,84.76720,34.31290,34.31290,14.51030,9.62390,0.05370,,2.11280,42.59810,0.96020,0.96020,0.51660,0.56450,7.69940,0.6745,4.5043
2019-09-30,50.33910,17.78530,32.55380,3.74590,-0.11410,18.21140,14.34240,-2.67910,11.66330,2.80530,8.85800,8.85800,8.85800,28.69380,14.34240,67.81110,67.83700,0.13000,0.13000,0.64700,0.41070,0.69740,64.66910,28.49160,28.49160,23.16940,17.59670,0.05230,,2.47770,36.32400,1.68160,1.68160,0.92000,0.99100,7.76770,0.3993,0.4807
2019-06-30,51.33420,13.98200,37.35220,4.74310,-0.12820,19.71580,17.63640,-2.72840,14.90800,3.56540,11.34260,11.34260,11.34260,32.48090,17.63640,67.35760,67.67030,0.17000,0.17000,0.56990,0.41150,0.69970,72.76280,34.35610,34.35610,29.04110,22.09560,0.05340,,2.22520,40.44550,2.19790,2.19790,1.18000,1.29340,8.16170,0.3697,-3.3838
2019-03-31,41.79830,11.61980,30.17850,6.79800,,19.94300,10.23550,-1.10150,9.13400,4.86480,4.26930,4.26930,4.26930,23.38050,10.23550,63.23000,63.99300,0.07000,0.07000,0.39290,0.15120,0.17810,72.20030,24.48780,24.48780,21.85260,10.21400,0.04520,,1.37070,65.66120,0.89970,0.89970,0.46140,0.76370,7.50470,0.15360,-0.05510
2018-12-31,27.56190,9.38890,18.17300,3.42540,,28.15980,-9.98680,1.52900,-8.45780,-1.37850,-7.07930,-7.07930,-7.07930,0.57530,-9.98680,59.53120,60.84820,-0.12000,-0.12000,0.32450,0.07870,0.08540,65.93510,-36.23390,-36.23400,-30.68660,-25.68510,0.04860,,2.08460,43.17360,-1.53030,-1.53030,-1.24840,-1.40990,7.31610,0.3152,0.3049
2018-09-30,32.68720,8.76900,23.91810,3.20510,,14.30320,9.61500,-3.32450,6.29060,0.59690,5.69360,5.69360,5.69360,20.71300,9.61500,60.40540,61.83040,0.09000,0.09000,0.35990,0.03580,0.03720,73.17290,29.41530,29.41530,19.24480,17.41850,0.06130,,2.42980,37.04070,1.24430,1.24430,1.06690,1.19970,7.56460,0.304,0.2906
2018-06-30,29.92490,8.06730,21.85760,3.15120,0.00000,12.46000,9.39760,-3.41870,5.97890,1.25900,4.71980,4.71980,4.71980,18.70630,9.39760,60.38800,61.96400,0.08000,0.08000,0.62100,,,73.04150,31.40380,31.40380,19.97950,15.77220,0.05940,,2.36070,38.12400,1.04680,1.04680,0.93750,1.04680,7.46660,0.7729,0.7399
2018-03-31,29.89140,7.20780,22.68360,3.08600,,11.74850,10.93510,-2.30130,8.63390,2.96820,5.66560,5.66560,5.66560,19.59760,10.93510,56.41570,57.94940,0.10000,0.10000,2.07060,,,75.88670,36.58280,36.58280,28.88410,18.95410,0.06170,,2.12240,42.40420,1.27270,1.27270,1.17010,1.27270,7.37190,-0.23580,-0.25390
2017-12-31,23.30870,6.58700,16.72160,2.93950,,10.17110,6.55060,-4.11250,2.43810,6.94810,-4.50990,-4.50990,-4.50990,13.78210,6.55060,51.38300,52.80670,-0.10000,-0.10000,0.60120,,,71.74000,28.10370,28.10370,10.46020,-19.34880,0.05630,,1.67830,53.62430,-1.26470,-1.26470,-1.08910,-1.26470,6.57650,0.29,0.2413
2017-09-30,16.64390,5.04970,11.59420,2.36910,,7.30220,4.29210,0.15140,4.44350,1.36970,3.07380,3.07380,3.07380,9.22510,4.29210,53.01000,54.36800,0.06000,0.06000,2.29740,,,69.66040,25.78770,25.78770,26.69720,18.46780,0.04270,,1.95530,46.02890,0.85320,0.85320,0.78790,0.85320,6.65370,0.1616,0.1544
2017-06-30,14.50330,4.20550,10.29780,2.36610,,7.67620,2.62160,0.04730,2.66890,0.75820,1.91080,1.91080,1.91080,7.93160,2.62160,49.15700,50.47400,0.04000,0.04000,0.87310,,,71.00280,18.07600,18.07600,18.40220,13.17470,0.04400,,1.63760,54.95780,0.64340,0.64340,0.57910,0.64340,6.04000,0.1405,-0.2753
2017-03-31,12.24380,3.28860,8.95520,2.84110,,6.45230,2.50290,0.11670,2.61950,1.34030,1.27930,1.27930,1.27930,6.11400,2.50290,49.11500,50.41400,0.03000,0.03000,3.26370,,,73.14040,20.44180,20.44180,21.39480,10.44840,0.03810,,2.43530,36.95650,0.43470,0.43470,0.39830,0.43470,5.99100,0.21850,0.14070
2016-12-31,9.83070,3.32030,6.51040,2.00400,,5.07240,1.43800,-0.07810,1.35990,1.83690,-0.47700,-0.47700,-0.47700,4.50640,1.43800,38.71100,38.71100,0.08000,0.08000,8.26660,,,66.22510,14.62770,14.62770,13.83360,-4.85220,0.03200,,2.51570,35.77490,-0.16420,-0.16420,-0.15510,-0.16420,5.91580,0.1729,0.0564
2016-09-30,7.82250,2.71830,5.10430,1.88260,-9.64890,14.22540,-9.12120,-0.08940,-9.21060,-3.26650,-5.94410,-5.94410,-5.94410,-6.42720,-9.12120,41.91700,41.91700,-0.14000,-0.14000,0.82790,,,65.25100,-116.60150,-116.60150,-117.74490,-75.98730,0.03440,,2.18720,41.14900,-2.80520,-2.80520,-2.61470,-2.80520,5.05510,0.1937,0.0933
2016-06-30,7.10460,2.54410,4.56050,1.92040,-25.45200,30.07660,-25.51610,-0.01240,-25.52850,-9.58700,-15.94150,-15.94150,-15.94150,-22.81190,-25.51610,38.62500,38.62500,-0.41000,-0.41000,3.50820,,,64.19020,-359.14840,-359.14840,-359.32250,-224.38250,0.03110,,1.91010,47.11690,-7.33640,-7.33640,-6.97440,-7.33640,5.18390,-0.0196,-0.0452
2016-03-31,6.09240,2.78970,3.30270,2.22010,-21.41210,27.13620,-23.83350,-0.41260,-24.24610,-8.97110,-15.27500,-15.27500,-15.27500,-20.32950,-23.83350,30.39400,30.39400,-0.50000,-0.50000,0.99540,0.22880,0.29670,54.21000,-391.20100,-391.20100,-397.97370,-250.72340,0.02570,,1.88490,47.74690,-8.90350,-8.90350,-6.43810,-6.86630,5.64410,-0.05730,-0.07840
2015-12-31,7.36240,3.32500,4.03730,2.22000,,15.34850,-11.31110,-0.31500,-11.62610,-4.15310,-7.47300,-7.47300,-7.47300,-7.49490,-11.31110,28.17700,28.17700,-0.26000,-0.26000,0.76890,0.19770,0.24650,54.83750,-153.63370,-153.63370,-157.91250,-101.50290,0.02930,,1.77960,50.57220,-4.01280,-4.01280,-2.97890,-3.21930,6.12760,0.2484,0.0242
2015-09-30,8.62900,3.32760,5.30140,2.00260,0.00000,6.77490,-1.47350,-0.34890,-1.82240,-0.68420,-1.13830,-1.13830,-1.13830,3.29870,-1.47350,30.37300,30.37300,-0.04000,-0.04000,1.17240,0.17480,0.21180,61.43660,-17.07630,-17.07630,-21.11970,-13.19120,0.03430,,1.60280,56.15080,-0.58950,-0.58950,-0.45190,-0.48650,6.35370,0.1925,0.4739
2015-06-30,8.97680,2.62890,6.34780,2.04370,0.00000,5.32820,1.01970,-0.07900,0.94070,0.40650,0.53420,0.53420,0.53420,4.30410,1.01970,26.12200,27.17300,0.02000,0.02000,1.94180,0.17530,0.21260,70.71400,11.35920,11.35920,10.47910,5.95050,0.03570,,1.35020,66.65620,0.27760,0.27760,0.21250,0.22900,6.35460,0.1275,-2.6627
2015-03-31,6.04570,2.14480,3.90090,1.72900,0.00000,5.45030,-1.54940,0.00080,-1.54860,-0.57300,-0.97560,-0.97560,-0.97560,2.17190,-1.54940,25.74700,25.74700,-0.04000,-0.04000,1.27760,0.06570,0.07030,64.52310,-25.62790,-25.62790,-25.61510,-16.13750,0.03610,,1.03260,87.16150,-0.68570,-0.68570,-0.58220,-0.64070,5.52170,-0.23490,-0.27840
2014-12-31,9.98500,2.25940,7.72560,1.78760,,4.14320,3.58230,0.00740,3.58980,0.88110,2.70860,2.70860,2.70860,5.93800,3.58230,24.74000,25.89000,0.10000,0.11000,0.92750,,,77.37240,35.87730,35.87730,35.95180,27.12720,0.05960,,1.58480,56.78950,1.90020,1.90020,1.61570,1.90020,5.53910,0.484,0.3507
2014-09-30,10.92980,1.85200,9.07780,1.81610,,6.35360,2.72420,0.01620,2.74040,1.01400,1.72650,1.72650,1.72650,7.26160,2.72420,25.70740,26.88170,0.07000,0.06000,3.67450,,,83.05530,24.92460,24.92460,25.07310,15.79600,0.07040,,2.50330,35.95190,1.24020,1.24020,1.11230,1.24020,5.41130,0.2998,0.2607
2014-06-30,11.20420,1.59490,9.60930,1.63480,,5.15000,4.45940,0.01960,4.47890,1.65720,2.82170,2.82170,2.82170,7.97450,4.45940,23.90800,25.15200,0.12000,0.11000,5.84390,,,85.76500,39.80080,39.80080,39.97550,25.18460,0.07440,,2.34370,38.40120,2.06600,2.06600,1.87420,2.06600,5.32560,0.2136,0.1014
2014-03-31,5.97050,1.04710,4.92340,1.56450,,3.11900,1.80440,0.04270,1.84710,0.68340,1.16360,1.16360,1.16360,3.35890,1.80440,23.58100,24.70500,0.05000,0.05000,4.20500,,,82.46260,30.22140,30.22140,30.93710,19.49010,0.05090,,2.07230,43.43080,1.11470,1.11470,0.99250,1.11470,4.42290,0.30460,-0.02910
2013-12-31,5.05140,0.79400,4.25750,2.00420,,2.64740,1.61010,0.00260,1.61270,,1.53500,1.53500,1.53500,2.25330,1.61010,16.37700,16.37700,0.11000,0.11000,7.78590,,,84.28230,31.87380,31.87380,31.92480,30.38660,0.04520,,1.29910,69.27860,1.49600,1.49600,1.37390,1.49600,4.35210,0.2119,0.1263
2013-09-30,2.82070,0.42210,2.39860,1.61130,,2.54240,-0.14370,0.01220,-0.13150,0.00000,-0.13150,-0.13150,-0.13150,0.78730,-0.14370,17.80130,17.80130,-0.01000,-0.01000,1.84040,,,85.03490,-5.09570,-5.09570,-4.66170,-4.66170,0.05350,,1.63770,54.95350,-0.28720,-0.28720,-0.24940,-0.28720,2.57230,0.1882,0.0775
2013-06-30,1.29160,0.27390,1.01770,1.49960,,1.90810,-0.89040,,-0.89040,,-0.89040,-0.89040,-0.89040,-0.48190,-0.89040,14.35030,14.35030,-0.06000,-0.06000,9.34940,,,78.79130,-68.93830,-68.93830,-68.93830,-68.93830,0.02660,,2.78410,32.32700,-1.97720,-1.97720,-1.83630,-1.97720,2.52980,0.1217,0.004
2013-03-31,1.15200,0.19450,0.95750,1.56770,,1.92270,-0.96530,,-0.96530,0.00000,-0.96530,-0.96530,-0.96530,-0.61020,-0.96530,14.22900,14.22900,-0.07000,-0.07000,6.66960,,,83.11810,-83.79480,-83.79480,-83.79480,-83.79480,0.04040,,2.37850,37.83900,-3.64250,-3.64250,-3.38370,-3.64250,1.85670,-0.02620,-0.03430
2012-12-31,0.71220,0.22690,0.48530,0.56670,,0.78700,-0.30170,0.13520,-0.16650,,0.13380,0.13380,0.13380,-0.08140,-0.30170,8.07300,8.07300,0.18000,0.18000,4.93740,,,68.14430,-42.36310,-42.36310,-23.37940,18.79030,0.02500,,1.70390,52.81930,0.51080,0.51080,0.46930,0.51080,1.84950,-0.0486,-0.4983
2012-09-30,0.37470,0.23420,0.14050,0.67140,,0.79350,-0.65290,0.02150,-0.63150,0.00000,-0.63150,-0.63150,-0.63150,-0.53090,-0.65290,11.43370,11.43370,-0.06000,-0.06000,5.61460,,,37.50210,-174.23670,-174.23670,-168.50470,-168.50470,0.01690,,2.86460,31.41770,-3.13740,-3.13740,-2.84080,-3.13740,1.54890,0.1867,0.2179
2012-06-30,0.34250,0.23390,0.10860,0.49720,,0.59670,-0.48810,-0.05330,-0.54140,0.00000,-0.54140,-0.54140,-0.54140,-0.38860,-0.48810,3.58460,3.58460,-0.15000,-0.15000,1.22510,,0.60510,31.69810,-142.49770,-142.49770,-158.05610,-158.05610,0.02420,,3.77420,23.84620,-6.55230,-6.55230,-3.82780,-6.55230,0.82460,-0.1081,-0.1131
2012-03-31,0.32800,0.17390,0.15410,0.65730,,0.74320,-0.58910,-0.04110,-0.63030,0.00000,-0.63030,-0.63030,-0.63030,-0.50320,-0.58910,3.44000,3.44000,-0.18000,-0.18000,272.83960,,,46.97270,-179.61030,-179.61030,-192.15500,-192.15500,0.03440,,,,-6.64030,-6.64030,-6.61970,-6.64030,1.64020,-0.03390,-0.08670
2011-12-31,0.28110,0.18570,0.09540,0.26010,,0.30600,-0.21060,0.19370,-0.01690,,-0.01690,-0.01690,-0.01690,-0.16910,-0.21060,6.07800,6.07800,0.00400,0.00400,0.46890,1.68540,-2.45890,33.93690,-74.94010,-74.94000,-6.01020,-6.01020,0.04170,,3.08780,29.14740,0.41130,0.41130,-0.25050,-0.28200,-1.19380,-0.0387,-0.2637
2011-09-30,0.16250,0.05930,0.10320,0.12390,,0.17490,-0.07160,0.19850,0.12690,0.00000,0.12690,0.12690,0.12690,-0.02070,-0.07160,6.25000,6.25000,0.02000,0.02000,288.29570,,,63.49280,-44.07580,-44.07580,78.06460,78.06460,0.25880,,,,20.27610,20.27610,20.20630,20.27610,0.17640,0.0509,-0.2407
2011-06-30,0.03940,0.02230,0.01720,0.02440,,0.02840,-0.01130,-0.00330,-0.01450,0.00000,-0.01450,-0.01450,-0.01450,-0.00260,-0.01130,6.25000,6.25000,-0.00200,-0.00200,,,,43.55110,-28.53770,-28.53770,-36.89280,-36.89280,0.04420,,,,-1.62890,-1.62890,-1.62890,-1.62890,0.25170,0.0059,-0.3258
2011-03-31,0.00260,0.00060,0.00200,0.02620,-0.00020,0.02680,-0.02470,0.00080,-0.02400,0.00000,-0.02400,-0.02400,-0.02400,-0.02440,-0.02470,3.54820,3.54820,-0.01000,-0.01000,,,,77.13420,-942.53050,-942.53050,-912.80490,-912.80490,0.00290,,1.04830,85.84990,-2.63440,-2.63440,-2.62870,-2.63440,0.25630,-0.00860,-0.00860
2010-12-31,0.00000,0.00180,-0.00180,0.01500,-0.00020,0.01540,-0.01720,0.00090,-0.01640,,-0.01640,-0.01640,-0.01640,-0.01690,-0.01720,3.54820,3.54820,,0.00000,140.89650,,,,,,,,0.00000,,,,-1.75360,-1.75360,-1.74120,-1.75360,0.26300,-0.0022,-0.0022
2010-09-30,0.00180,0.00340,-0.00160,0.00950,-0.00020,0.01000,-0.01160,0.00090,-0.01070,0.00000,-0.01070,-0.01070,-0.01070,-0.01130,-0.01160,3.54820,3.54820,0.00000,0.00000,,,,,,,,,0.00190,,0.77720,115.79930,-1.12490,-1.12490,-1.12390,-1.12490,0.26760,-0.0027,-0.0027
2010-06-30,0.00130,0.00140,-0.00020,0.00950,-0.00050,0.01030,-0.01040,-0.02160,-0.03200,0.00000,-0.03200,-0.03200,-0.03200,-0.01010,-0.01040,3.54820,3.54820,-0.01000,-0.01000,,,,,,,,,0.00130,,0.44110,204.03810,-3.33560,-3.33560,-3.33350,-3.33560,0.27060,-0.0036,-0.0036
2010-03-31,0.00520,0.00180,0.00340,0.02040,-0.00090,0.02310,-0.01970,0.00030,-0.01930,0.00000,-0.01930,-0.01930,-0.01930,-0.01790,-0.01970,3.54820,3.54820,-0.01000,-0.01000,162.99430,,,64.90280,-378.94940,-378.94940,-372.23390,-372.23390,0.00520,,1.30280,69.08020,-1.94960,-1.94960,-1.93800,-1.94960,0.27970,-0.00920,-0.00920
2009-12-31,,,,,,,,,,,,,,,,,,,0.00000,,,,,,,,,,,,,,,,,,0.0006,0.0006
2009-09-30,,,,0.01080,-0.00040,,-0.01150,-0.23990,-0.25140,0.00000,-0.25140,-0.25140,-0.25140,-0.01120,-0.01150,3.54120,3.54120,-0.07000,-0.07000,,,,,,,,,,,,,,,,,,-0.0006,-0.0006
2009-06-30,,,,0.01360,-0.00260,,-0.01640,0.01530,-0.00110,0.00000,-0.00110,-0.00110,-0.00110,-0.01630,-0.01640,3.54120,3.54120,0.00000,0.00000,45.70070,,,,,,,,,,,,-0.08390,-0.08390,-0.08240,-0.08390,0.36950,0.006,0.0084
2009-03-31,,,,0.01330,-0.00050,,-0.01420,0.00400,-0.01020,0.00000,-0.01020,-0.01020,-0.01020,-0.01370,-0.01420,3.54120,3.54120,0.00000,0.00000,267.05510,,,,,,,,,,,,-0.77600,-0.77600,-0.77310,-0.77600,0.37050,-0.00600,-0.00840
