Date,revenue,gross-profit,research-development-expenses,selling-general-administrative-expenses,other-operating-income-expenses,operating-income,total-non-operating-income-expense,pre-tax-income,total-provision-income-taxes,income-after-taxes,income-from-continuous-operations,income-from-discontinued-operations,net-income,ebitda,ebit,basic-shares-outstanding,shares-outstanding,eps-basic-net-earnings-per-share,eps-earnings-per-share-diluted,current-ratio,long-term-debt-capital,debt-equity-ratio,gross-margin,operating-margin,ebit-margin,pre-tax-profit-margin,net-profit-margin,asset-turnover,receiveable-turnover,days-sales-in-receivables,roe,return-on-tangible-equity,roa,roi,book-value-per-share,operating-cash-flow-per-share,free-cash-flow-per-share
2023-10-31,0.06800,0.06800,0.48900,2.04000,,-2.47800,-1.06000,-3.53800,-0.00600,-3.53200,-3.76000,,-3.63800,-2.46100,-2.47800,23.64500,23.64500,-0.15000,-0.15000,82.94010,,,100.00000,-3644.11700,-3644.11700,-5202.94100,-5350.00000,0.00070,0.10450,861.61760,-3.97830,-3.97830,-3.93710,-3.97830,3.86470,-0.09020,-0.09020
2023-07-31,0.06800,0.06800,1.26600,1.39500,,-2.61100,4.07400,1.46300,0.01400,1.44900,1.25600,-0.06500,1.21900,-2.59300,-2.61100,23.26300,23.26300,0.05000,0.05000,38.66710,,,100.00000,-3839.70600,-3839.70600,2151.47000,1792.64700,0.00070,0.11330,794.11760,1.29980,1.29980,1.27090,1.29980,3.98010,-0.0642,-0.0642
2023-04-30,0.07100,0.07100,0.74000,2.34300,,-3.03100,1.27200,-1.75900,-0.26900,-1.49000,-1.49000,,-1.43700,-2.79200,-3.03100,23.37200,23.37200,-0.06000,-0.06000,60.27500,,,100.00000,-4269.01400,-4269.01400,-2477.46500,-2023.94400,0.00070,0.11810,761.83090,-1.57020,-1.57020,-1.54640,-1.57020,3.90600,-0.0529,-0.0529
2023-01-31,0.07000,0.07000,2.22500,2.08500,,-4.25900,1.01200,-3.24700,0.00500,-3.25200,-3.25200,-0.15700,-3.25000,-4.46000,-4.25900,23.15500,23.15500,-0.14000,-0.14000,45.76040,,,100.00000,-6084.28500,-6084.28500,-4638.57200,-4642.85700,0.00070,0.11950,753.42860,-3.36870,-3.36870,-3.29980,-3.36870,3.97100,-0.2388,-0.2388
2022-10-31,0.07000,0.07000,2.08100,3.10900,,-5.14200,-0.06000,-5.20200,-0.00500,-5.19700,-5.20700,6.70000,1.59200,-5.12000,-5.14200,23.01500,23.01500,0.07000,0.07000,29.60730,,,100.00000,-7345.71400,-7345.71400,-7431.42900,2274.28600,0.00070,0.22880,393.42860,-5.20880,-5.20880,-5.04480,-5.20880,4.08490,-0.11210,-0.11210
2022-07-31,0.06900,0.06900,1.84100,3.04800,0.18800,-4.83800,0.08000,-4.64500,0.00600,-4.65100,-4.63900,-0.21400,-4.78400,-5.19500,-4.83800,19.76700,19.76700,-0.24000,-0.24000,5.15300,,0.15430,100.00000,-7011.59500,-7011.59500,-6731.88400,-6933.33300,0.00060,0.23230,387.39130,-4.77230,-4.77230,-3.92070,-4.77230,3.97160,-0.0957,-0.0958
2022-04-30,0.07600,0.07600,1.41300,3.33600,,-4.69000,-0.29100,-4.98100,0.00200,-4.98300,-4.98300,-0.56500,-5.52900,-4.54800,-4.69000,19.75900,19.75900,-0.28000,-0.28000,3.51370,,0.15700,100.00000,-6171.05200,-6171.05200,-6553.94700,-7275.00000,0.00070,0.08550,1052.76300,-5.25050,-5.25050,-4.41830,-5.25050,4.56980,-0.523,-0.5229
2022-01-31,0.07400,0.07400,3.33500,-1.68000,,-1.59900,-0.45400,-2.05300,0.00400,-2.05700,-2.05700,-0.50800,-2.32100,-1.45600,-1.59900,19.71300,19.71300,-0.12000,-0.12000,3.13400,,0.14830,100.00000,-2160.81100,-2160.81100,-2774.32400,-3136.48700,0.00060,0.12010,749.18910,-2.06410,-2.06410,-1.67830,-2.06410,5.02910,-0.3589,-0.359
2021-10-31,0.19100,0.19100,2.15300,12.27400,-35.28300,-49.53800,-78.75500,-128.29300,,-128.29300,-128.86800,-0.54300,-112.02400,-49.39400,-49.53800,18.94800,18.94800,-5.91000,-5.91000,4.54890,,0.12960,100.00000,-25936.12000,-25936.12000,-67169.11000,-58651.31000,0.00150,0.26830,335.49740,-113.97990,-113.97990,-98.82060,-113.97990,5.47010,-0.34170,-0.34170
2021-07-31,0.18900,0.18900,1.56200,11.49900,,-12.89000,0.58700,-12.31100,-0.00500,-12.30600,-12.22100,-0.22700,-12.38000,-13.89900,-12.89000,16.52300,16.52300,-0.75000,-0.75000,0.85330,,0.10630,100.00000,-6820.10600,-6820.10600,-6513.75600,-6550.26500,0.00120,0.80430,111.90480,-8.93980,-8.93980,-7.93290,-8.93980,7.71290,-0.4271,-0.4082
2021-04-30,0.99000,0.99000,1.26200,3.00600,,-3.47900,0.73700,-2.74200,0.00400,-2.74600,-2.65000,,-2.55300,-3.27800,-3.47900,16.66900,16.66900,-0.15000,-0.15000,1.22880,,,100.00000,-351.41410,-351.41410,-276.96970,-257.87880,0.00680,3.99190,22.54550,-1.87600,-1.87600,-1.81250,-1.87600,8.42370,-0.1753,-0.1837
2021-01-31,0.95900,0.95900,1.56800,2.76700,-7.00000,-10.81700,2.48800,-8.32900,0.00400,-8.33300,-8.23700,,-8.16500,-10.37600,-10.81700,16.17200,16.17200,-0.50000,-0.50000,0.61740,,,100.00000,-1127.94600,-1127.94600,-868.50890,-851.40770,0.00660,7.73390,11.63710,-6.08400,-6.08400,-5.63220,-6.08400,8.23570,-0.1741,-0.1826
2020-10-31,1.05300,1.05300,0.51500,2.59200,,-2.49100,0.96900,-1.52200,-0.00500,-1.51700,-1.42100,,-1.44600,-2.05400,-2.49100,15.82300,15.82300,-0.09000,-0.09000,1.56390,,,100.00000,-236.56220,-236.56220,-144.53940,-137.32190,0.00780,3.40780,26.41030,-1.09890,-1.09890,-1.05560,-1.09890,8.16800,-0.16770,0.05440
2020-07-31,1.24000,1.24000,1.06400,2.77500,,-3.05200,1.38800,-1.66400,0.01300,-1.67700,-5.53800,,-5.40500,-2.59900,-3.05200,15.76500,15.76500,-0.34000,-0.34000,1.71680,,,100.00000,-246.12910,-246.12910,-134.19360,-435.88720,0.00910,4.64420,19.37900,-4.24280,-4.24280,-4.06170,-4.24280,8.25290,-0.1079,-0.1106
2020-04-30,1.22400,1.22400,0.63400,2.08100,,-1.96500,-0.32300,-2.28800,0.00800,-2.29600,-2.24300,,-2.15900,-1.49100,-1.96500,15.81400,15.81400,-0.14000,-0.14000,6.16970,0.00020,0.00020,100.00000,-160.53920,-160.53920,-186.92810,-176.38890,0.00890,4.68970,19.19120,-1.65140,-1.65140,-1.63210,-1.65100,8.58790,-0.0678,-0.07
2020-01-31,1.23600,1.23600,0.44800,2.22100,,-1.90600,0.59000,-1.31600,0.01200,-1.32800,-1.32800,,-1.25300,-1.43300,-1.90600,15.79000,15.79000,-0.08000,-0.08000,8.60450,0.00020,0.00020,100.00000,-154.20710,-154.20710,-106.47250,-101.37540,0.00890,3.80310,23.66510,-0.96290,-0.96290,-0.95380,-0.96270,8.72520,-0.0605,-0.0688
2019-10-31,1.21000,1.21000,0.24500,2.04100,,-1.54200,-0.10600,-1.64800,-0.00400,-1.64400,-1.64400,,-1.59800,-1.02200,-1.54200,15.64100,15.64100,-0.10000,-0.10000,9.71670,0.00020,0.00020,100.00000,-127.43800,-127.43800,-136.19830,-132.06610,0.00860,5.28380,17.03310,-1.18310,-1.18310,-1.17090,-1.18280,8.80400,-0.05980,-0.08040
2019-07-31,1.40200,1.40200,0.07800,3.59300,,-2.75200,0.34300,-2.40900,0.00200,-2.41100,-2.41100,,-2.18600,-2.26300,-2.75200,13.27500,13.27500,-0.16000,-0.16000,9.29290,0.10740,0.12030,100.00000,-196.29090,-196.29090,-171.82590,-155.92010,0.00990,3.11560,28.88730,-1.93240,-1.93240,-1.69620,-1.72490,8.95650,-0.0536,-0.0576
2019-04-30,1.37700,1.37700,0.30000,2.05900,,-1.41800,0.26400,-1.15400,-0.00700,-1.14700,-1.14700,,-1.00500,-0.97600,-1.41800,13.92500,13.92500,-0.07000,-0.07000,14.98570,0.10560,0.11810,100.00000,-102.97750,-102.97750,-83.80540,-72.98480,0.00960,2.04910,43.92160,-0.90410,-0.90700,-0.79960,-0.80860,9.10990,-0.1157,-0.1375
2019-01-31,1.01700,1.01700,0.27600,1.71600,,-1.40600,0.72200,-0.68400,0.01700,-0.70100,-0.70100,,-1.02100,-0.97000,-1.40600,13.49000,13.49000,-0.08000,-0.08000,13.03980,0.10460,0.11680,100.00000,-138.24980,-138.24980,-67.25660,-100.39330,0.00710,2.85670,31.50440,-0.54840,-0.54980,-0.48620,-0.49100,9.18330,-0.009,-0.0112
2018-10-31,1.13500,1.13500,0.37300,1.45300,,-1.12000,0.42400,-0.69600,-0.03100,-0.66500,-0.66500,,-0.48100,-0.69100,-1.12000,12.56600,12.56600,-0.04000,-0.04000,46.11110,0.00500,0.00510,100.00000,-98.67840,-98.67840,-61.32160,-42.37890,0.00970,2.99470,30.05290,-0.57760,-0.57930,-0.57020,-0.57470,9.15660,-0.05760,-0.05970
2018-07-31,1.21600,1.21600,,1.03800,,-1.23900,-0.12900,-1.36800,-0.01100,-1.35700,-1.35700,,-1.24400,-0.16000,-1.23900,12.48500,12.48500,-0.11000,-0.11000,49.95740,0.00240,0.00240,100.00000,-101.89140,-101.89140,-112.50000,-102.30270,0.01040,4.23690,21.24180,-1.17420,-1.17420,-1.16060,-1.17140,9.20910,-0.0601,-0.0713
2018-04-30,1.09300,1.09300,0.00000,1.40200,,-0.73100,0.06700,-0.66400,0.00500,-0.66900,-0.66900,,-0.53100,-0.30800,-0.73100,12.54200,12.54200,-0.04000,-0.04000,64.52260,-0.00540,-0.00540,100.00000,-66.88010,-66.88010,-60.75020,-48.58190,0.00950,2.69210,33.43090,-0.58200,-0.58290,-0.58130,-0.58520,9.16520,-0.0886,-0.0761
2018-01-31,0.95600,0.95600,,1.34300,,-0.81600,0.10900,-0.70700,0.01500,-0.72200,-0.72200,,-0.54600,-0.38800,-0.81600,12.54200,12.54200,-0.04000,-0.04000,23.35530,0.31670,0.46350,100.00000,-85.35570,-85.35570,-73.95400,-57.11300,0.01230,4.23010,21.27620,-1.37190,-1.37600,-0.92990,-0.93750,,0.0056,-0.0347
2017-10-31,1.10600,1.10600,,1.73600,,-1.05500,0.15500,-0.90000,8.42800,-9.32800,-9.32800,,-9.32800,-0.63000,-1.05500,12.54200,12.54200,-0.74000,-0.74000,,,,100.00000,-95.38880,-95.38880,-81.37430,-843.39970,,,,,,,,,-0.00230,-0.02010
2017-07-31,,,,,,,,,,,,,,,,,,,0.00000,,,,,,,,,,,,,,,,,0.0381,0.1649
2017-04-30,1.28200,1.28200,,1.03500,,-0.16400,0.13700,-0.02700,0.03800,-0.06500,-0.06500,,-0.06500,0.27000,-0.16400,12.54200,12.54200,-0.01000,-0.01000,,,,100.00000,-12.79250,-12.79250,-2.10610,-5.07020,,,,,,,,,-0.0381,-0.1649
2017-01-31,1.33700,1.33700,,0.77600,,0.12700,0.05300,0.18000,0.01400,0.16600,0.16600,,0.16600,0.12700,0.12700,,,,0.00000,,,,100.00000,9.49890,9.49890,13.46300,12.41590,,,,,,,,,0,0
2016-07-31,,,,,,,,,,,,,,,,,,,0.00000,,,,,,,,,,,,,,,,,0,0
