Date,revenue,cost-goods-sold,gross-profit,other-operating-income-expenses,operating-expenses,operating-income,total-non-operating-income-expense,pre-tax-income,total-provision-income-taxes,income-after-taxes,income-from-continuous-operations,net-income,ebitda,ebit,basic-shares-outstanding,shares-outstanding,eps-basic-net-earnings-per-share,eps-earnings-per-share-diluted,long-term-debt-capital,debt-equity-ratio,operating-margin,ebit-margin,pre-tax-profit-margin,net-profit-margin,asset-turnover,roe,return-on-tangible-equity,roa,roi,book-value-per-share,operating-cash-flow-per-share,free-cash-flow-per-share
2023-12-31,5007.00000,4423.00000,584.00000,-318.00000,318.00000,266.00000,-102.00000,164.00000,4.00000,160.00000,160.00000,158.00000,,266.00000,65.85300,66.72100,2.40000,2.37000,,,,,,,,,,,,,,
2023-09-30,5153.00000,4530.00000,623.00000,-253.00000,253.00000,370.00000,10.00000,380.00000,91.00000,289.00000,289.00000,287.00000,370.00000,370.00000,66.00000,67.00000,4.34000,4.29000,0.35310,0.54580,7.18030,7.18030,7.37430,5.56960,0.05890,3.54470,3.54470,0.33060,2.29310,123.77030,15.3244,15.2024
2023-06-30,4156.00000,3571.00000,585.00000,-244.00000,244.00000,341.00000,-76.00000,265.00000,58.00000,207.00000,207.00000,205.00000,341.00000,341.00000,67.00000,68.00000,3.09000,3.05000,0.38050,0.61430,8.20500,8.20500,6.37630,4.93260,0.04670,2.62190,2.62190,0.23250,1.62420,119.23820,3.5882,3.4853
2023-03-31,4251.00000,3609.00000,642.00000,-264.00000,264.00000,378.00000,-27.00000,351.00000,98.00000,253.00000,253.00000,252.00000,378.00000,378.00000,67.00000,68.00000,3.77000,3.72000,0.36600,0.61120,8.89200,8.89200,8.25690,5.92800,0.04770,3.27890,3.27890,0.28390,2.07870,115.96030,23.14710,23.07350
2022-12-31,4388.00000,3881.00000,507.00000,-260.00000,260.00000,247.00000,247.00000,494.00000,95.00000,399.00000,399.00000,397.00000,247.00000,247.00000,66.90000,67.70000,5.94000,5.88000,0.35580,0.55240,5.62900,5.62900,11.25800,9.04740,0.05170,5.56410,5.56410,0.46990,3.58430,107.54990,3.9993,3.9094
2022-09-30,4050.00000,3578.00000,472.00000,-274.00000,274.00000,198.00000,-275.00000,-77.00000,-2.00000,-75.00000,-75.00000,-76.00000,198.00000,198.00000,67.00000,68.00000,-1.13000,-1.13000,0.52920,1.12400,4.88890,4.88890,-1.90120,-1.87650,0.04900,-2.00370,-2.00370,-0.09070,-0.94340,56.01030,12.2794,12.1764
2022-06-30,3903.00000,3412.00000,491.00000,-282.00000,282.00000,209.00000,-62.00000,147.00000,41.00000,106.00000,106.00000,105.00000,209.00000,209.00000,67.00000,68.00000,1.57000,1.55000,0.38210,0.61850,5.35490,5.35490,3.76630,2.69020,0.04610,1.78780,1.78780,0.12530,1.10460,88.48330,1.1617,1.0736
2022-03-31,3917.00000,3356.00000,561.00000,-193.00000,193.00000,368.00000,-101.00000,267.00000,70.00000,197.00000,197.00000,197.00000,368.00000,368.00000,67.00000,68.00000,2.93000,2.91000,0.28340,0.39550,9.39490,9.39490,6.81640,5.02940,0.04360,2.12470,2.12470,0.21950,1.52250,138.41290,2.39710,2.30880
2021-12-31,4359.00000,4047.00000,312.00000,-253.00000,253.00000,59.00000,-2.00000,57.00000,-99.00000,156.00000,156.00000,156.00000,59.00000,59.00000,67.80000,68.30000,2.32000,2.31000,0.21980,0.28180,1.35350,1.35350,1.30760,3.57880,0.04730,1.19870,1.19870,0.16920,0.93520,193.74430,5.0387,4.9811
2021-09-30,4043.00000,3804.00000,239.00000,-229.00000,229.00000,10.00000,-44.00000,-34.00000,-12.00000,-22.00000,-22.00000,-22.00000,10.00000,10.00000,68.00000,68.00000,-0.32000,-0.32000,0.19760,0.24630,0.24730,0.24730,-0.84100,-0.54420,0.04420,-0.17070,-0.17070,-0.02410,-0.13700,190.60650,22.4231,22.3474
2021-06-30,4137.00000,3370.00000,767.00000,-240.00000,240.00000,527.00000,-45.00000,482.00000,138.00000,344.00000,344.00000,344.00000,527.00000,527.00000,68.00000,69.00000,5.06000,5.02000,0.19090,0.23600,12.73870,12.73870,11.65100,8.31520,0.04650,2.55880,2.55880,0.38680,2.07020,197.71460,-1.026,-1.1121
2021-03-31,4119.00000,3671.00000,448.00000,-214.00000,214.00000,234.00000,-48.00000,186.00000,47.00000,139.00000,139.00000,139.00000,234.00000,234.00000,68.00000,68.00000,2.04000,2.03000,0.22810,0.29550,5.68100,5.68100,4.51570,3.37460,0.04860,1.14970,1.14970,0.16390,0.88740,177.83330,34.79410,34.73530
2020-12-31,4143.00000,3705.00000,438.00000,-222.00000,222.00000,216.00000,-47.00000,169.00000,37.00000,132.00000,132.00000,132.00000,216.00000,216.00000,65.40000,65.80000,2.14000,2.12000,0.19930,0.24900,5.21360,5.21360,4.07920,3.18610,0.04890,0.91970,0.91970,0.15590,0.73640,211.19240,9.6186,9.4431
2020-09-30,3643.00000,3100.00000,543.00000,-211.00000,211.00000,332.00000,-47.00000,285.00000,72.00000,213.00000,213.00000,213.00000,332.00000,332.00000,68.00000,68.00000,3.13000,3.12000,0.21280,0.27040,9.11340,9.11340,7.82320,5.84680,0.04440,1.61190,1.61190,0.25940,1.26880,194.50660,0.5708,0.4927
2020-06-30,3606.00000,3177.00000,429.00000,-188.00000,188.00000,241.00000,-46.00000,195.00000,37.00000,158.00000,158.00000,158.00000,241.00000,241.00000,63.00000,64.00000,2.49000,2.48000,0.22160,0.28460,6.68330,6.68330,5.40770,4.38160,0.04470,1.25870,1.25870,0.19570,0.97980,184.77690,5.2651,5.1885
2020-03-31,3204.00000,3058.00000,146.00000,-195.00000,195.00000,-49.00000,-47.00000,-96.00000,-8.00000,-88.00000,-88.00000,-88.00000,-57.00000,-49.00000,62.00000,63.00000,-1.41000,-1.41000,0.24270,0.32050,-1.52930,-1.52930,-2.99630,-2.74660,0.04240,-0.94610,-0.94610,-0.11630,-0.71650,150.87760,35.03180,34.93650
2019-12-31,3785.00000,3193.00000,592.00000,-234.00000,234.00000,358.00000,-50.00000,308.00000,73.00000,235.00000,235.00000,235.00000,363.00000,358.00000,62.70000,63.90000,3.76000,3.67000,0.20440,0.25700,9.45840,9.45840,8.13740,6.20870,0.04930,2.02570,2.02570,0.30630,1.61160,185.15390,8.5408,8.3837
2019-09-30,3628.00000,3018.00000,610.00000,-210.00000,210.00000,400.00000,-53.00000,347.00000,84.00000,263.00000,263.00000,263.00000,401.00000,400.00000,63.00000,64.00000,4.19000,4.12000,0.22690,0.29340,11.02540,11.02540,9.56450,7.24920,0.04790,2.28220,2.28220,0.34710,1.76450,184.05870,12.4062,12.3125
2019-06-30,3467.00000,2934.00000,533.00000,-222.00000,222.00000,311.00000,-51.00000,260.00000,58.00000,202.00000,202.00000,202.00000,305.00000,311.00000,63.00000,64.00000,3.23000,3.18000,0.24000,0.31580,8.97030,8.97030,7.49930,5.82640,0.04810,1.88630,1.88630,0.28040,1.43360,170.63980,9.8438,9.7344
2019-03-31,3420.00000,2953.00000,467.00000,-202.00000,202.00000,265.00000,-48.00000,217.00000,47.00000,170.00000,170.00000,170.00000,259.00000,265.00000,63.00000,64.00000,2.70000,2.65000,0.22380,0.28830,7.74850,7.74850,6.34500,4.97080,0.05130,1.75800,1.75800,0.25490,1.36460,154.61290,5.31250,5.14060
2018-12-31,3278.85400,2894.50100,384.35230,-199.50510,199.50500,184.84770,-46.72200,138.12600,27.92900,110.19700,110.19700,110.19700,195.84870,184.84770,63.70000,65.10000,1.75000,1.67000,0.24810,0.32990,5.63760,5.63760,4.21260,3.36080,0.05080,1.30410,1.30410,0.17080,0.98060,134.52420,7.1748,7.0479
2018-09-30,3227.53100,2663.85100,563.68020,-200.26200,200.26200,363.41820,-40.75700,322.66100,21.46200,301.19900,301.19900,301.19900,344.57620,363.41820,63.27900,64.29600,4.76000,4.68000,0.24530,0.32500,11.25990,11.25990,9.99710,9.33220,0.05130,3.51080,3.51080,0.47830,2.64970,136.28570,8.167,8.0719
2018-06-30,3195.90800,2709.19600,486.71220,-194.95900,194.95900,291.75320,-44.46500,247.28800,42.91400,204.37400,204.37400,204.37400,308.33220,291.75320,64.07100,65.25000,3.19000,3.13000,0.24480,0.32410,9.12900,9.12900,7.73760,6.39490,0.05350,2.37600,2.37600,0.34200,1.79440,135.09390,5.5472,5.4041
2018-03-31,3173.70700,2799.45200,374.25490,-191.27400,191.27400,182.98100,-45.05600,137.92500,37.69500,100.23000,100.23000,100.23000,162.24300,182.98100,64.49000,65.87200,1.55000,1.52000,0.23640,0.30950,5.76550,5.76550,4.34590,3.15810,0.05210,1.11260,1.11260,0.16440,0.84970,139.63480,3.39670,3.31640
2017-12-31,3232.67400,2703.09900,529.57450,-228.72100,228.72100,300.85380,-45.17500,255.67900,-961.02800,1216.70700,1216.70700,1216.70700,322.69670,300.85400,64.42700,65.75300,18.89000,18.48000,0.22560,0.29140,9.30670,9.30670,7.90920,37.63780,0.05340,12.71440,12.71440,2.01060,9.84560,148.47540,13.3198,13.1569
2017-09-30,3145.31000,2592.20300,553.10720,-168.41700,168.41700,384.69020,-44.52800,340.16200,112.57100,227.59100,227.59100,227.59100,344.54120,384.69020,64.48800,65.65300,3.53000,3.47000,0.25620,0.34440,12.23060,12.23060,10.81490,7.23590,0.05360,2.81080,2.81080,0.38780,2.09080,125.79420,6.8249,5.8357
2017-06-30,3129.27600,2599.48000,529.79590,-154.35600,154.35600,375.43990,-36.12500,339.31500,107.12500,232.19000,232.19000,232.19000,358.37190,375.43990,64.44900,65.60800,3.60000,3.54000,0.25920,0.34980,11.99770,11.99770,10.84320,7.41990,0.05380,2.91290,2.91290,0.39940,2.15800,123.59910,3.643,4.3831
2017-03-31,3008.74000,2593.21800,415.52200,-158.50600,158.50600,257.01590,-49.17200,207.84400,62.33200,145.51200,145.51200,145.51200,240.38990,257.01590,64.35300,65.67100,2.26000,2.22000,0.27320,0.37580,8.54230,8.54230,6.90800,4.83630,0.05590,1.96110,1.96110,0.27040,1.42540,115.23750,6.35540,6.09820
2016-12-31,3069.29700,2550.26800,519.02910,-175.63400,175.63500,343.39450,-47.85300,295.54310,105.39400,190.14910,190.14910,190.14900,312.77350,343.39530,64.27400,64.98900,2.95000,2.91000,0.30340,0.43540,11.18810,11.18810,9.62900,6.19520,0.05780,2.68080,2.68080,0.35810,1.86760,110.30720,6.8182,6.1313
2016-09-30,2900.57700,2410.87400,489.70310,-152.55600,152.55600,337.14720,-49.54700,287.60000,88.88100,198.71900,198.71900,198.71900,330.62420,337.14720,64.14600,64.81500,3.10000,3.07000,0.25860,0.38640,11.62350,11.62350,9.91530,6.85100,0.05290,2.48600,2.48600,0.36240,1.84300,124.49740,6.561,6.561
2016-06-30,3039.06800,2499.03200,540.03610,-159.89500,159.89500,380.14110,-26.91800,353.22300,117.12000,236.10300,236.10300,236.10300,359.84010,380.14110,64.12600,64.79600,3.68000,3.64000,0.26890,0.40740,12.50850,12.50850,11.62270,7.76890,0.05640,3.11460,3.11460,0.43820,2.27700,118.31820,3.5226,3.5226
2016-03-31,2512.56800,2208.43200,304.13600,-157.42400,157.42400,146.71190,-39.13200,107.58000,31.10800,76.47200,76.47200,76.47200,137.05790,146.71190,64.56800,65.21700,1.18000,1.17000,0.22920,0.34200,5.83910,5.83910,4.28170,3.04360,0.04810,1.13820,1.13820,0.14650,0.87730,104.87580,5.65150,5.65150
2015-12-31,2828.59100,2421.29000,407.30130,-158.55600,158.55600,248.74490,-42.00200,206.74300,43.61600,163.12700,163.12700,163.12700,264.25890,248.74460,66.55300,67.29200,2.48000,2.46000,0.27240,0.37450,8.79390,8.79390,7.30900,5.76710,0.05610,2.65880,2.65880,0.32380,1.93440,94.09370,17.9035,17.916
2015-09-30,2438.63400,2115.52900,323.10500,-142.27000,142.27000,180.83500,-40.69800,140.13700,56.60300,83.53400,83.53400,83.53400,158.14200,180.83500,66.20500,66.88200,1.26000,1.25000,0.27040,0.37060,7.41540,7.41540,5.74650,3.42540,0.05120,1.33850,1.33850,0.17550,0.97650,94.92260,4.1106,4.0899
2015-06-30,2630.34000,2243.84100,386.49930,-131.60000,131.60000,254.89920,-41.10900,213.79000,83.39900,130.39100,130.39100,130.39100,237.54420,254.89920,66.35100,67.12000,1.97000,1.94000,0.26300,0.35680,9.69070,9.69070,8.12780,4.95720,0.05540,2.01120,2.01120,0.27470,1.48230,97.60670,4.4374,4.4075
2015-03-31,2520.61300,2173.17200,347.44090,-121.61800,121.61800,225.82300,-41.69800,184.12500,59.01100,125.11400,125.11400,125.11400,204.15700,225.82300,68.14100,68.94200,1.84000,1.81000,0.24450,0.32360,8.95910,8.95910,7.30480,4.96360,0.05640,1.74980,1.74980,0.28000,1.32200,107.61790,4.58660,4.27470
2014-12-31,2697.41300,2260.34000,437.07350,-166.28000,166.28000,270.79320,5.95000,276.74300,85.65200,191.09100,191.09100,191.09100,263.83120,270.79370,69.24800,69.96200,2.77000,2.74000,0.24650,0.32710,10.03900,10.03900,10.25960,7.08420,0.06040,2.72080,2.72080,0.42790,2.05010,102.12510,15.5339,15.3431
2014-09-30,2716.58800,2312.40000,404.18800,-133.73700,133.73700,270.45090,-38.63600,231.81500,73.81900,157.99600,157.99600,157.99600,241.78390,270.45090,68.64300,69.33500,2.30000,2.28000,0.25730,0.34650,9.95550,9.95550,8.53330,5.81600,0.06330,2.36520,2.36520,0.36820,1.75650,97.28250,4.8367,4.3855
2014-06-30,2833.02000,2367.22100,465.79910,-127.46200,127.46200,338.33720,-37.80200,300.53500,102.23900,198.29600,198.29600,198.29600,312.17320,338.33720,69.07600,69.71800,2.87000,2.84000,0.24870,0.34750,11.94260,11.94260,10.60830,6.99950,0.06560,2.96450,2.96450,0.45930,2.22710,97.20910,5.4265,4.8055
2014-03-31,2657.17300,2309.14400,348.02910,-110.93600,110.93600,237.09300,-37.65300,199.44000,62.77600,136.66400,136.66400,136.66400,211.73600,237.09300,70.57400,71.26400,1.94000,1.92000,0.26160,0.36230,8.92280,8.92280,7.50570,5.14320,0.06550,2.18640,2.18640,0.33710,1.61440,89.91780,7.59470,7.59470
2013-12-31,2736.79300,2347.53300,389.26050,-122.13600,122.13600,267.12450,-37.63500,229.49000,84.53100,144.95900,144.95900,144.95900,242.26450,267.12430,71.91700,72.46100,2.05000,2.05000,0.27170,0.37310,9.76050,9.76050,8.38540,5.29670,0.06900,2.44220,2.44220,0.36540,1.77870,83.87300,6.3121,6.3121
2013-09-30,2389.81500,2042.91900,346.89600,-111.67200,111.67200,235.22410,-33.52900,201.69500,63.74000,137.95500,137.95500,137.95500,208.19910,235.22410,70.86500,71.39100,1.95000,1.93000,0.27300,0.37560,9.84280,9.84280,8.43980,5.77260,0.06050,2.33990,2.33990,0.34900,1.70110,83.57530,6.3955,6.3955
2013-06-30,2590.64200,2519.42400,71.21830,-113.40800,113.40800,-42.18970,-32.56800,-74.75800,-25.14600,-49.61200,-49.61200,-49.61200,-63.35470,-42.18970,72.35000,72.35000,-0.69000,-0.69000,0.23570,0.32870,-1.62850,-1.62850,-2.88570,-1.91500,0.06680,-0.84260,-0.84260,-0.12790,-0.64400,82.96580,4.4748,4.4748
2013-03-31,2601.10200,2171.75000,429.35210,-119.50100,119.50100,309.85110,-31.02400,278.82700,93.29200,185.53500,185.53500,185.53500,287.35410,309.85110,73.83800,74.38900,2.51000,2.49000,0.20790,0.26250,11.91230,11.91230,10.71960,7.13290,0.06470,2.68300,2.68300,0.46160,2.12510,94.33820,6.65330,6.65330
2012-12-31,2723.10200,2237.40500,485.69700,-132.33400,132.33400,353.36350,-32.27400,321.08900,98.10000,222.98910,222.98910,222.98900,331.22050,353.36350,73.73700,74.15300,3.02000,2.99000,0.20800,0.26270,12.97650,12.97650,11.79130,8.18880,0.06750,3.22700,3.22700,0.55250,2.55560,93.47310,6.003,6.003
2012-09-30,2449.08100,2111.07200,338.00900,-103.78600,103.78600,234.22310,-32.74400,201.47900,57.00400,144.47500,144.47500,144.47500,241.92610,234.22310,73.77600,74.13800,1.96000,1.95000,0.21230,0.26950,9.56370,9.56370,8.22670,5.89920,0.06130,2.14540,2.14540,0.36190,1.68990,91.18290,9.5752,9.5752
2012-06-30,2375.75300,2028.08200,347.67090,-105.54100,105.54100,242.12990,-26.23800,215.89200,74.78100,141.11100,141.11100,141.11100,208.06390,242.12990,73.71800,74.05400,1.91000,1.91000,0.18470,0.22650,10.19170,10.19170,9.08730,5.93960,0.06200,2.25860,2.25860,0.36800,1.84160,84.74560,3.5585,3.5585
2012-03-31,2292.97500,1975.82500,317.15000,-110.09800,110.09800,207.05200,-26.28900,180.76300,57.44500,123.31800,123.31800,123.31800,171.77100,207.05200,73.57500,74.04300,1.68000,1.67000,0.19260,0.23860,9.02980,9.02980,7.88330,5.37810,0.07100,2.07980,2.07980,0.38200,1.67910,80.43950,7.49100,7.49100
2011-12-31,2348.21900,2004.72300,343.49560,-122.00000,122.00000,221.49610,-28.24500,193.25100,54.67200,138.57900,138.57900,138.57900,149.13610,221.49610,73.58600,74.10800,1.89000,1.88000,0.19560,0.24310,9.43250,9.43250,8.22970,5.90150,0.07420,2.38160,2.38160,0.43810,1.91580,79.30840,6.4392,6.4392
2011-09-30,1994.90700,1714.38800,280.51900,-94.02900,94.02900,186.49000,-30.09400,156.39600,21.79400,134.60200,134.60200,134.60200,153.91700,186.49000,73.85600,74.25400,1.82000,1.81000,0.19990,0.28510,9.34830,9.34830,7.83980,6.74730,0.06400,2.37690,2.37690,0.43160,1.90180,77.29110,4.0153,4.0153
2011-06-30,2203.97700,1890.72800,313.24900,-97.16100,97.16100,216.08800,-28.91900,187.16900,63.22500,123.94400,123.94400,123.94400,175.42600,216.08800,73.97100,74.53000,1.68000,1.66000,0.20990,0.30320,9.80450,9.80450,8.49230,5.62370,0.07190,2.32780,2.32780,0.40430,1.83920,71.87920,2.1285,2.1285
2011-03-31,2282.43500,1921.75900,360.67600,-106.15000,106.15000,254.52600,-27.77100,226.75500,77.83500,148.92000,148.92000,148.92000,227.43300,254.52600,73.21300,73.83600,2.03000,2.02000,0.16830,0.25330,11.15150,11.15150,9.93480,6.52460,0.07730,2.96480,2.96480,0.50460,2.46580,68.06330,5.08760,5.08760
2010-12-31,2274.12900,1927.02800,347.10180,-102.21600,102.21500,244.88600,-27.26400,217.62100,59.56900,158.05210,158.05210,158.05200,205.43000,244.88570,73.15700,74.69400,2.15000,2.11000,0.16780,0.24130,10.76830,10.76830,9.56940,6.95000,0.07820,3.13560,3.13560,0.54350,2.60940,68.70720,6.7952,6.7952
2010-09-30,1955.53900,1645.72500,309.81400,-85.40900,85.40900,224.40490,-27.23200,197.17300,68.94100,128.23200,128.23200,128.23200,184.30590,224.40490,73.16200,74.42000,1.75000,1.72000,0.19570,0.24340,11.47540,11.47540,10.08280,6.55740,0.06760,2.56580,2.56580,0.44320,2.06360,68.30220,4.0209,4.0209
2010-06-30,1931.87700,1623.55700,308.31990,-83.14700,83.14700,225.17300,-27.10100,198.07200,71.05300,127.01900,127.01900,127.01900,177.22700,225.17300,73.14100,74.72100,1.74000,1.70000,0.21490,0.27380,11.65570,11.65570,10.25280,6.57490,0.07100,2.85910,2.85910,0.46660,2.24460,60.73070,1.1424,1.1424
2010-03-31,2100.18500,1798.41600,301.76900,-91.19900,91.19900,210.57010,-17.25500,193.31500,70.87600,122.43900,122.43900,122.43900,193.73710,210.57010,73.04600,74.57800,1.68000,1.64000,0.22600,0.29200,10.02630,10.02630,9.20470,5.82990,0.07860,2.93940,2.93940,0.45820,2.27520,56.98040,12.71200,12.71200
2009-12-31,1943.83500,1678.28700,265.54810,-80.53200,80.53200,185.01620,-24.85100,160.16500,47.75600,112.40900,112.40900,112.40900,143.85120,185.01640,72.79000,73.32700,1.54000,1.52000,0.23920,0.31440,9.51810,9.51810,8.23960,5.78280,0.07700,2.90620,2.90620,0.44520,2.21100,52.99330,6.2841,6.2841
2009-09-30,1778.98100,1512.75300,266.22800,-76.40300,76.40300,189.82510,-7.27400,182.55100,64.34300,118.20800,118.20800,118.20800,156.25810,189.82510,72.78100,73.28600,1.62000,1.61000,0.17790,0.21650,10.67040,10.67040,10.26160,6.64470,0.07360,3.13330,3.13330,0.48920,2.57570,51.82890,4.928,4.928
2009-06-30,1813.16600,1504.99600,308.16990,-71.09500,71.09500,237.07500,-21.65200,215.42300,62.24400,153.17900,153.17900,153.17900,211.62500,237.07500,72.77000,72.93900,2.11000,2.10000,0.20850,0.26350,13.07520,13.07520,11.88100,8.44820,0.08010,4.94260,4.94260,0.67630,3.91190,42.58570,2.5565,2.5565
2009-03-31,1530.84000,1405.45400,125.38590,-66.74900,66.74900,58.63680,-24.43100,34.20600,10.91600,23.29000,23.29000,23.29000,24.29480,58.63680,72.71000,72.88400,0.32000,0.32000,0.27070,0.37110,3.83040,3.83040,2.23450,1.52140,0.07080,0.94170,0.94170,0.10770,0.68680,33.98970,4.83620,4.83620
