Date,revenue,cost-goods-sold,gross-profit,selling-general-administrative-expenses,other-operating-income-expenses,operating-expenses,operating-income,total-non-operating-income-expense,pre-tax-income,total-provision-income-taxes,income-after-taxes,income-from-continuous-operations,income-from-discontinued-operations,net-income,ebitda,ebit,basic-shares-outstanding,shares-outstanding,eps-basic-net-earnings-per-share,eps-earnings-per-share-diluted,current-ratio,long-term-debt-capital,debt-equity-ratio,gross-margin,operating-margin,ebit-margin,pre-tax-profit-margin,net-profit-margin,asset-turnover,inventory-turnover,receiveable-turnover,days-sales-in-receivables,roe,return-on-tangible-equity,roa,roi,book-value-per-share,operating-cash-flow-per-share,free-cash-flow-per-share
2023-09-30,462.31200,145.90300,316.40900,221.68800,-35.50000,295.78400,20.62500,-112.01200,-91.38700,-15.07900,-76.30800,-76.30800,,-75.83800,71.48400,58.99300,29.96100,29.96100,-2.53000,-2.53000,4.61900,0.91540,10.98220,68.44060,4.46130,12.76040,-19.76740,-16.40410,0.07530,,3.02170,29.78450,-16.31450,21.00420,-1.24220,-1.38090,15.29380,-4.0579,-3.5586
2023-06-30,406.27800,96.25800,310.02000,188.88500,-1.73300,227.02600,82.99410,-17.70900,65.28500,21.50400,43.78100,43.78100,,44.36600,131.30800,118.77400,28.23900,28.65400,1.57000,1.55000,4.06240,0.91730,11.37960,76.30740,20.42790,29.23470,16.06910,10.92010,0.06500,,2.87700,31.28260,9.47770,-10.44350,0.70010,0.78370,16.21920,0.9081,0.806
2023-03-31,432.09000,102.02300,330.06700,212.62700,,245.14400,84.92300,-60.44400,24.47900,7.91900,16.56000,16.56000,,15.14300,130.42400,117.34700,28.58500,29.51300,0.53000,0.51000,4.33330,0.92310,12.36910,76.38850,19.65400,27.15800,5.66530,3.50460,0.06530,,3.08640,29.16020,3.76050,-3.68250,0.25020,0.28910,15.65130,1.78280,1.77160
2022-12-31,382.09200,139.80900,242.28300,208.55200,,232.28510,9.99800,-97.45100,-87.45300,-23.99800,-63.45500,-63.45500,,-59.44700,46.17900,32.73600,28.18900,28.18900,-2.07000,-1.98000,3.94660,0.90150,9.45020,63.40960,2.61660,8.56760,-22.88800,-15.55830,0.06250,,1.93130,46.60190,-12.54320,16.66360,-1.03830,-1.23600,17.73570,2.6657,2.573
2022-09-30,312.11700,47.61200,264.50500,163.72700,,189.19000,75.31500,-6.32000,68.99500,16.35000,52.64500,52.64500,,45.83500,103.47900,92.76200,28.29300,29.96800,1.62000,1.53000,5.28020,0.88530,7.89040,84.74550,24.13040,29.72030,22.10550,14.68520,0.05350,,2.64110,34.07730,9.11300,-35.60970,0.90240,1.04530,20.41320,-0.6509,-0.6652
2022-06-30,139.62100,19.77900,119.84200,167.13600,0.00000,181.68000,-61.83800,-127.26300,-189.10100,-52.51300,-136.58800,-136.58800,,-142.16100,-39.33300,-47.29400,28.05200,28.05200,-5.07000,-5.07000,5.65800,0.89070,8.33670,85.83380,-44.28990,-33.87310,-135.43880,-101.81920,0.02380,,1.34860,66.73700,-25.13690,112.62480,-2.32480,-2.74820,19.20740,-1.244,-1.2696
2022-03-31,246.84000,13.90200,232.93800,175.19900,,186.96500,45.97300,-58.86400,-12.89100,-3.69500,-9.19600,-9.19600,,-12.06400,65.58700,57.73900,27.85500,27.85500,-0.43000,-0.43000,5.46070,0.83680,5.27370,94.36800,18.62460,23.39130,-5.22240,-4.88740,0.04700,,2.90150,31.01800,-1.31340,-7.31030,-0.17510,-0.21440,25.07080,-0.53480,-0.54110
2021-12-31,236.24700,18.51400,217.73300,270.71200,,283.07390,-65.34090,156.63400,91.29300,23.84700,67.44600,67.44600,,62.18200,-46.17390,-52.97890,27.36600,29.00600,2.15000,2.01000,4.67430,0.85140,5.84510,92.16330,-27.65790,-22.42520,38.64300,26.32080,0.04040,,2.97800,30.22130,9.56410,27.30810,1.15250,1.42090,25.55910,7.5423,7.5386
2021-09-30,381.52200,30.46100,351.06100,244.21800,,254.31500,96.74600,-22.39500,74.35100,22.69300,51.65800,51.65800,,48.62100,112.98500,106.84300,27.57070,28.79410,1.76000,1.69000,3.46520,0.79850,4.07110,92.01590,25.35790,28.00440,19.48800,12.74400,0.07560,,0.58290,154.39600,6.91350,16.52800,1.02360,1.39280,27.11690,-0.6287,-0.6377
2021-06-30,336.77000,15.72000,321.05000,199.92200,,210.90500,110.14500,-15.14300,95.00200,19.90200,75.10000,75.10000,,73.88700,127.29300,121.12800,27.34420,28.66850,2.70000,2.58000,3.73040,0.77400,3.42550,95.33210,32.70630,35.96760,28.20980,21.93990,0.08200,,0.69750,129.02630,9.85890,23.07660,1.82870,2.22800,27.61950,-3.665,-3.6716
2021-03-31,600.15900,16.64800,583.51100,191.34400,,210.53300,372.97800,-18.86200,354.11600,97.51800,256.59800,256.59800,,252.90700,398.92600,392.16700,26.97230,28.71040,9.38000,8.81000,3.08150,0.76740,3.30870,97.22610,62.14650,65.34390,59.00370,42.14000,0.14600,,1.25200,71.88350,33.50630,78.57270,6.24050,7.79280,28.16030,-1.49400,-1.49750
2020-12-31,341.70200,10.26800,331.43400,137.08800,,148.87000,182.56400,51.34100,233.90500,62.06000,171.84500,171.84500,,170.11400,198.95000,194.34600,25.60700,26.50800,6.57000,6.57000,4.16290,0.76160,3.26570,96.99500,53.42790,56.87590,68.45290,49.78430,0.12830,,7.13440,12.61490,31.88460,141.82260,6.45370,7.60010,20.90790,-1.0733,-1.0944
2020-09-30,226.25300,33.07700,193.17600,97.14300,,109.67500,83.50100,-15.89800,67.60300,18.71100,48.89200,48.89200,,47.29100,99.36200,94.47600,25.44600,27.05000,1.86000,1.75000,4.42500,0.79880,3.97300,85.38050,36.90600,41.75680,29.87940,20.90180,0.09840,,3.46790,25.95270,12.22360,-226.55180,2.12570,2.45890,15.72750,2.7225,2.698
2020-06-30,266.46800,8.84500,257.62300,106.56200,-8.50000,126.28300,131.34000,-16.60300,114.73700,32.20800,82.52900,82.52900,,82.75300,147.48400,142.56100,25.62700,26.99300,3.23000,3.07000,5.31110,0.83520,5.07130,96.68070,49.28920,53.50020,43.05850,31.05550,0.11610,,3.68480,24.42450,24.54620,-90.87300,3.59560,4.04440,12.99950,0.487,0.4723
2020-03-31,-0.20600,20.72100,-20.92700,87.74400,-4.00000,100.21700,-121.14400,-15.64400,-136.78800,-37.53900,-99.24900,-99.24900,,-99.72000,-107.71500,-112.67100,26.02900,26.02900,-3.83000,-3.83000,4.68820,0.85870,6.08100,10158.74000,58807.77000,54694.66000,66401.94000,48407.77000,-0.00010,,-0.00360,-25046.65000,-37.73430,57.31110,-4.65760,-5.33100,10.12050,0.04010,0.02330
2019-12-31,165.23700,20.84900,144.38800,97.25600,,106.82100,37.56700,-12.20900,25.35800,7.84200,17.51600,17.51600,,16.86500,51.96300,47.13200,26.40100,27.52920,0.64000,0.62000,3.51730,0.80170,4.14070,87.38240,22.73520,28.52390,15.34640,10.20660,0.07130,,2.34570,38.36780,4.48840,-32.45450,0.75560,0.89000,14.46880,-2.6252,-2.648
2019-09-30,180.06300,8.84700,171.21600,101.09200,,111.36500,59.85100,-11.29800,48.55300,14.40900,34.14400,34.14400,,34.30200,74.59700,70.12400,26.55600,28.23300,1.29000,1.21000,4.50670,0.83510,5.06900,95.08670,33.23890,38.94420,26.96450,19.05000,0.08550,,2.39410,37.59180,11.40400,-5285.98000,1.62060,1.88030,11.12120,1.5837,1.5742
2019-06-30,164.68400,21.46800,143.21600,91.90700,,98.96100,44.25500,-12.65700,31.59800,9.28900,22.30900,22.30900,,22.15700,54.58800,49.75700,26.27800,26.89700,0.84000,0.82000,3.98120,0.83690,5.13640,86.96410,26.87270,30.21360,19.18710,13.45430,0.08320,,1.92170,46.83240,8.04860,-86.57640,1.12730,1.31250,10.29640,-0.2809,-0.2907
2019-03-31,142.12800,15.23500,126.89300,94.96400,,101.91500,24.97800,-13.89500,11.08300,3.10400,7.97900,7.97900,,8.02300,36.69500,31.78200,26.21700,26.68800,0.31000,0.30000,3.40490,0.83940,5.22950,89.28080,17.57430,22.36150,7.79790,5.64490,0.07410,,2.14070,42.04220,3.02320,-16.69350,0.41600,0.48570,9.95000,0.33440,0.26940
2018-12-31,102.03100,1.67900,100.35200,93.90500,,106.88600,-6.53410,-5.94000,-12.47400,-3.50900,-8.96500,-8.96500,,-8.80500,4.22890,0.18800,25.93700,26.76500,-0.35000,-0.33000,3.03180,0.85030,5.68700,98.35440,-6.40400,0.18420,-12.22570,-8.62970,0.05210,,1.27760,70.44420,-3.46590,15.99010,-0.45790,-0.51880,9.72300,-0.88,-0.9968
2018-09-30,99.68100,8.20800,91.47300,71.78200,,78.63500,12.83800,-8.07000,4.76800,2.04600,2.72200,2.72200,,2.81400,22.36100,19.26300,25.96900,26.85400,0.11000,0.10000,4.33670,0.84710,5.54670,91.76570,12.87910,19.32460,4.78330,2.82300,0.05190,,1.06210,84.73440,1.01130,2.77740,0.14170,0.15460,10.14650,4.9705,4.9539
2018-06-30,125.50100,13.97400,111.52700,76.72300,,83.04900,28.47800,-5.30000,23.17800,5.37700,17.80100,17.80100,,16.99700,36.53500,33.20200,25.42400,26.39800,0.67000,0.64000,2.62340,0.83590,5.68840,88.86540,22.69150,26.45560,18.46840,13.54330,0.06690,,1.83610,49.01770,6.73580,15.83340,0.94830,1.10550,10.13720,-5.9263,-5.9691
2018-03-31,95.77800,11.69300,84.08500,68.09800,,73.48300,10.60200,-4.77100,5.83100,0.98900,4.84200,4.84200,,4.50300,19.10700,15.77000,26.21900,27.27200,0.17000,0.17000,4.34720,0.79690,3.92970,87.79160,11.06940,16.46520,6.08800,4.70150,0.06700,,1.30710,68.85740,1.78230,4.09970,0.33850,0.36210,10.18350,-1.98210,-2.00750
2017-12-31,110.17700,-5.51400,115.69100,95.04800,,101.47400,14.21700,-3.40500,10.81200,16.26300,-5.45100,-5.45100,,-6.11300,23.18800,19.75300,23.18100,24.29100,-0.39000,-0.39000,3.61300,0.79110,3.79630,105.00470,12.90380,17.92840,9.81330,-5.54830,0.07940,,2.13960,42.06380,-2.05040,-4.94970,-0.39300,-0.42830,10.00590,-1.6023,-1.6043
2017-09-30,92.42600,10.26200,82.16400,70.96200,,80.80800,1.35600,-2.59100,-1.23500,-1.35700,0.12200,0.12200,,0.36800,9.72100,6.30600,26.05900,27.64000,0.01000,0.01000,2.99430,0.75440,3.08090,88.89710,1.46710,6.82280,-1.33620,0.39820,0.07540,,2.22690,40.41460,0.04440,0.10700,0.01000,0.01090,10.37850,1.9795,1.9678
2017-06-30,66.67600,18.61500,48.06100,37.72200,,45.50100,2.56000,-1.74400,0.81600,-2.54700,3.36300,3.36300,,3.28000,6.37300,4.12500,21.21700,22.11900,0.15000,0.15000,2.96530,0.80610,4.24150,72.08140,3.83950,6.18660,1.22380,4.91930,0.04970,,2.60290,34.57680,1.40080,2.63330,0.25070,0.27160,9.84820,-1.7646,-1.7407
2017-03-31,52.89700,17.66000,35.23700,24.15200,,24.52600,10.71100,-0.65900,10.05200,-3.84900,13.90100,13.90100,,14.02100,12.75300,10.71100,19.18200,19.62700,0.73000,0.71000,2.24470,0.14630,0.17130,66.61440,20.24880,20.24880,19.00300,26.50620,0.20750,,2.93510,30.66300,8.58060,18.82000,5.45280,7.32560,8.39100,-1.97970,-1.98940
2016-12-31,93.17800,28.13500,65.04300,33.28300,,33.58500,31.45800,-0.31200,31.14600,8.13700,23.00900,23.00900,,12.44000,33.38300,31.45800,18.10700,18.39200,0.71000,0.70000,1.97880,0.15550,0.18420,69.80510,33.76120,33.76120,33.42640,13.35080,0.35210,,4.90690,18.34140,15.29940,38.14300,8.69520,12.91970,7.85750,2.9097,2.89
2016-09-30,56.96600,15.23200,41.73400,22.72700,,26.31200,15.42200,-0.96500,14.45700,6.08300,8.37400,8.37400,,8.93900,17.40400,15.42200,18.97700,19.19100,0.47000,0.47000,1.32220,,0.42360,73.26130,27.07230,27.07230,25.37830,15.69180,0.21800,,3.76960,23.87530,5.83170,16.73230,3.20410,5.83170,7.54050,0.8801,0.8686
2016-06-30,20.26100,5.56000,14.70100,14.52100,,14.52100,0.18000,-0.27200,-0.09200,-0.06500,-0.02700,-0.02700,,-0.10100,0.37600,0.18000,17.93500,17.93500,-0.01000,-0.01000,3.11020,,,72.55810,0.88840,0.88840,-0.45410,-0.49850,0.11950,,2.53360,35.52290,-0.02010,-0.02830,-0.01590,-0.02010,7.05780,0.6382,0.6361
2016-03-31,19.94600,6.68500,13.26100,11.59600,,11.59600,1.66500,-0.12900,1.53600,0.16600,1.37000,1.37000,,0.24800,1.86800,1.66500,16.49000,16.55400,0.02000,0.01000,4.37960,,,66.48450,8.34750,8.34750,7.70080,1.24340,0.15810,,2.51050,35.84930,1.23210,1.90260,1.08600,1.23210,6.69230,-0.06310,-0.06420
2015-12-31,19.76100,8.52000,11.24100,12.56700,,12.56700,-1.32600,-0.09200,-1.41800,-0.37200,-1.04600,-1.04600,,-1.00400,-1.11200,-1.32600,16.22100,16.26600,-0.06000,-0.06000,3.32360,,0.00250,56.88480,-6.71010,-6.71010,-7.17580,-5.08070,0.14920,,2.08630,43.13950,-0.95680,-1.49380,-0.78990,-0.95680,6.64640,-0.7445,-0.7472
2015-09-30,21.27200,5.21300,16.05900,12.78200,,12.78200,3.27700,-0.05900,3.21800,0.60000,2.61800,2.61800,,1.46300,3.49000,3.27700,16.24300,16.34500,0.09000,0.09000,3.05190,,0.00060,75.49360,15.40520,15.40520,15.12790,6.87760,0.14940,,2.11260,42.60110,2.31680,3.55750,1.83890,2.31680,6.92780,0.4345,0.4329
2015-06-30,45.46100,10.72000,34.74100,20.07200,,20.07200,14.66900,-0.41500,14.25400,5.68500,8.56900,8.56900,,8.66400,14.89500,14.66900,16.23800,16.31100,0.53000,0.53000,2.71850,,0.00110,76.41940,32.26720,32.26720,31.35440,19.05810,0.30850,,1.94080,46.37290,7.57170,11.63440,5.81560,7.57170,6.94090,1.1841,1.1816
2015-03-31,26.03100,7.66800,18.36300,12.90100,,12.90100,5.46200,-0.25100,5.21100,1.77500,3.43600,3.43600,,2.68200,5.65700,5.46200,16.11700,16.16200,0.17000,0.17000,2.54320,,0.10330,70.54280,20.98270,20.98270,20.01840,10.30310,0.19150,,1.75710,51.22160,3.26950,5.24920,2.52830,3.26950,6.44660,1.07300,1.06530
2014-12-31,19.84200,9.73400,10.10800,13.97200,,13.97200,-3.86400,-0.12900,-3.99300,-1.09100,-2.90200,-2.90200,,-2.82200,-3.66900,-3.86400,9.61200,9.61200,0.54000,0.54000,1.94520,,0.25890,50.94240,-19.47380,-19.47380,-20.12400,-14.22240,0.14280,,1.96490,45.80280,-2.98930,-4.34930,-2.08790,-2.98930,6.07920,-2.0324,-2.0496
2014-09-30,20.67400,6.88200,13.79200,12.49700,,15.04500,-1.25300,-0.05000,-1.30300,-0.38700,-0.91600,-0.91600,,-0.86800,-1.06600,-1.25300,15.91100,15.91100,-0.05000,-0.05000,2.77470,,0.07830,66.71180,-6.06080,-6.06080,-6.30260,-4.19850,0.17860,,1.05810,85.05470,-1.02530,-1.55690,-0.79130,-1.02530,5.59160,-1.5442,-1.5448
2014-06-30,14.94700,5.80700,9.14000,10.19600,,10.19600,-1.05600,-0.44500,-1.50100,-0.59400,-0.90700,-0.90700,,-0.77700,-0.92300,-1.05600,4.97200,4.97200,-0.16000,-0.16000,2.57300,,0.09980,61.14940,-7.06500,-7.06500,-10.04220,-5.19840,0.12370,,0.67780,132.78720,-1.00530,-1.52500,-0.75050,-1.00530,5.64700,-2.5098,-2.4931
2014-03-31,21.65300,15.12300,6.53000,7.78800,,7.78800,-1.25800,-0.62600,-1.88400,-0.81400,-1.07000,-1.07000,,-1.33400,-1.12700,-1.25800,1.43400,1.43400,-0.93000,-0.93000,2.35940,1.12050,-10.75860,30.15750,-5.80980,-5.80980,-8.70090,-6.16080,0.34420,,1.19330,75.41910,20.40430,9.66400,-1.70100,-2.45890,-3.49570,3.69040,3.66530
2013-12-31,18.18800,6.94800,11.24000,8.33400,,8.33400,2.90600,-0.86000,2.04600,1.04600,1.00000,1.00000,,0.93400,3.05200,2.90600,1.43400,1.49500,0.75000,0.74000,1.95030,1.09310,-15.26910,61.79900,15.97760,15.97760,11.24920,5.13530,0.24690,,1.07260,83.90860,-24.09060,-10.02100,1.35730,2.24180,-2.76730,-0.3037,-0.0087
2013-09-30,21.75100,13.88400,7.86700,7.08500,,7.08500,0.78200,-0.67900,0.10300,-0.13300,0.23600,0.23600,,0.36600,1.10200,0.78200,1.43400,1.49500,0.26000,0.24000,1.95140,1.12250,-11.06600,36.16850,3.59520,3.59520,0.47350,1.68270,0.33190,,2.24820,40.03260,-4.43610,-2.11700,0.36010,0.54330,-3.54630,-1.4092,-1.5671
2013-06-30,15.23900,7.14800,8.09100,10.02600,,10.02600,-1.93500,-0.64700,-2.58200,-0.98700,-1.59500,-1.59500,,-1.53100,-1.24500,-1.93500,1.43400,1.43400,-1.07000,-1.07000,2.26650,1.11260,-12.02430,53.09400,-12.69770,-12.69770,-16.94340,-10.04660,0.22500,3.63210,1.69040,53.24170,31.22550,14.58490,-2.35470,-3.51520,-3.40500,-5.1132,-5.4389
2013-03-31,20.95400,7.67200,13.28200,10.93700,,10.93700,2.34500,-0.63200,1.71300,0.77800,0.93500,0.93500,,1.28900,3.05200,2.34500,1.43420,1.48280,0.80000,0.80000,1.99020,1.07770,-17.13870,63.38650,11.19120,11.19120,8.17510,6.15160,0.27010,2.91710,2.31540,38.87090,-25.71510,-9.88370,1.20510,1.99620,,5.15920,4.99260
2012-12-31,30.73000,12.13000,18.60000,13.70000,,13.70000,4.90000,-0.82900,4.12000,1.55000,2.57000,2.38200,0.00000,2.38200,5.11900,4.90000,1.43420,1.48070,1.60000,1.60000,1.86600,1.09020,-15.36580,60.62480,15.94530,15.94530,13.40710,7.75140,0.38130,5.47380,1.85220,48.59060,-57.05390,-23.81290,2.95600,5.14380,-2.78310,0.086,-0.0595
2012-09-30,14.23500,7.01600,7.21900,7.87800,,7.87800,-0.65900,-0.48300,-1.14200,-0.37500,-0.76700,-0.76700,,-0.54700,-0.45800,-0.65900,1.43420,1.43420,-0.40000,-0.40000,1.92670,1.14160,-10.09270,50.71300,-4.62940,-4.62940,-8.02250,-3.84260,0.19540,2.61790,2.31840,38.81980,12.22120,6.34410,-1.05270,-1.73450,,1.4429,1.3772
2012-06-30,19.65100,9.12900,10.52200,9.75800,,9.75800,0.76400,0.75700,1.52100,0.05700,1.46400,1.46400,,0.61900,0.97400,0.76400,1.43420,1.48000,0.40000,0.40000,2.02650,1.11710,-11.98540,53.54440,3.88780,3.88780,7.74010,3.15000,0.26200,3.91800,3.38230,26.60930,-26.73480,-12.95580,1.95230,3.13290,,4.3401,4.18
2012-03-31,19.32000,8.40000,10.92000,8.51000,,8.51000,2.41000,-0.62100,1.77000,0.70000,1.07000,1.06700,0.00000,1.06700,2.61000,2.41000,1.43410,1.47680,0.80000,0.80000,1.83140,1.15410,-9.61350,56.47000,12.47410,12.47410,9.16150,5.52280,0.24510,,2.36470,38.05900,-15.29530,-8.33590,1.35390,2.35870,,5.07850,5.03790
2011-12-31,11.36700,4.96000,6.40700,6.10000,,6.10000,0.30700,-0.81000,-0.45000,0.20000,-0.65000,-0.65400,0.00000,-0.65400,1.27700,0.30700,1.43410,1.43410,-0.40000,-0.40000,1.80430,1.18770,-8.17450,56.56730,2.70080,2.70080,-3.95880,-5.75350,0.14890,,1.51970,59.22410,7.92150,4.64490,-0.85660,-1.48770,-5.32220,2.4325,2.407
2011-09-30,28.51200,8.58000,19.93200,10.89000,,10.89000,9.04200,-2.97000,6.04000,2.01000,4.03000,4.03100,0.00000,4.03100,9.23200,9.04200,1.43250,1.47600,2.80000,2.80000,1.57960,1.16610,-10.26880,69.86530,31.71300,31.71300,21.18410,14.13790,0.31090,,2.30120,39.10990,-54.20930,-30.39970,4.39490,9.00180,,-1.6484,-1.6426
2011-06-30,9.83100,3.88000,5.95100,8.16000,,8.16000,-2.20900,-0.88000,-3.10000,-0.85000,-2.25000,-2.24900,0.00000,-2.24900,-1.99900,-2.20900,1.42300,1.42300,-1.60000,-1.60000,1.67590,1.28240,-5.91040,60.42110,-22.46970,-22.46970,-31.53290,-22.87660,0.14440,,2.01450,44.67500,19.58040,12.98500,-3.30400,-5.52720,,-2.0938,-2.2342
2011-03-31,13.81600,5.72000,8.09600,7.79000,,7.79000,0.30600,-0.12000,0.17000,0.70000,-0.53000,-0.52600,0.00000,-0.52600,0.52600,0.30600,1.41810,1.41810,-0.40000,-0.40000,1.85450,1.21340,-7.14920,58.55530,2.21480,2.21480,1.23050,-3.80720,0.19440,,6.87360,13.09350,5.73230,3.49730,-0.74000,-1.22300,,-0.11280,-0.13400
2010-12-31,11.00500,5.07000,5.93500,6.81000,,6.81000,-0.87500,-1.23000,-2.05000,-0.15000,-1.90000,-1.90600,0.00000,-1.90600,-0.66500,-0.87500,1.41190,1.41190,-1.40000,-1.40000,1.81220,1.20550,-7.41010,54.15720,-7.95090,-7.95090,-18.62790,-17.31940,0.15230,,3.57310,25.18860,21.39410,12.87840,-2.63730,-4.40180,,0.4383,0.3775
2010-09-30,13.85800,3.41000,10.44800,8.01000,,8.01000,2.43800,-1.08000,1.33000,0.88000,0.45000,0.45500,0.00000,0.45500,2.64800,2.43800,1.40800,1.45640,0.40000,0.40000,1.87810,1.17990,-8.24750,75.33550,17.59270,17.59270,9.59730,3.28330,0.19740,,6.10480,14.74240,-5.71390,-3.27100,0.64820,1.02820,,5.3054,5.2127
2010-06-30,5.21500,6.87000,-1.65500,8.08000,,8.08000,-9.73500,-1.11000,-10.87000,-4.26000,-6.61000,-6.60700,0.00000,-6.60700,-9.54500,-9.73500,1.40000,1.40000,-4.80000,-4.80000,1.69520,1.20590,-7.31600,-31.83130,-186.67300,-186.67300,-208.43720,-126.69220,0.06520,,2.73040,32.96260,71.68280,43.43850,-8.25880,-14.77090,,-5.6916,-5.877
2010-03-31,12.06700,6.74000,5.32700,8.51000,,8.51000,-3.18300,-1.35000,-4.55000,-1.57000,-2.98000,-2.98000,0.00000,-2.98000,-3.00300,-3.18300,1.39500,1.39500,-2.20000,-2.20000,2.73270,1.07170,-18.66760,44.00430,-26.37770,-26.37770,-37.70610,-24.69550,0.16570,,5.09160,17.67630,82.61710,30.91290,-4.09170,-5.91970,,-4.35840,-4.43730
2009-12-31,11.45700,,11.45700,,,,11.45700,,11.45700,,11.45700,-4.46700,-0.07500,-4.54200,11.62700,11.45700,1.38540,1.38510,-3.20000,-3.20000,1.89970,1.02300,-67.39000,100.00000,100.00000,100.00000,100.00000,-39.64390,0.14560,,4.37290,20.58130,452.58360,63.18250,-5.67810,-10.25720,,-8.4852,-8.5149
2009-09-30,15.03600,8.64000,6.39600,7.24000,,7.24000,-0.84400,-2.64000,-3.51000,-7.61000,4.10000,4.10000,-0.06700,4.03300,-0.84400,-0.84400,1.10450,1.17370,3.60000,3.40000,1.57020,0.96290,39.83720,42.49800,-5.61320,-5.61320,-23.34400,26.82230,0.13740,,5.89650,15.26340,237.95700,-93.60720,3.74600,8.85340,,21.3002,20.7378
2009-06-30,15.04000,,15.04000,,,,15.04000,,15.04000,,15.04000,-0.88200,0.00000,-0.88200,15.04000,15.04000,1.49530,1.49530,-0.60000,-0.60000,,,,100.00000,100.00000,100.00000,100.00000,-5.86440,,,,,,,,,,0,0
2009-03-31,41.88800,,41.88800,,,,41.88800,,41.88800,,41.88800,8.96000,0.00000,8.96000,41.88800,41.88800,0.52800,0.52800,17.00000,17.00000,,,,100.00000,100.00000,100.00000,100.00000,21.39040,,,,,,,,,,0.00000,
