Date,revenue,cost-goods-sold,gross-profit,research-development-expenses,selling-general-administrative-expenses,other-operating-income-expenses,operating-expenses,operating-income,total-non-operating-income-expense,pre-tax-income,total-provision-income-taxes,income-after-taxes,income-from-continuous-operations,net-income,ebitda,ebit,basic-shares-outstanding,shares-outstanding,eps-basic-net-earnings-per-share,eps-earnings-per-share-diluted,current-ratio,long-term-debt-capital,debt-equity-ratio,gross-margin,operating-margin,ebit-margin,pre-tax-profit-margin,net-profit-margin,asset-turnover,receiveable-turnover,days-sales-in-receivables,roe,return-on-tangible-equity,roa,roi,book-value-per-share,operating-cash-flow-per-share,free-cash-flow-per-share
2024-03-31,3118.00000,,3118.00000,60.00000,2314.00000,-114.00000,,630.00000,-21.00000,609.00000,133.00000,476.00000,476.00000,474.00000,670.00000,630.00000,208.30000,213.40000,2.27000,2.22000,1.00520,0.29790,0.50660,100.00000,20.20530,20.20530,19.53180,15.20210,0.03840,0.52220,172.35090,4.36700,5.23940,0.58600,3.04410,52.95730,1.837,1.6069
2023-12-31,3013.00000,,3013.00000,61.00000,2175.00000,-135.00000,,642.00000,-12.00000,630.00000,132.00000,498.00000,498.00000,497.00000,672.00000,642.00000,208.60000,213.80000,2.38000,2.32000,0.99140,0.26880,0.44130,100.00000,21.30770,21.30770,20.90940,16.49520,0.03760,0.58550,153.71390,4.65330,5.61250,0.62150,3.37740,51.66630,2.53980,2.30590
2023-09-30,3053.00000,,3053.00000,66.00000,2159.00000,-207.00000,,621.00000,-36.00000,585.00000,151.00000,434.00000,434.00000,433.00000,651.00000,621.00000,211.80000,216.90000,2.08000,2.03000,0.98430,0.28020,0.45960,100.00000,20.34070,20.34070,19.16150,14.18280,0.03900,0.57940,155.32590,4.29360,5.24150,0.55390,3.06650,48.79560,2.1789,1.9493
2023-06-30,2907.00000,,2907.00000,66.00000,2103.00000,-198.00000,,540.00000,-54.00000,486.00000,117.00000,369.00000,369.00000,368.00000,568.00000,540.00000,210.10000,214.80000,1.75000,1.71000,0.97230,0.27230,0.45160,100.00000,18.57590,18.57590,16.71830,12.65910,0.03740,0.57020,157.83280,3.74890,4.61600,0.47530,2.70630,47.58800,-1.2266,-1.4798
2023-03-31,2873.00000,,2873.00000,54.00000,2079.00000,-155.00000,,585.00000,-28.00000,557.00000,130.00000,427.00000,427.00000,425.00000,614.00000,585.00000,214.30000,219.20000,1.97000,1.93000,0.98400,0.30460,0.50920,100.00000,20.36200,20.36200,19.38740,14.79290,0.03630,0.53260,168.97320,4.33550,5.31290,0.53930,2.97870,47.11670,-2.9246,-3.1169
2022-12-31,2786.00000,,2786.00000,56.00000,1973.00000,-91.00000,,666.00000,-14.00000,652.00000,143.00000,509.00000,509.00000,507.00000,695.00000,666.00000,214.70000,220.40000,2.36000,2.30000,0.97540,0.28060,0.46040,100.00000,23.90520,23.90520,23.40270,18.19810,0.03620,0.55550,162.00650,5.24200,6.44960,0.66060,3.72510,45.72410,-14.22870,-14.35120
2022-09-30,2831.00000,,2831.00000,59.00000,2001.00000,-121.00000,,650.00000,-34.00000,616.00000,177.00000,439.00000,439.00000,438.00000,673.00000,650.00000,209.90000,215.30000,2.03000,1.98000,0.97590,0.31440,0.54720,100.00000,22.96010,22.96010,21.75910,15.47160,0.03500,0.49660,181.23980,4.71430,5.85260,0.54230,3.19110,43.84470,-20.8524,-20.9598
2022-06-30,2718.00000,,2718.00000,58.00000,2066.00000,-123.00000,,471.00000,-56.00000,415.00000,114.00000,301.00000,301.00000,298.00000,523.00000,471.00000,210.70000,215.70000,1.41000,1.38000,0.96710,0.28430,0.45990,100.00000,17.32890,17.32890,15.26860,10.96390,0.03160,0.51200,175.79470,3.21170,3.91830,0.34950,2.26960,44.05090,26.6798,26.5617
2022-03-31,2673.00000,,2673.00000,34.00000,2068.00000,-117.00000,,454.00000,-21.00000,433.00000,110.00000,323.00000,323.00000,323.00000,498.00000,454.00000,207.70000,213.00000,1.56000,1.52000,0.97580,0.26880,0.43850,100.00000,16.98470,16.98470,16.19900,12.08380,0.03660,0.47180,190.77440,3.75190,4.30720,0.44190,2.74360,41.40990,5.2744,5.1668
2021-12-31,2781.00000,,2781.00000,35.00000,2083.00000,-116.00000,,547.00000,11.00000,558.00000,112.00000,446.00000,446.00000,446.00000,596.00000,547.00000,206.30000,212.40000,2.16000,2.10000,0.97770,0.26530,0.41190,100.00000,19.66920,19.66920,20.06470,16.03740,0.04060,0.57140,157.50810,5.15490,5.73410,0.65150,3.78700,41.70320,-10.76740,-10.85690
2021-09-30,2695.00000,,2695.00000,36.00000,1987.00000,-109.00000,,563.00000,-3.00000,560.00000,131.00000,429.00000,429.00000,430.00000,603.00000,563.00000,205.70000,211.20000,2.08000,2.02000,0.98670,0.29050,0.43070,100.00000,20.89050,20.89050,20.77920,15.95550,0.04350,0.55150,163.20220,5.16680,5.78090,0.69320,3.66570,40.35700,21.3402,21.4576
2021-06-30,2471.00000,,2471.00000,31.00000,1858.00000,-216.00000,,366.00000,19.00000,385.00000,78.00000,307.00000,307.00000,307.00000,397.00000,366.00000,205.80000,211.70000,1.49000,1.45000,0.97120,0.28520,0.46750,100.00000,14.81180,14.81180,15.58070,12.42410,0.04320,0.50750,177.34120,3.87720,4.35090,0.53710,2.77150,38.54500,6.6573,6.4824
2021-03-31,2372.00000,,2372.00000,21.00000,1836.00000,-100.00000,,415.00000,32.00000,447.00000,92.00000,355.00000,355.00000,355.00000,462.00000,415.00000,206.70000,211.80000,1.72000,1.68000,0.97190,0.29720,0.45070,100.00000,17.49580,17.49580,18.84490,14.96630,0.04230,0.52620,171.04550,4.64840,5.24450,0.63320,3.26680,37.12080,-5.6901,-5.8636
2020-12-31,2222.00000,,2222.00000,23.00000,1686.00000,-98.00000,,415.00000,-16.00000,399.00000,87.00000,312.00000,312.00000,311.00000,446.00000,415.00000,205.20000,209.60000,1.52000,1.48000,0.95650,0.30190,0.49290,100.00000,18.67690,18.67690,17.95680,13.99640,0.04140,0.54040,166.55270,4.19470,4.72440,0.58150,2.92820,36.09480,9.16510,9.04580
2020-09-30,2079.00000,,2079.00000,28.00000,1595.00000,-109.00000,,347.00000,-91.00000,256.00000,47.00000,209.00000,209.00000,210.00000,382.00000,347.00000,206.40000,210.30000,1.02670,1.00000,0.97720,0.31670,0.53180,100.00000,16.69070,16.69070,12.31360,10.10100,0.04380,0.47530,189.35060,2.91250,3.17820,0.44020,1.99010,35.03310,6.6703,6.5445
2020-06-30,1834.00000,,1834.00000,21.00000,1456.00000,-78.00000,,279.00000,-81.00000,198.00000,26.00000,172.00000,172.00000,172.00000,319.00000,279.00000,205.65000,209.10000,0.83330,0.82000,1.02920,0.32180,0.54140,100.00000,15.21270,15.21270,10.79610,9.37840,0.04100,0.41440,217.19740,2.45190,2.68210,0.38490,1.66300,34.12980,-1.2077,-1.3362
2020-03-31,2068.00000,,2068.00000,41.00000,1600.00000,-79.00000,,348.00000,-109.00000,239.00000,70.00000,169.00000,169.00000,169.00000,411.00000,348.00000,207.60000,211.65000,0.81330,0.80000,1.06200,0.32970,0.53100,100.00000,16.82790,16.82790,11.55710,8.17210,0.04150,0.43410,207.33070,2.47290,2.71220,0.33930,1.65750,33.30730,11.3326,11.1668
2019-12-31,2009.00000,,2009.00000,44.00000,1523.00000,-85.00000,,357.00000,2.00000,359.00000,91.00000,268.00000,268.00000,267.00000,395.00000,357.00000,207.45000,212.25000,1.28670,1.26000,1.09630,0.28530,0.49310,100.00000,17.77000,17.77000,17.86960,13.29020,0.05000,0.46950,191.69240,3.88240,4.25800,0.66740,2.77490,33.12290,2.57240,2.40280
2019-09-30,1877.00000,,1877.00000,53.00000,1498.00000,-112.00000,,214.00000,140.00000,354.00000,89.00000,265.00000,265.00000,264.00000,245.00000,214.00000,211.50000,216.00000,1.26670,1.24670,1.10920,0.29330,0.45960,100.00000,11.40120,11.40120,18.85990,14.06500,0.04830,0.41860,215.00270,3.98920,4.39320,0.68250,2.81910,32.12860,3.1402,2.9748
2019-06-30,2000.00000,,2000.00000,57.00000,1446.00000,-87.00000,,410.00000,-68.00000,342.00000,83.00000,259.00000,259.00000,258.00000,445.00000,410.00000,210.60000,215.40000,1.22670,1.20000,1.11160,0.29680,0.55620,100.00000,20.50000,20.50000,17.10000,12.90000,0.05170,0.44900,200.43000,3.94580,4.36840,0.66960,2.77480,31.33170,-0.5616,-0.7617
2019-03-31,1859.00000,,1859.00000,41.00000,1389.00000,-77.00000,,352.00000,-5.00000,347.00000,86.00000,261.00000,261.00000,261.00000,383.00000,352.00000,211.20000,215.85000,1.23330,1.20670,1.11060,0.29500,0.61130,100.00000,18.93490,18.93490,18.66600,14.03980,0.04870,0.41160,218.63370,4.05590,4.49610,0.68370,2.85930,30.54710,-0.9256,-1.0768
2018-12-31,2004.00000,,2004.00000,43.00000,1430.00000,-95.00000,,436.00000,-104.00000,332.00000,83.00000,249.00000,249.00000,249.00000,465.00000,436.00000,216.30000,220.95000,1.15330,1.12670,1.12030,0.32370,0.60160,100.00000,21.75650,21.75650,16.56690,12.42520,0.05200,0.43120,208.74250,4.00000,4.45280,0.64600,2.70510,29.51280,1.01830,0.89610
2018-09-30,1962.00000,,1962.00000,47.00000,1407.00000,-89.00000,,423.00000,-73.00000,350.00000,87.00000,263.00000,263.00000,262.00000,468.00000,423.00000,217.95000,223.20000,1.20670,1.18000,1.12880,0.29470,0.54870,100.00000,21.55960,21.55960,17.83890,13.35370,0.05240,0.38340,234.72480,4.07630,4.52430,0.70300,2.87490,29.53360,2.961,2.789
2018-06-30,1891.00000,,1891.00000,57.00000,1366.00000,-91.00000,,377.00000,-59.00000,318.00000,86.00000,232.00000,232.00000,232.00000,420.00000,377.00000,218.40000,224.10000,1.06000,1.03330,1.12410,0.28160,0.51370,100.00000,19.93650,19.93650,16.81650,12.26860,0.05200,0.39920,225.44240,3.71200,4.13680,0.63800,2.66670,28.58700,-1.7118,-1.827
2018-03-31,1857.00000,,1857.00000,43.00000,1355.00000,-74.00000,,385.00000,-53.00000,332.00000,89.00000,243.00000,243.00000,243.00000,394.00000,385.00000,218.10000,223.50000,1.11330,1.08670,1.11910,0.28860,0.53360,100.00000,20.73240,20.73240,17.87830,13.08560,0.05150,0.39750,226.42280,4.02170,4.50380,0.67440,2.86120,27.67500,0.8143,0.663
2017-12-31,1766.00000,,1766.00000,34.00000,1295.00000,-81.00000,,352.00000,-41.00000,311.00000,192.00000,119.00000,119.00000,119.00000,375.00000,352.00000,216.75000,222.45000,0.54670,0.53330,1.14260,0.34690,0.65730,100.00000,19.93210,19.93210,17.61040,6.73840,0.04890,0.39970,225.14870,2.05070,2.31000,0.32980,1.33940,26.65210,1.89710,1.73520
2017-09-30,1732.81100,,1732.81100,38.81400,1225.33300,-90.84100,,304.82310,-25.58200,279.24100,84.84000,194.40100,194.40100,192.91500,307.14210,304.82300,214.95000,219.90000,0.90000,0.88000,1.15720,0.37530,0.74580,100.00000,17.59130,17.59120,16.11490,11.13310,0.04970,0.37990,236.88390,3.41450,3.73840,0.55730,2.13320,26.34040,-6.5873,-6.7593
2017-06-30,1663.10700,,1663.10700,39.30500,1206.70800,-92.01800,,325.07600,-48.13500,276.94100,91.59000,185.35100,185.35100,183.02500,341.77400,325.07600,215.56800,220.65450,0.84670,0.82670,1.16580,0.32540,0.65510,100.00000,19.54630,19.54630,16.65200,11.00500,0.04970,0.37640,239.13320,3.36960,3.70280,0.55440,2.27310,25.49250,1.3168,1.1836
2017-03-31,1600.31400,,1600.31400,41.51900,1159.27900,-192.52200,,206.99390,-45.69100,161.30300,52.75800,108.54500,108.54500,112.49300,219.22090,206.99390,215.05050,220.16850,0.52000,0.51330,1.14890,0.28230,0.59940,100.00000,12.93460,12.93460,10.07950,7.02940,0.04860,0.37030,243.05010,2.03720,2.24640,0.32960,1.46210,24.74620,1.0076,0.8073
2016-12-31,1528.76800,,1528.76800,35.36200,1124.68000,-113.61900,,255.10710,-47.59200,207.51500,59.81200,147.70300,147.70300,146.56700,264.86310,255.10710,213.16500,218.51250,0.68670,0.66670,1.20040,0.33290,0.67040,100.00000,16.68710,16.68710,13.57400,9.58730,0.04830,0.36070,249.51230,2.83790,3.13900,0.46640,1.89330,24.27580,3.69450,3.33590
2016-09-30,1492.15600,,1492.15600,35.88400,1072.74700,-118.57800,,301.68920,-58.78000,242.90900,64.75200,178.15700,178.15700,170.41400,313.38220,301.68910,212.65950,216.76950,0.80000,0.78670,1.16850,0.35320,0.78130,102.05920,20.21830,20.21830,16.27910,11.42070,0.04740,0.32830,274.11440,3.51880,3.90700,0.56580,2.27590,23.84630,-2.4575,-2.6185
2016-06-30,1386.99700,10.21400,1376.78300,36.48800,1021.42600,-69.08500,1126.99900,249.78410,-44.93000,204.85400,72.26100,132.59300,132.59300,125.50400,253.66410,249.78410,211.74750,215.92800,0.59330,0.58000,1.20110,0.26050,0.58020,99.26360,18.00900,18.00900,14.76960,9.04860,0.04810,0.40030,224.83280,2.65500,2.87670,0.45970,1.96330,23.56290,0.0789,-0.0524
2016-03-31,1341.11000,10.51700,1330.59300,35.41700,997.31000,-59.00500,1097.74700,232.84590,-38.73800,194.10800,72.27100,121.83700,121.83700,125.84700,244.14990,232.84590,212.20800,216.01800,0.59330,0.58000,1.20690,0.26730,0.59590,99.21580,17.36220,17.36220,14.47370,9.38380,0.04830,0.38020,236.72160,2.49810,2.70730,0.43900,1.83030,23.04360,-1.3974,-1.5181
2015-12-31,1300.85700,9.99600,1290.86100,40.62400,980.32500,-57.35800,1078.30700,212.55400,-42.48100,170.07300,62.00900,108.06400,108.06400,106.32900,233.05000,212.55400,214.58700,219.21150,0.49330,0.48670,1.22260,0.26570,0.56720,99.23160,16.33950,16.33950,13.07390,8.17380,0.04830,0.41820,215.18860,2.19610,2.37700,0.40160,1.61270,22.82500,1.13120,0.98260
2015-09-30,1368.49900,10.01400,1358.48500,39.35900,1015.93100,-26.76300,1082.05300,276.43260,-37.39700,239.03500,77.63000,161.40500,161.40500,129.63900,293.79660,276.43240,213.82200,218.90850,0.60000,0.58670,1.22520,0.28060,0.61960,99.26820,20.19970,20.19970,17.46700,9.47310,0.05170,0.41180,218.53510,3.37240,3.66070,0.60980,2.42620,22.35190,1.9901,1.8868
2015-06-30,1348.71300,9.64800,1339.06500,40.12700,1010.87800,-62.05000,1113.05500,226.01000,-24.71500,201.29500,74.93500,126.36000,126.36000,133.19500,221.76600,226.01000,214.87800,219.73950,0.62000,0.60670,1.25380,0.28510,0.59400,99.28470,16.75750,16.75750,14.92500,9.87570,0.05440,0.41350,217.64380,2.66230,2.87730,0.50930,1.90330,22.01850,0.3775,0.2776
2015-03-31,1312.62400,13.58800,1299.03600,42.49000,991.47300,-58.65700,1092.62000,206.41600,-30.78300,175.63300,66.85700,108.77600,108.77600,113.46300,209.44400,206.41600,213.48000,219.07500,0.52670,0.51330,1.24190,0.29490,0.64290,98.96480,15.72550,15.72550,13.38030,8.64400,0.05260,0.44030,204.41580,2.33830,2.52890,0.43570,1.64870,21.72230,0.638,0.5626
2014-12-31,1279.84400,9.49800,1270.34600,36.99000,936.59300,-61.36500,1034.94800,235.39790,-36.74900,198.64900,76.61200,122.03700,122.03700,125.84300,245.02100,235.39790,211.86900,217.92300,0.59330,0.58000,1.24050,0.28640,0.60440,99.25790,18.39270,18.39270,15.52130,9.83270,0.05280,0.43150,208.56390,2.67730,2.90170,0.50320,1.91050,21.37520,1.09970,1.03980
2014-09-30,1310.77800,10.71000,1300.06800,35.68200,969.23320,-58.77900,1063.69400,236.37400,-31.17000,205.20400,76.04800,129.15600,129.15600,138.61600,251.30800,236.37400,209.90250,215.38350,0.64670,0.62670,1.24680,0.29890,0.62930,99.18290,18.03310,18.03310,15.65510,10.57510,0.05620,0.40920,219.92470,2.91330,3.16640,0.55370,2.04270,20.93090,0.2689,0.1938
2014-06-30,1241.28300,9.33500,1231.94800,35.07900,929.60400,-56.81300,1021.49600,210.45190,-31.51900,178.93300,68.55400,110.37900,110.37900,121.97900,222.34390,210.45190,210.40500,215.97750,0.58000,0.56670,1.23290,0.29380,0.64520,99.24800,16.95440,16.95440,14.41520,9.82680,0.05380,0.40580,221.76350,2.55910,2.78940,0.47840,1.80730,20.41800,1.4701,1.4112
2014-03-31,1204.62500,9.87600,1194.74900,36.66700,921.69100,-55.43300,1013.79100,180.95800,-27.95900,152.99900,60.90400,92.09500,92.09500,103.90400,185.54600,180.95800,209.83200,215.45400,0.49330,0.48000,1.19140,0.23940,0.55490,99.18020,15.02190,15.02190,12.70100,8.62540,0.05270,0.40370,222.93630,2.18840,2.39180,0.40270,1.66440,19.95560,0.5405,0.4545
2013-12-31,1208.77400,9.95400,1198.82000,32.24400,906.48400,-54.27200,993.00000,205.82010,-27.00800,178.81200,62.29100,116.52100,116.52100,115.74900,215.76510,205.82010,208.63350,213.89550,0.55330,0.54000,1.19220,0.24310,0.51830,99.17650,17.02720,17.02720,14.79280,9.57570,0.05510,0.42900,209.80140,2.82430,3.09410,0.53150,2.13770,19.61760,0.07720,0.01790
2013-09-30,1150.26300,9.41400,1140.84900,30.53300,860.90610,-44.16400,974.68620,166.16280,-7.62000,158.54300,44.51100,114.03190,114.03190,119.53700,183.53980,166.16270,206.59800,210.81150,0.56670,0.54670,1.16920,0.25120,0.55460,99.18160,14.44560,14.44560,13.78320,10.39220,0.04960,0.37800,238.08160,2.85200,3.13540,0.49180,2.13550,19.10010,1.1794,1.1441
2013-06-30,1137.72800,9.26600,1128.46200,31.73700,878.78500,-49.54400,973.51490,154.94710,-26.05000,128.89700,48.19200,80.70500,80.70500,82.98700,160.82910,154.94710,207.27750,211.84650,0.40000,0.39330,1.17060,0.25850,0.52900,99.18560,13.61900,13.61900,11.32930,7.29410,0.05120,0.36510,246.52600,2.08260,2.29770,0.36330,1.54420,18.55490,1.1166,1.0285
2013-03-31,1170.29800,11.40500,1158.89300,31.48800,866.75900,-49.48100,968.65000,190.24300,-30.94000,159.30300,51.05700,108.24600,108.24600,79.96000,140.79500,190.24300,206.72550,211.08300,0.38000,0.37330,1.16220,0.27070,0.62600,99.02550,16.25590,16.25590,13.61220,6.83240,0.05150,0.35910,250.60510,2.76710,3.05180,0.47610,2.01820,18.75150,-0.3102,-0.4414
2012-12-31,1137.50900,10.16800,1127.34100,30.62900,862.39200,-38.82700,931.84810,195.49300,-48.32600,147.16700,53.27300,93.89400,93.89400,84.67000,207.41000,195.49300,204.78600,208.04100,0.41330,0.40670,1.15840,0.26920,0.58950,99.10610,17.18610,17.18610,12.93770,7.44350,0.05110,0.38730,232.36590,2.46470,2.73340,0.42150,1.80110,18.33240,1.14400,1.05290
2012-09-30,1093.46800,11.87300,1081.59500,30.39300,844.74400,-38.52500,894.05810,187.53680,-70.15700,117.38000,40.98200,76.39800,76.39800,81.87500,186.66280,187.53680,196.20900,197.68650,0.41330,0.40000,1.15920,0.27710,0.65610,98.91420,17.15060,17.15060,10.73470,7.48760,0.05170,0.34540,260.54760,2.07590,2.30180,0.36100,1.50060,17.81310,0.9266,0.7959
2012-06-30,1115.76200,11.02500,1104.73700,33.09800,832.41890,-41.40500,906.92200,197.81490,-59.82400,137.99100,48.52000,89.47100,89.47100,74.99500,208.04390,197.81490,202.88400,204.98550,0.36670,0.36670,1.15670,0.28310,0.71690,99.01190,17.72910,17.72910,12.36740,6.72140,0.05270,0.30700,293.13140,2.49800,2.71510,0.42260,1.79080,17.37400,0.7002,0.598
2012-03-31,889.85300,9.07000,880.78300,27.38200,667.86300,-34.96200,749.81100,130.97200,-23.07000,107.90200,42.62800,65.27400,65.27400,67.43800,129.02100,130.97200,194.02950,195.96600,0.34670,0.34670,1.23640,0.32520,0.70500,98.98070,14.71840,14.71840,12.12580,7.57860,0.04620,0.37280,241.39620,1.91090,1.95200,0.33860,1.28950,16.58620,0.4602,0.3746
2011-12-31,798.81700,7.45400,791.36300,27.83900,605.12600,-30.25400,663.21900,128.14400,-23.49600,104.64800,43.52600,61.12200,61.12200,65.60300,136.72300,128.14400,184.83750,185.56800,0.35330,0.35330,1.14600,0.19050,0.57120,99.06690,16.04170,16.04170,13.10040,8.21250,0.04460,0.35070,256.62940,2.06290,2.11420,0.34160,1.67000,15.69770,-0.10770,-0.18130
2011-09-30,834.59700,8.82000,825.77700,23.31000,625.92030,-39.23700,688.46720,137.30990,-18.62800,118.68200,56.90200,61.78000,61.78000,63.03500,146.07390,137.30980,183.67200,184.25400,0.36000,0.35330,1.13780,0.19650,0.61520,98.94320,16.45220,16.45220,14.22030,7.55270,0.04630,0.35530,253.33890,2.12170,2.17620,0.34310,1.70480,15.35700,2.5951,2.5447
2011-06-30,868.21200,10.27700,857.93500,24.80000,639.02200,-41.84600,705.66800,152.26700,-71.18800,81.07900,31.88100,49.19800,49.19800,46.78600,152.70600,152.26700,184.85700,185.93700,0.24670,0.24670,1.16610,0.19890,0.58630,98.81630,17.53800,17.53800,9.33860,5.38880,0.05390,0.34550,260.46840,1.71710,1.76130,0.30530,1.37560,15.09140,-0.2646,-0.3297
2011-03-31,866.74400,9.44700,857.29700,22.82000,642.74000,-44.17500,709.73490,147.56210,-23.32400,124.23800,45.32000,78.91800,78.91800,80.91700,156.60510,147.56210,183.59400,184.89750,0.42670,0.42670,1.15000,0.14110,0.44100,98.91010,17.02490,17.02490,14.33390,9.33570,0.05670,0.35770,251.62400,2.79910,2.86260,0.51630,2.40400,14.88800,-0.5232,-0.5575
2010-12-31,830.33300,9.91700,820.41600,23.94500,609.25800,-32.73100,665.93400,154.48200,-27.73600,126.74600,48.79100,77.95500,77.95500,78.83800,163.57200,154.48200,181.73250,182.30100,0.43330,0.43330,1.14390,0.15340,0.50090,98.80570,18.60480,18.60480,15.26450,9.49470,0.05590,0.37370,240.83960,2.86820,2.93580,0.52500,2.42810,14.46260,6.65080,6.59870
2010-09-30,763.24800,8.31300,754.93500,20.84000,568.48910,-30.22500,619.55410,135.38090,-35.90500,99.47600,36.28800,63.18800,63.18800,66.18800,143.78990,135.38100,179.00250,179.38800,0.36000,0.36670,1.33220,0.53510,1.56050,98.91090,17.73750,17.73750,13.03330,8.67190,0.04270,0.33740,266.77390,2.43320,2.49330,0.35330,1.13110,13.88310,-5.796,-5.8204
2010-06-30,763.61200,9.48000,754.13200,18.87800,570.35000,-36.22000,625.44800,128.68400,-33.33700,95.34700,36.82400,58.52300,58.52300,58.13300,133.44600,128.68400,179.43300,180.02850,0.32670,0.32000,1.12200,0.16770,0.79590,98.75850,16.85200,16.85200,12.48630,7.61290,0.05130,0.35550,253.15660,2.37330,2.43510,0.39330,1.97520,13.23390,0.3935,0.3675
2010-03-31,749.98700,8.82800,741.15900,20.61400,555.75600,-35.09600,611.46610,129.69290,-35.48500,94.20800,34.02800,60.18000,60.18000,53.24100,128.96190,129.69290,178.93200,179.37000,0.30000,0.30000,1.10770,0.16990,0.85110,98.82290,17.29270,17.29270,12.56130,7.09890,0.04910,0.35030,256.92280,2.51190,2.57920,0.39390,2.08500,12.88560,0.4848,0.4437
2009-12-31,702.66900,8.50200,694.16700,19.88100,525.86800,-42.76800,588.51700,105.65000,-38.53700,67.11300,26.48500,40.62800,40.62800,41.11400,117.76800,105.65000,178.14450,178.47450,0.23330,0.23330,1.10510,0.17500,0.69710,98.79000,15.03550,15.03550,9.55120,5.85110,0.04780,0.34950,257.51620,1.75420,1.80290,0.27650,1.44730,12.47880,-0.77610,-0.80880
2009-09-30,678.02310,8.82900,669.19410,16.43400,511.43200,-33.93300,561.79900,107.39510,-50.56700,56.82800,18.91400,37.91400,37.91400,38.97500,114.43610,107.39510,175.78200,175.93200,0.23330,0.23330,1.14430,0.39010,0.94690,98.69780,15.83940,15.83940,8.38140,5.74830,0.03720,0.33210,271.02370,1.69780,1.74670,0.20800,1.03550,12.09730,-0.1584,-0.1965
2009-06-30,636.92300,8.37700,628.54600,18.65200,459.79800,-36.16300,514.61300,113.93300,-37.24300,76.69000,29.71400,46.97600,46.97600,40.79700,113.53500,113.93300,176.89500,176.92650,0.23330,0.23330,1.05460,0.09180,0.46150,98.68480,17.88800,17.88800,12.04070,6.40530,0.03570,0.32930,273.31230,2.39420,2.47300,0.26350,2.17440,10.66290,1.2977,1.2653
2009-03-31,591.74000,7.46400,584.27600,18.81700,446.80300,-30.70700,496.32700,87.94900,-81.72300,6.22600,6.82500,-0.59900,-0.59900,5.54600,96.90200,87.94900,175.70100,175.78050,0.03330,0.03330,1.06100,0.14690,0.48790,98.73860,14.86280,14.86280,1.05220,0.93720,0.03270,0.34400,261.63460,-0.03160,-0.03270,-0.00330,-0.02690,10.33820,0.9874,0.8559
