Date,revenue,cost-goods-sold,gross-profit,research-development-expenses,selling-general-administrative-expenses,operating-expenses,operating-income,total-non-operating-income-expense,pre-tax-income,total-provision-income-taxes,income-after-taxes,income-from-continuous-operations,net-income,ebitda,ebit,basic-shares-outstanding,shares-outstanding,eps-basic-net-earnings-per-share,eps-earnings-per-share-diluted,current-ratio,long-term-debt-capital,debt-equity-ratio,gross-margin,operating-margin,ebit-margin,pre-tax-profit-margin,net-profit-margin,asset-turnover,inventory-turnover,receiveable-turnover,days-sales-in-receivables,roe,return-on-tangible-equity,roa,roi,book-value-per-share,operating-cash-flow-per-share,free-cash-flow-per-share
2023-09-30,67.66100,52.69400,14.96700,26.62600,27.20000,53.82600,-38.85900,-0.35700,-39.21600,1.35200,-40.56800,-40.56800,-40.56800,-30.33200,-38.85900,484.03410,484.03410,-0.08000,-0.08000,1.66660,0.02550,0.20560,22.12060,-57.43190,-57.43190,-57.95950,-59.95770,0.07120,0.51460,2.96930,30.31040,-6.92520,-9.12920,-4.26810,-6.74890,1.20570,-0.0514,-0.0945
2023-06-30,62.04500,47.45200,14.59300,31.03500,28.71700,59.75200,-45.15900,0.03100,-45.12800,0.76100,-45.88900,-45.88900,-45.88900,-37.68500,-45.15900,479.73600,479.73600,-0.10000,-0.10000,1.83110,0.02460,0.19600,23.52000,-72.78430,-72.78430,-72.73430,-73.96080,0.06320,0.46420,2.46450,36.51790,-7.50990,-9.83230,-4.67540,-7.32540,1.26620,-0.0123,-0.0341
2023-03-31,54.89500,48.53800,6.35700,23.90500,28.46900,52.37400,-46.01700,0.92600,-45.09100,0.52600,-45.61700,-45.61700,-45.61700,-38.27500,-46.01700,476.20000,476.20000,-0.10000,-0.10000,3.21980,0.15370,0.18610,11.58030,-83.82730,-83.82730,-82.14040,-83.09860,0.05540,0.49300,1.08300,83.10590,-7.12750,-9.26230,-4.60360,-6.03220,1.33850,-0.05330,-0.07990
2022-12-31,51.76200,49.93200,1.83000,15.01800,24.03500,39.05300,-37.22300,-0.99500,-38.21800,-1.01000,-37.20800,-37.20800,-37.20800,-28.14600,-37.22300,466.21410,466.21410,-0.08000,-0.08000,4.06470,0.14660,0.17600,3.53540,-71.91190,-71.91190,-73.83410,-71.88290,0.05230,0.54110,1.41530,63.58870,-5.52700,-7.12120,-3.76170,-4.71690,1.41620,-0.042,-0.0747
2022-09-30,63.05700,54.59000,8.46700,17.50800,22.96100,40.46900,-32.00200,-0.91500,-32.91700,1.69300,-34.61000,-34.61000,-34.61000,-23.43400,-32.00200,469.76880,469.76880,-0.07000,-0.07000,4.33530,0.14270,0.17060,13.42750,-50.75090,-50.75090,-52.20200,-54.88690,0.06300,0.63380,1.09220,82.39970,-5.00990,-6.31650,-3.45630,-4.29490,1.46130,-0.0475,-0.0648
2022-06-30,55.47400,50.51600,4.95800,19.16500,18.95200,38.11700,-33.15900,-6.33100,-39.49000,-2.07300,-37.41700,-37.41700,-37.41700,-24.80800,-33.15900,464.72000,464.72000,-0.08000,-0.08000,4.90220,0.13820,0.16440,8.93750,-59.77390,-59.77390,-71.18650,-67.44960,0.05520,0.58960,1.38050,65.19220,-5.24450,-6.55670,-3.72400,-4.51980,1.52320,-0.0813,-0.1086
2022-03-31,40.70300,36.96800,3.73500,13.47700,23.07800,36.55500,-32.82000,10.49900,-22.32100,4.38800,-26.70900,-26.70900,-26.70900,-26.04200,-32.82000,456.49500,456.49500,-0.06000,-0.06000,4.30360,0.13440,0.15920,9.17620,-80.63290,-80.63290,-54.83870,-65.61920,0.03850,0.47460,1.23380,72.94550,-3.64580,-4.55620,-2.52570,-3.15560,1.58320,-0.05770,-0.07140
2021-12-31,27.47800,20.79400,6.68400,11.96900,19.04800,31.01700,-24.33300,20.98900,-3.34400,-6.54000,3.19600,3.19600,3.19600,-20.19200,-24.33300,209.89510,209.89510,0.24000,0.24000,8.04470,0.12230,0.14340,24.32490,-88.55440,-88.55440,-12.16970,11.63110,0.02800,0.43410,1.96880,45.71400,0.45760,0.53480,0.32580,0.40160,1.55150,-0.1235,-0.1958
2021-09-30,5.28700,17.73800,-12.45100,14.18900,25.65500,39.84400,-52.29500,-37.35800,-89.65300,-1.68400,-87.96900,-87.96900,-87.96900,-49.03500,-52.29500,228.26700,228.26700,-0.39000,-0.39000,11.14110,0.12540,0.14750,-235.50220,-989.12430,-989.12430,-1695.72500,-1663.87400,0.00550,0.46230,0.39640,227.01720,-13.04950,-13.30790,-9.20780,-11.41370,1.50120,0.2448,0.2668
2021-06-30,11.28000,8.81700,2.46300,8.52900,7.06800,15.59700,-13.13400,-3.09100,-16.22500,0.44000,-16.66500,-16.66500,-16.66500,-10.53500,-13.13400,78.96100,78.96100,-0.21000,-0.21000,0.13790,,,21.83510,-116.43620,-116.43620,-143.83870,-147.73940,0.03520,,,,28.07350,28.07350,-5.20220,28.07350,-7.42030,-0.2669,-0.2878
2021-03-31,18.19200,16.78100,1.41100,7.07800,6.62400,13.70200,-12.29100,-3.32700,-15.61800,0.26400,-15.88200,-15.88200,-15.88200,-9.89400,-12.29100,78.82600,78.82600,-0.20000,-0.20000,0.45940,,,7.75620,-67.56270,-67.56270,-85.85090,-87.30210,0.05670,,,,-317.63980,-317.64390,-4.95090,-317.64000,0.34890,-0.19640,-0.24770
2020-12-31,,,,,,,,,,,,,,,,,,,0.00000,,,,,,,,,,,,,,,,,,0.2816,0.5153
2020-09-30,10.67000,12.55500,-1.88500,4.90300,6.05700,10.96000,-12.84500,-0.76000,-13.60500,-1.00000,-12.60500,-12.60500,-12.60500,-12.84500,-12.84500,76.05310,76.05310,-0.17000,-0.17000,0.12880,,,-17.66640,-120.38430,-120.38430,-127.50700,-118.13490,0.03540,,,,-252.09950,-252.10000,-4.18280,-252.09950,0.49800,-0.2816,-0.5153
