Date,revenue,gross-profit,research-development-expenses,selling-general-administrative-expenses,operating-income,total-non-operating-income-expense,pre-tax-income,income-after-taxes,income-from-continuous-operations,net-income,ebitda,ebit,basic-shares-outstanding,shares-outstanding,eps-basic-net-earnings-per-share,eps-earnings-per-share-diluted,current-ratio,gross-margin,operating-margin,ebit-margin,pre-tax-profit-margin,net-profit-margin,asset-turnover,roe,return-on-tangible-equity,roa,roi,book-value-per-share,operating-cash-flow-per-share,free-cash-flow-per-share
2024-03-31,3.54300,3.54300,66.83200,13.89800,-77.18700,8.33200,-68.85500,-68.85500,-68.85500,-68.85500,-79.50600,-77.18700,87.21200,87.21200,-0.79000,-0.79000,12.46710,100.00000,-2178.57800,-2178.57800,-1943.41000,-1943.41000,0.00370,-8.28680,-8.28680,-7.23670,-8.28680,8.69200,-0.80700,-0.81750
2023-12-31,2.19300,2.19300,52.81700,16.11900,-66.74300,6.30000,-60.44300,-60.44300,-60.44300,-60.44300,-69.36500,-66.74300,73.01200,73.01200,-0.80000,-0.80000,7.57690,100.00000,-3043.45600,-3043.45600,-2756.17800,-2756.17800,0.00350,-12.07020,-12.07020,-9.61620,-12.07020,6.31680,0.1989,0.1863
2023-09-30,2.81800,2.81800,47.71400,13.72900,-58.62500,6.26700,-52.35800,-52.35800,-52.35800,-52.35800,-61.02500,-58.62500,74.09700,74.09700,-0.71000,-0.71000,11.40260,100.00000,-2080.37600,-2080.37600,-1857.98400,-1857.98400,0.00490,-10.11810,-10.11810,-9.13490,-10.11810,6.98330,-0.446,-0.4572
2023-06-30,2.31600,2.31600,42.67200,12.27800,-52.63400,5.60900,-47.02500,-47.02500,-47.02500,-47.02500,-54.94500,-52.63400,71.39000,71.39000,-0.66000,-0.66000,13.14060,100.00000,-2272.62500,-2272.62500,-2030.44100,-2030.44100,0.00380,-8.40970,-8.40970,-7.69910,-8.40970,7.54930,-0.6884,-0.6967
2023-03-31,2.23300,2.23300,47.76500,12.06400,-57.59600,5.20200,-52.39400,-52.39400,-52.39400,-52.39400,-59.43600,-57.59600,70.43300,70.43300,-0.74000,-0.74000,12.41860,100.00000,-2579.31000,-2579.31000,-2346.35000,-2346.35000,0.00360,-9.37420,-9.37420,-8.53360,-9.37420,7.89280,-0.69520,-0.72110
2022-12-31,2.76900,2.76900,45.61000,10.38400,-53.22500,2.75400,-50.47100,-50.47100,-50.47100,-50.47100,-53.64300,-53.22500,52.16200,52.16200,-0.89000,-0.89000,12.00090,100.00000,-1922.17500,-1922.17500,-1822.71600,-1822.71600,0.00430,-8.73090,-8.73090,-7.90090,-8.73090,8.28570,-0.7831,-0.8
2022-09-30,2.48200,2.48200,37.31700,10.09400,-44.92900,1.33000,-43.59900,-43.59900,-43.59900,-43.59900,-44.59800,-44.92900,53.06900,53.06900,-0.82000,-0.82000,9.71420,100.00000,-1810.19300,-1810.19300,-1756.60800,-1756.60700,0.00580,-11.56530,-11.56530,-10.12660,-11.56530,6.92400,-0.525,-0.5205
2022-06-30,2.17800,2.17800,39.78900,8.68800,-46.29900,0.60900,-45.69000,-45.69000,-45.69000,-45.69000,-45.91800,-46.29900,49.92700,49.92700,-0.92000,-0.92000,12.00020,100.00000,-2125.75800,-2125.75800,-2097.79600,-2097.79600,0.00520,-12.20510,-12.20510,-10.85790,-12.20510,7.18790,-0.6913,-0.7173
2022-03-31,1.79500,1.79500,27.68800,8.56700,-34.46000,0.22500,-34.23500,-34.23500,-34.23500,-34.23500,-33.98200,-34.46000,48.24600,48.24600,-0.71000,-0.71000,13.09190,100.00000,-1919.77700,-1919.77700,-1907.24300,-1907.24200,0.00430,-9.11210,-9.11210,-8.12920,-9.11210,7.62380,-0.61300,-0.62870
2021-12-31,1.85200,1.85200,32.96800,7.43100,-38.54700,0.00900,-38.53800,-38.53800,-38.53800,-38.53800,-38.24700,-38.54700,41.42800,41.42800,-0.83000,-0.83000,13.86270,100.00000,-2081.37200,-2081.37200,-2080.88600,-2080.88600,0.00430,-10.10360,-10.10360,-9.01310,-10.10360,7.98740,-0.7031,-0.7464
2021-09-30,2.16300,2.16300,24.83100,6.61200,-29.28000,0.00600,-29.27400,-29.27400,-29.27400,-29.27400,-29.08600,-29.28000,43.26500,43.26500,-0.68000,-0.68000,18.82230,100.00000,-1353.67500,-1353.67500,-1353.39800,-1353.39800,0.00510,-7.41340,-7.41340,-6.87320,-7.41340,8.42010,-0.3132,-0.3274
2021-06-30,2.60700,2.60700,22.70600,6.26800,-26.36700,0.01400,-26.35300,-26.35300,-26.35300,-26.35300,-26.19100,-26.36700,37.58300,37.58300,-0.70000,-0.70000,17.58530,100.00000,-1011.39200,-1011.39200,-1010.85500,-1010.85500,0.00900,-9.96410,-9.96410,-9.07090,-9.96410,7.02190,-0.7478,-0.7666
2021-03-31,2.70400,2.70400,20.67700,5.88400,-23.85700,0.01300,-23.84400,-23.84400,-23.84400,-23.84400,-23.70900,-23.85700,37.52100,37.52100,-0.64000,-0.64000,17.81150,100.00000,-882.28550,-882.28550,-881.80470,-881.80470,0.00860,-8.33370,-8.33370,-7.57550,-8.33370,7.60950,-0.52450,-0.53850
2020-12-31,2.14200,2.14200,13.61900,4.81600,-16.29300,0.01800,-16.27500,-16.27500,-16.27500,-16.27500,-16.19800,-16.29300,21.66300,21.66300,1.63000,1.63000,22.73790,100.00000,-760.64430,-760.64420,-759.80390,-759.80380,0.00640,-5.31480,-5.31480,-4.87420,-5.31480,8.15090,-1.0709,-1.0984
2020-09-30,1.74600,1.74600,9.45500,3.75700,-11.46600,0.02700,-11.43900,-11.43900,-11.43900,-11.43900,-11.36500,-11.46600,37.42000,37.42000,-0.31000,-0.31000,25.16790,100.00000,-656.70100,-656.70100,-655.15450,-655.15460,0.00500,-3.57290,-3.57290,-3.30480,-3.57290,8.53160,1.0965,1.0748
2020-06-30,1.54100,1.54100,8.98400,2.92500,-10.36800,-0.18800,-10.55600,-10.55600,-10.55600,-10.55600,-10.27400,-10.36800,8.58600,8.58600,-1.23000,-1.23000,30.44900,100.00000,-672.80980,-672.80980,-685.00970,-685.00970,0.00430,-3.19590,-3.19590,-2.97060,-3.19590,8.80160,0.7707,0.773
2020-03-31,1.35800,1.35800,5.54400,1.96400,-6.15000,0.06500,-6.08500,-6.08500,-6.08500,-6.08500,-6.05800,-6.15000,2.84500,2.84500,-2.14000,-2.14000,,100.00000,-452.87190,-452.87190,-448.08540,-448.08540,,,,,,,-2.50970,-2.51320
2019-12-31,,,,,,,,,,,,,,,,0.00000,,,,,,,,,,,,,-2.7415,-2.6889
2019-09-30,0.65000,0.65000,5.09900,0.75700,-5.20600,-1.46200,-6.66800,-6.66800,-6.66800,-6.66800,-5.09500,-5.20600,2.73900,2.73900,-2.43000,-2.43000,,100.00000,-800.92300,-800.92300,-1025.84600,-1025.84600,,,,,,,-2.2119,-2.2164
2019-06-30,0.22400,0.22400,2.53300,1.59600,-3.90500,-1.21100,-5.11600,-5.11600,-5.11600,-5.11600,-3.90500,-3.90500,2.70400,2.70400,-1.89000,-1.89000,,100.00000,-1743.30300,-1743.30300,-2283.92800,-2283.92800,,,,,,,4.9534,4.9053
2018-12-31,,,,,,,,,,,,,,,,0.00000,,,,,,,,,,,,,0,0
