Date,revenue,gross-profit,research-development-expenses,selling-general-administrative-expenses,operating-income,total-non-operating-income-expense,pre-tax-income,total-provision-income-taxes,income-after-taxes,income-from-continuous-operations,net-income,ebitda,ebit,basic-shares-outstanding,shares-outstanding,eps-basic-net-earnings-per-share,eps-earnings-per-share-diluted,current-ratio,long-term-debt-capital,debt-equity-ratio,gross-margin,operating-margin,ebit-margin,pre-tax-profit-margin,net-profit-margin,asset-turnover,receiveable-turnover,days-sales-in-receivables,roe,return-on-tangible-equity,roa,roi,book-value-per-share,operating-cash-flow-per-share,free-cash-flow-per-share
2023-09-30,6.55100,6.55100,13.00200,6.61400,-13.06500,4.06300,-9.00200,,-9.00200,-9.00200,-9.00200,-12.87600,-13.06500,154.80450,154.80450,-0.06000,-0.06000,4.50720,,,100.00000,-199.43520,-199.43520,-137.41410,-137.41410,0.06180,0.96720,93.04990,-14.92150,-14.92150,-8.48970,-14.92150,0.38960,-0.0585,-0.0585
2023-06-30,5.24900,5.24900,17.78200,6.10500,-18.63800,7.25100,-11.38700,,-11.38700,-11.38700,-11.38700,-18.46200,-18.63800,153.44200,153.44200,-0.07000,-0.07000,4.17900,0.17400,0.36700,100.00000,-355.07710,-355.07710,-216.93660,-216.93660,0.03760,0.81510,110.42100,-17.39850,-17.39860,-8.16240,-14.37120,0.42660,-0.0644,-0.0645
2023-03-31,5.93800,5.93800,18.62400,5.69500,-18.38100,-3.28200,-21.66300,,-21.66300,-21.66300,-21.66300,-18.25400,-18.38100,153.34600,153.34600,-0.14000,-0.14000,5.21620,0.17870,0.35460,100.00000,-309.54870,-309.54870,-364.81980,-364.81980,0.03810,0.68390,131.58980,-29.04710,-29.04710,-13.91390,-23.85610,0.48610,-0.05720,-0.05800
2022-12-31,16.79500,16.79500,18.96700,6.32400,-8.49600,14.10100,5.60500,-0.28800,5.89300,5.89300,5.89300,-8.50200,-8.49600,144.75860,145.87490,0.00000,0.01000,5.90730,0.15940,0.27990,100.00000,-50.58650,-50.58650,33.37300,35.08790,0.10120,1.72120,52.29060,6.28060,6.28060,3.55240,5.27980,0.61310,-0.0874,-0.0892
2022-09-30,20.71000,20.71000,16.53900,5.77000,-1.59900,-6.61500,-8.21400,-0.32100,-7.89300,-7.89300,-7.89300,-1.37700,-1.59900,152.85000,152.85000,-0.05000,-0.05000,6.72950,0.19230,0.30730,100.00000,-7.72090,-7.72090,-39.66200,-38.11200,0.11620,2.99060,30.09420,-9.29600,-9.29610,-4.42770,-7.50840,0.55480,0.0331,0.0303
2022-06-30,39.27300,39.27300,19.18200,6.23100,13.86000,-5.25900,8.60100,,8.60100,8.60100,8.60100,14.20400,13.86000,148.50600,148.50600,0.06000,0.06000,5.11130,0.20170,0.28930,100.00000,35.29140,35.29140,21.90050,21.90050,0.20880,1.63680,54.98590,9.59870,9.59870,4.57330,7.66300,0.58680,-0.0695,-0.0696
2022-03-31,33.99900,33.99900,17.68900,5.53700,10.77300,18.00500,28.77800,,28.77800,28.77800,28.77800,11.12500,10.77300,124.23300,127.57300,0.23000,0.08000,3.31260,0.30990,0.46160,100.00000,31.68620,31.68620,84.64370,84.64370,0.23340,4.75310,18.93500,51.60680,51.60680,19.75210,35.61370,0.44830,-0.09300,-0.09660
2021-12-31,29.93700,29.93700,20.31800,5.54100,4.07800,8.29900,12.37700,0.13800,12.23900,12.23900,12.23900,4.49900,4.07800,114.32880,114.32880,0.12000,0.16000,1.99920,0.46630,1.13820,100.00000,13.62200,13.62200,41.34350,40.88250,0.18720,3.01970,29.80460,54.34490,54.34480,7.65500,29.00650,0.18220,-0.277,-0.2795
2021-09-30,24.42700,24.42700,20.95100,5.44500,-1.96900,-0.09700,-2.06600,15.82800,-17.89400,-17.89400,-17.89400,-1.62100,-1.96900,115.17000,115.17000,-0.16000,-0.16000,1.58730,8.27980,-1.35760,100.00000,-8.06080,-8.06080,-8.45790,-73.25500,0.14610,3.33520,26.98490,95.53150,95.53150,-10.70460,-695.45280,-0.16230,-0.1011,-0.1028
2021-06-30,19.66300,19.66300,14.46300,4.74800,0.45200,4.11300,4.56500,,4.56500,4.56500,4.56500,0.77100,0.45200,113.52400,121.17800,0.04000,0.00000,1.91090,1.22570,-5.97390,100.00000,2.29870,2.29870,23.21620,23.21620,0.10890,2.32310,38.74080,-108.12390,-108.12410,2.52880,24.40000,-0.03670,-0.0404,-0.0455
2021-03-31,11.05000,11.05000,13.00400,5.20400,-7.15800,-17.43900,-24.59700,,-24.59700,-24.59700,-24.59700,-6.93700,-7.15800,110.74200,110.74200,-0.22000,-0.22000,1.92800,4.92990,-1.27800,100.00000,-64.77830,-64.77830,-222.59730,-222.59730,0.06250,1.32460,67.94390,125.68060,125.68090,-13.91660,-493.91550,-0.17320,-0.10960,-0.10980
2020-12-31,11.95100,11.95100,15.09100,4.75800,-7.89800,-7.54800,-15.44600,,-15.44600,-15.44600,-15.44600,-7.65400,-7.89800,101.20220,101.20220,-0.13000,-0.13000,1.85590,3.65300,-1.37690,100.00000,-66.08650,-66.08650,-129.24440,-129.24440,0.07220,1.65430,54.40210,85.78240,85.78250,-9.33660,-227.58220,-0.16660,-0.0553,-0.0572
2020-09-30,4.64600,4.64600,13.96000,4.42000,-13.73400,4.00500,-9.72900,,-9.72900,-9.72900,-9.72900,-13.60000,-13.73400,105.32600,105.32600,-0.09000,-0.09000,2.16230,1.42900,-3.33090,100.00000,-295.60920,-295.60920,-209.40590,-209.40590,0.02570,0.36800,244.58460,131.79290,131.79350,-5.37530,-56.54090,-0.06880,0.6429,0.6404
2020-06-30,,,10.73000,5.63700,-16.36700,-7.71400,-24.08100,,-24.08100,-24.08100,-24.08100,-16.24200,-16.36700,96.78590,96.78590,-0.25000,-0.25000,2.71220,-0.97670,-1.13650,,,,,,,,,184.50050,184.50040,-32.02010,364.69780,-0.12940,-0.1194,-0.121
2020-03-31,,,14.72400,4.09800,-18.82200,-0.79800,-19.62000,,-19.62000,-19.62000,-19.62000,-18.59100,-18.82200,94.72400,94.72400,-0.21000,-0.21000,2.47540,,-1.92490,,,,,,,,,223.89610,223.89590,-22.09460,223.89600,-0.10070,-0.12350,-0.12490
2019-12-31,6.65400,6.65400,15.15200,4.07200,-12.57000,-2.31800,-14.88800,,-14.88800,-14.88800,-14.88800,-12.36600,-12.57000,45.54900,45.54900,-0.28000,-0.28000,2.76640,,2.25140,100.00000,-188.90890,-188.90900,-223.74510,-223.74510,0.06680,1.33080,67.62850,-177.30110,-177.30130,-14.95250,-177.30140,0.09730,-0.2983,-0.2985
2019-09-30,,,8.10400,3.69000,-11.79400,-0.20000,-11.99400,,-11.99400,-11.99400,-11.99400,-11.65000,-11.79400,46.40800,46.40800,-0.26000,-0.26000,1.22530,,-4.25780,,,,,,,,,244.02910,244.02840,-30.33080,244.02850,-0.10200,-0.2192,-0.219
2019-06-30,0.01300,0.01300,12.13400,4.11400,-16.23500,-0.15900,-16.39400,,-16.39400,-16.39400,-16.39400,-16.14500,-16.23500,44.85500,44.85500,-0.37000,-0.37000,1.39300,,384.78570,100.00000,-124884.60000,-124884.60000,-126107.70000,-126107.70000,0.00030,,,-29278.37000,-29275.13000,-34.92020,-29275.00000,0.00120,-0.0853,-0.0857
2019-03-31,0.01000,0.01000,7.35300,4.51300,-11.85600,-0.21800,-12.07400,,-12.07400,-12.07400,-12.07400,-11.72200,-11.85600,38.44730,38.44730,-0.31000,-0.31000,1.80140,,1.44850,100.00000,-118560.00000,-118560.00000,-120740.00000,-120740.00000,0.00020,,,-81.47640,-81.47650,-19.32400,-81.47650,0.33090,-0.52640,-0.52440
2018-12-31,,,10.25600,5.14600,-15.40200,-0.15200,-14.65100,,-14.65100,-14.65100,-14.65100,-15.21600,-14.49900,22.38900,22.38900,-0.66000,-0.66000,1.19720,,-3.94700,,,,,,,,,270.41230,270.41330,-32.93690,270.41340,-0.24110,-0.5708,-0.5875
2018-09-30,,,11.88500,4.05600,-15.94100,-0.06000,-16.00100,,-16.00100,-16.00100,-16.00100,-15.74600,-15.94100,22.40400,22.40400,-0.71000,-0.71000,1.60450,,2.12990,,,,,,,,,-160.00990,-160.01000,-26.52550,-160.01000,0.44590,-0.7126,-0.712
2018-06-30,,,14.40700,4.36200,-18.76900,-0.02700,-18.79600,,-18.79600,-18.79600,-18.79600,-18.41300,-18.76900,22.35560,22.35560,-0.84000,-0.84000,4.95540,0.46650,0.87430,,,,,,,,,-77.47100,-77.47100,-25.59470,-41.33350,1.08330,-0.7589,-0.7693
2018-03-31,,,11.13900,4.67400,-15.81300,-0.07500,-15.88800,,-15.88800,-15.88800,-15.88800,-15.67600,-15.81300,22.34600,22.34600,-0.71000,-0.71000,7.19590,0.33690,0.50810,,,,,,,,,-38.20880,-38.20880,-17.66570,-25.33610,1.86050,-0.60010,-0.60870
2017-12-31,0.01700,0.01700,13.62300,5.67100,-19.27700,-0.26700,-19.54400,,-19.54400,-19.54400,-19.54400,-19.06100,-19.27700,20.42510,20.42510,-0.87000,-0.87000,8.99300,0.28880,0.40610,100.00000,-113394.00000,-113394.00000,-114964.60000,-114964.60000,0.00020,,,-37.71960,-37.71950,-19.33140,-26.82550,2.31900,-0.7645,-0.7738
2017-09-30,0.02700,0.02700,9.50400,4.37700,-13.85400,-0.82200,-14.67600,,-14.67600,-14.67600,-14.67600,-13.63300,-13.85400,22.08200,22.08200,-0.66000,-0.66000,9.48170,0.24360,0.32200,100.00000,-51311.11000,-51311.11000,-54355.55000,-54355.55000,0.00020,,,-22.55210,-22.55210,-13.37550,-17.05920,2.94180,-0.5108,-0.5128
2017-06-30,0.02600,0.02600,10.99400,4.90300,-15.87100,-0.09600,-15.96700,,-15.96700,-15.96700,-15.96700,-15.58900,-15.87100,18.81500,18.81500,-0.85000,-0.85000,5.71380,0.06830,0.13230,100.00000,-61042.31000,-61042.31000,-61411.54000,-61411.54000,0.00020,,,-20.42290,-20.42290,-13.64410,-19.02780,3.54470,-0.4428,-0.4641
2017-03-31,0.13700,0.13700,11.04400,3.87500,-14.78200,-0.35200,-15.13400,,-15.13400,-15.13400,-15.13400,-14.51800,-14.78200,18.47400,18.47400,-0.82000,-0.82000,5.37330,0.14320,0.27710,100.00000,-10789.78000,-10789.78000,-11046.72000,-11046.72000,0.00190,2.17460,41.38690,-36.83140,-36.83130,-20.49120,-31.55740,2.21490,-0.82910,-0.83220
2016-12-31,2.93000,2.93000,11.03300,5.75700,-13.86000,-0.22300,-14.08300,,-14.08300,-14.08300,-9.51700,-13.52300,-13.86000,10.49400,10.49400,3.81000,3.81000,6.33420,0.12680,0.21920,100.00000,-473.03750,-473.03740,-480.64830,-324.81220,0.03280,13.62790,6.60410,-25.62550,-25.62550,-15.77030,-22.37740,2.98050,-0.7098,-0.739
2016-09-30,1.04800,1.04800,6.02100,2.49500,-7.46800,-0.26000,-7.72800,,-7.72800,-7.72800,-7.72800,-7.17400,-7.46800,18.10800,18.10800,-0.43000,-0.43000,10.84490,0.12170,0.18300,100.00000,-712.59540,-712.59540,-737.40470,-737.40470,0.01220,2.16980,41.47900,-11.80880,-11.80880,-9.00920,-10.37220,3.59810,3.5737,3.6081
2016-06-30,2.01700,2.01700,6.00000,2.41800,-6.40100,-0.52200,-6.92300,,-6.92300,-6.92300,-9.13300,-6.21500,-6.40100,3.32300,3.32300,-2.75000,-2.75000,9.96160,0.12840,0.17320,100.00000,-317.35250,-317.35250,-343.23250,-452.80120,0.02210,1.02860,87.50120,-10.06600,-10.06600,-7.58130,-8.77400,3.84310,-0.0726,-0.0676
2016-03-31,2.08800,2.08800,6.64800,2.38100,-6.94100,-0.53500,-7.47600,,-7.47600,-7.47600,-9.83200,-6.76300,-6.94100,2.17500,2.17500,-4.52000,-4.52000,,,,100.00000,-332.42330,-332.42330,-358.04590,-470.88120,,,,,,,,,-4.67400,-4.73980
2015-12-31,,,,,,,,,,,,,,,,,0.00000,,,,,,,,,,,,,,,,,6.8625,7.3398
2015-09-30,1.60700,1.60700,5.48300,2.19500,-6.07100,0.34600,-5.72500,,-5.72500,-5.72500,-7.56100,-5.85000,-6.07100,2.16000,2.16000,-3.50000,-3.50000,,,,100.00000,-377.78470,-377.78470,-356.25390,-470.50410,,,,,,,,,-2.5723,-2.7921
2015-06-30,1.23600,1.23600,5.31400,2.23800,-6.31600,-0.55100,-6.86700,,-6.86700,-6.86700,-8.42900,-6.31600,-6.31600,2.14700,2.14700,-3.93000,-3.93000,,,,100.00000,-511.00330,-511.00330,-555.58260,-681.95790,,,,,,,,,-4.2902,-4.5477
2014-12-31,,,,,,,,,,,,,,,,,0.00000,,,,,,,,,,,,,,,,,0,0
