Date,revenue,cost-goods-sold,gross-profit,selling-general-administrative-expenses,operating-expenses,operating-income,total-non-operating-income-expense,pre-tax-income,income-after-taxes,income-from-continuous-operations,net-income,ebitda,ebit,basic-shares-outstanding,shares-outstanding,eps-basic-net-earnings-per-share,eps-earnings-per-share-diluted,long-term-debt-capital,debt-equity-ratio,operating-margin,ebit-margin,pre-tax-profit-margin,net-profit-margin,asset-turnover,roe,return-on-tangible-equity,roa,roi,book-value-per-share,operating-cash-flow-per-share,free-cash-flow-per-share
2024-03-31,254.90000,166.40000,88.50000,72.10000,83.10000,5.40000,-11.60000,-6.20000,-6.20000,-6.20000,-6.20000,8.30000,5.40000,14.60000,14.60000,-0.42000,-0.42000,0.51870,1.07780,2.11850,2.11850,-2.43230,-2.43230,0.17800,-3.74170,-2.23260,-0.43290,-1.07450,19.02060,0.99320,0.83560
2023-12-31,194.80000,122.70000,72.10000,72.00000,84.40000,-12.30000,-11.70000,-24.00000,-24.00000,-24.00000,-24.00000,-7.90000,-12.30000,14.40000,14.40000,-1.65000,-1.65000,0.51850,1.07670,-6.31420,-6.31420,-12.32030,-12.32030,0.14450,-14.48400,-8.64240,-1.78080,-4.16160,19.15170,3.1633,3.0139
2023-09-30,115.30000,85.80000,29.50000,52.40000,63.50000,-34.00000,-11.80000,-45.80000,-45.80000,-45.80000,-45.80000,-31.30000,-34.00000,14.50000,14.50000,-3.16000,-3.16000,0.50780,1.03180,-29.48830,-29.48830,-39.72250,-39.72250,0.09300,-25.86110,-15.84230,-3.69300,-7.79710,19.93790,1.052,0.9167
2023-06-30,74.80000,59.50000,15.30000,29.40000,40.50000,-25.20000,-11.50000,-36.70000,-36.70000,-36.70000,-36.70000,-22.40000,-25.20000,14.40000,14.40000,-2.55000,-2.55000,0.47680,0.91120,-33.68980,-33.68980,-49.06420,-49.06420,0.06260,-17.11750,-11.24390,-3.07140,-5.88330,22.66670,-0.6542,-0.8463
2023-03-31,70.10000,63.30000,6.80000,26.40000,36.60000,-29.80000,-11.10000,-40.90000,-40.90000,-40.90000,-40.90000,-27.10000,-29.80000,14.20000,14.20000,-2.88000,-2.88000,0.45440,0.83300,-42.51070,-42.51070,-58.34520,-58.34520,0.05840,-16.78290,-11.49850,-3.40520,-6.27300,25.04930,-5.89440,-6.07040
2022-12-31,71.30000,77.70000,-6.40000,31.90000,41.30000,-47.70010,-10.60000,-58.30000,-58.30000,-58.30000,-58.30000,-43.40010,-47.70000,14.10000,14.10000,-4.09000,-4.09000,0.43160,0.75920,-66.90050,-66.90050,-81.76720,-81.76720,0.05430,-21.03940,-14.98330,-4.44060,-8.51720,27.40140,-3.3121,-3.4114
2022-09-30,73.70000,80.90000,-7.20000,35.60000,49.90000,-57.10000,-9.30000,-66.40000,-66.40000,-66.40000,-66.40000,-54.20000,-57.10000,14.10000,14.10000,-4.71000,-4.71000,0.39890,0.66360,-77.47630,-77.47630,-90.09500,-90.09500,0.05320,-20.06650,-14.99210,-4.79700,-9.01190,31.41140,-4.1844,-4.3333
2022-06-30,80.40000,95.70000,-15.30000,53.10000,71.00000,-86.30000,-9.20000,-95.50000,-95.50000,-95.50000,-95.50000,-83.30000,-86.30000,14.10000,14.10000,-6.77000,-6.77000,0.36890,0.58460,-107.33830,-107.33830,-118.78110,-118.78110,0.05430,-24.61340,-19.10000,-6.45360,-12.05350,35.29360,-3.7826,-3.9656
2022-03-31,85.40000,96.70000,-11.30000,46.80000,60.70000,-72.00000,-5.50000,-77.50000,-77.50000,-77.50000,-77.50000,-68.40000,-72.00000,14.00000,14.00000,-5.54000,-5.54000,0.33370,0.50080,-84.30910,-84.30910,-90.74940,-90.74940,0.05460,-16.53510,-13.34600,-4.95780,-8.89270,41.05440,-3.65710,-3.85000
2021-12-31,93.20000,107.80000,-14.60000,61.10000,77.30000,-91.90000,-18.00000,-109.90000,-109.90000,-109.90000,-109.90000,-86.30000,-91.90000,13.80000,13.80000,-8.04610,-8.04610,,,-98.60510,-98.60510,-117.91840,-117.91840,0.07060,-20.48840,-16.94940,-8.33020,-16.94940,46.31430,-3.0233,-3.3241
2021-09-30,93.80000,114.40000,-20.60000,88.30000,106.30000,-126.90000,-6.10000,-133.00000,-133.00000,-133.00000,-133.00000,-123.10000,-126.90000,13.90000,13.90000,-9.57000,-9.57000,0.24080,0.31710,-135.28790,-135.28790,-141.79100,-141.79100,0.06150,-20.91200,-20.91200,-8.72420,-15.87680,45.30240,-9.8416,-10.0128
2021-06-30,89.80000,110.20000,-20.40000,134.20000,151.70000,-172.10000,-6.50000,-178.60000,-178.60000,-178.60000,-178.60000,-168.40000,-172.10000,13.83880,13.83880,-12.94960,-12.94960,0.20550,0.25870,-191.64810,-191.64810,-198.88640,-198.88640,0.05660,-23.43830,-23.43830,-11.24900,-18.62160,54.02060,-9.7507,-9.9447
2021-03-31,68.60000,59.90000,8.70000,89.20000,103.00000,-94.30000,-5.30000,-99.60000,-99.60000,-99.60000,-99.60000,-90.80000,-94.30000,13.73880,13.73880,-7.19420,-7.19420,0.17060,0.20570,-137.46360,-137.46360,-145.18950,-145.18950,0.04030,-10.66040,-10.66040,-5.84440,-8.84150,66.44510,-6.61630,-6.76190
2020-12-31,50.90000,59.50000,-8.60000,67.20000,79.90000,-88.50000,-44.80000,-133.30000,-133.30000,-133.30000,-133.30000,-83.50000,-88.50000,4.20000,4.20000,20.04480,20.04480,0.15420,0.18230,-173.87040,-173.87040,-261.88600,-261.88600,0.02890,-12.91170,-12.91170,-7.56400,-10.92090,73.80110,-24.4368,-23.5552
2020-09-30,50.50000,76.10000,-25.60000,27.20000,40.10000,-65.70000,-19.50000,-85.20000,-85.20000,-85.20000,-85.20000,-62.20000,-65.70000,2.15730,2.15730,-39.56840,-39.56840,1.04760,-22.00000,-130.09900,-130.09900,-168.71290,-168.71290,0.06020,14.93690,851.99990,-10.16100,-40.57140,-4.74550,-14.332,-15.0771
2020-06-30,121.40000,97.30000,24.10000,44.00000,55.30000,-31.20000,-7.70000,-38.90000,-38.90000,-38.90000,-38.90000,-27.80000,-31.20000,2.10720,2.10720,-18.52520,-18.52520,,,-25.70020,-25.70020,-32.04280,-32.04280,,,,,,,-8.4688,-9.0839
2020-03-31,124.00000,129.90000,-5.90000,78.00000,94.00000,-99.90000,-5.70000,-105.60000,-105.60000,-105.60000,-105.60000,-96.20000,-99.90000,2.18510,2.18510,-48.38130,-48.38130,,,-80.56450,-80.56450,-85.16130,-85.16130,,,,,,,-21.14340,-22.37910
2019-12-31,,,,,,,,,,,,,,,,,0.00000,,,,,,,,,,,,,37.5217,41.6047
2019-09-30,79.60000,100.90000,-21.30000,58.60000,65.60000,-86.90000,-13.30000,-100.20000,-100.20000,-100.20000,-100.20000,-86.90000,-86.90000,1.93490,1.93490,-51.79860,-51.79860,,,-109.17090,-109.17090,-125.87940,-125.87940,,,,,,,-37.5217,-41.6047
2018-12-31,,,,,,,,,,,,,,,,,0.00000,,,,,,,,,,,,,0,0
