Date,revenue,cost-goods-sold,gross-profit,selling-general-administrative-expenses,operating-expenses,operating-income,total-non-operating-income-expense,pre-tax-income,total-provision-income-taxes,income-after-taxes,income-from-continuous-operations,net-income,ebitda,ebit,basic-shares-outstanding,shares-outstanding,eps-basic-net-earnings-per-share,eps-earnings-per-share-diluted,current-ratio,debt-equity-ratio,gross-margin,operating-margin,ebit-margin,pre-tax-profit-margin,net-profit-margin,asset-turnover,inventory-turnover,receiveable-turnover,days-sales-in-receivables,roe,return-on-tangible-equity,roa,roi,book-value-per-share,operating-cash-flow-per-share,free-cash-flow-per-share
2024-06-30,282.45600,129.85000,152.60600,136.17100,136.17100,16.43500,4.27100,20.70600,5.32900,15.37700,15.37700,15.37700,17.71700,16.43500,70.83300,71.54400,0.22000,0.21000,2.65400,,54.02820,5.81860,5.81860,7.33070,5.44400,0.42940,0.55410,15.53830,5.79210,3.78970,3.82730,2.33760,3.78970,5.73670,-0.345,-0.3727
2024-03-31,270.58100,129.07900,141.50200,132.17400,132.17400,9.32800,5.32100,14.64900,3.77600,10.87300,10.87300,10.87300,10.67100,9.32800,70.91900,71.52300,0.15000,0.15000,2.51290,,52.29560,3.44740,3.44740,5.41390,4.01840,0.41630,0.63950,18.12450,4.96560,2.78880,2.81710,1.67270,2.78880,5.50550,0.53680,0.51250
2023-12-31,257.77800,123.72900,134.04900,131.85000,131.85000,2.19890,2.67700,4.87600,1.38200,3.49400,3.49400,3.49400,3.54090,2.19900,72.96100,73.58300,0.06000,0.05000,2.78760,,52.00170,0.85300,0.85310,1.89160,1.35540,0.42340,0.60770,18.37330,4.89840,0.90720,0.91650,0.57380,0.90720,5.40240,-0.0515,-0.0663
2023-09-30,257.60300,124.37100,133.23200,132.90800,132.90800,0.32400,3.98400,4.30800,1.13000,3.17800,3.17800,3.17800,1.61700,0.32400,73.26200,73.71600,0.04000,0.04000,2.80400,,51.71990,0.12580,0.12580,1.67230,1.23370,0.40920,0.61300,12.77220,7.04650,0.80150,0.80940,0.50480,0.80150,5.46360,0.1717,0.1581
2023-06-30,273.72900,126.03100,147.69800,140.34300,140.34300,7.35500,2.38100,9.73600,2.43300,7.30300,7.30300,7.30300,8.59600,7.35500,73.44200,74.08100,0.10000,0.10000,2.96840,,53.95770,2.68700,2.68700,3.55680,2.66800,0.43500,0.61380,15.82800,5.68610,1.79860,1.81570,1.16070,1.79860,5.52600,-0.1877,-0.2009
2023-03-31,279.60900,140.38900,139.22000,126.96400,126.96400,12.25600,6.58500,18.84100,4.66900,14.17200,14.17200,14.17200,13.47400,12.25600,73.37000,74.37900,0.19000,0.19000,2.84680,,49.79100,4.38330,4.38330,6.73830,5.06850,0.44570,0.73830,30.86870,2.91560,3.57930,3.61350,2.25890,3.57930,5.39430,0.65650,0.64110
2022-12-31,259.15300,125.86500,133.28800,122.62900,122.62900,10.65900,-0.29300,10.36600,2.49800,7.86800,7.86800,7.86800,11.93100,10.65900,73.31400,74.52000,0.11000,0.11000,2.86170,,51.43220,4.11300,4.11300,4.00000,3.03600,0.44730,0.58480,30.86990,2.91550,2.07290,2.09290,1.35810,2.07290,5.17380,-0.1488,-0.1656
2022-09-30,268.71100,126.32900,142.38200,127.63100,127.63100,14.75100,1.44000,16.19100,4.20300,11.98800,11.98800,11.98800,15.96500,14.75100,73.32800,74.35400,0.16000,0.16000,2.64540,,52.98700,5.48950,5.48950,6.02540,4.46130,0.45800,0.59220,24.75920,3.63500,3.26380,3.29460,2.04320,3.26380,5.00860,0.1358,0.117
2022-06-30,290.05400,127.81200,162.24200,142.96200,142.96200,19.28000,1.81300,21.09300,4.82000,16.27300,16.27300,16.27300,20.48300,19.28000,73.31200,74.63500,0.22000,0.22000,2.59280,,55.93510,6.64700,6.64700,7.27210,5.61030,0.51020,0.61300,19.82060,4.54070,4.56830,4.61190,2.86230,4.56830,4.85810,-0.3917,-0.4111
2022-03-31,283.49800,129.08700,154.41100,125.96100,125.96100,28.45000,0.51600,28.96600,6.39800,22.56800,22.56800,22.56800,29.55200,28.45000,73.26400,74.80300,0.31000,0.30000,2.39360,,54.46640,10.03530,10.03530,10.21740,7.96060,0.49670,0.72020,23.91990,3.76260,6.62790,6.69280,3.95390,6.62790,4.64530,0.71920,0.70490
2021-12-31,239.80500,108.34100,131.46400,99.52800,99.52800,31.93610,-0.22400,31.71200,2.33000,29.38200,29.38200,29.38200,33.05410,31.93600,72.51300,74.54700,0.40000,0.40000,2.74520,,54.82120,13.31750,13.31750,13.22410,12.25250,0.49920,0.63260,29.92330,3.00770,9.26840,9.36450,6.11600,9.26840,4.32880,-0.0777,-0.0836
2021-09-30,244.06400,109.58800,134.47600,115.26500,115.26500,19.21100,0.15800,19.36900,2.70100,16.66800,16.66800,16.66800,20.33000,19.21100,72.81000,74.88100,0.23000,0.22000,2.52650,,55.09870,7.87130,7.87130,7.93600,6.82940,0.54320,0.77300,14.22450,6.32710,5.88690,5.95550,3.70970,5.88690,3.88610,0.0193,0.0125
2021-06-30,228.61400,101.39600,127.21800,94.28900,94.28900,32.92900,-0.26400,32.66500,1.12700,31.53800,31.53800,31.53800,34.05100,32.92900,72.38700,74.42200,0.44000,0.42000,2.51020,,55.64750,14.40380,14.40380,14.28830,13.79530,0.54480,0.85330,11.67890,7.70620,11.92600,12.07200,7.51500,11.92600,3.63560,0.4457,0.4389
2021-03-31,178.90700,82.24200,96.66500,75.45000,75.45000,21.21500,-0.23300,20.98200,-1.27000,22.25200,22.25200,22.25200,22.36400,21.21500,71.78200,74.03300,0.31000,0.30000,2.50920,,54.03090,11.85810,11.85810,11.72790,12.43780,0.49720,0.81870,8.14210,11.05360,9.77200,9.91420,6.18430,9.77200,3.15550,0.44860,0.43860
2020-12-31,140.75400,61.96200,78.79200,62.17900,62.17900,16.61300,-0.69400,15.91900,-3.04100,18.96000,18.96000,18.96000,17.79400,16.61300,19.86100,72.05800,0.26000,0.26000,2.62020,,55.97850,11.80290,11.80290,11.30980,13.47030,0.46040,0.65040,9.19360,9.78940,9.47700,9.63600,6.20110,9.47700,2.80210,-0.0308,-0.0376
2020-09-30,151.03600,67.56900,83.46700,61.67200,61.67200,21.79500,-0.25300,21.54200,2.10400,19.43800,19.43800,19.43800,23.04500,21.79500,69.87200,72.28100,0.28000,0.27000,2.22780,0.08580,55.26300,14.43030,14.43030,14.26280,12.86980,0.51840,0.91820,21.04450,4.27670,11.11340,11.33090,6.67210,11.11340,2.49130,0.191,0.1847
2020-06-30,142.78400,70.71300,72.07100,53.26700,53.26700,18.80400,-0.17400,18.63000,4.39400,14.23600,14.23600,14.23600,20.00900,18.80400,69.41500,71.65900,0.21000,0.20000,1.98450,0.15850,50.47550,13.16950,13.16950,13.04770,9.97030,0.52450,1.09620,29.44610,3.05640,9.40060,9.61190,5.22930,9.40060,2.17900,0.7512,0.7397
2020-03-31,146.07500,75.12500,70.95000,67.09600,67.09600,3.85400,0.12700,3.98100,-0.17500,4.15600,4.15600,4.15600,5.04500,3.85400,69.32000,71.90300,0.06000,0.06000,1.84170,0.22040,48.57090,2.63840,2.63840,2.72530,2.84510,0.56290,0.74110,36.63780,2.45650,3.05330,3.13300,1.60160,3.05330,1.96180,0.11240,0.10470
2019-12-31,147.55600,69.45300,78.10290,67.46700,67.46700,10.63590,-0.26400,10.35800,1.95300,8.40500,8.40500,8.40500,11.87190,10.63590,7.71900,7.71900,0.26000,0.28000,1.96350,,52.93110,7.20810,7.20810,7.01970,5.69610,0.63520,0.66620,26.77000,3.36200,6.42760,6.60430,3.61830,6.42760,1.89300,5.5286,4.0728
2019-09-30,154.19700,71.51900,82.67800,69.84500,69.84500,12.83300,-0.00700,12.84000,3.28100,9.55900,9.55900,9.55900,13.96500,12.83300,68.87100,72.65800,0.14000,0.13000,1.84970,,53.61840,8.32250,8.32250,8.32700,6.19920,0.69540,0.68940,27.47140,3.27610,7.91370,8.07170,4.31110,7.91370,1.75390,-0.0246,0.0167
2019-06-30,161.89700,71.47900,90.41800,72.69000,72.69000,17.72800,-0.44400,17.28400,4.54300,12.74100,12.74100,-28.07500,18.61700,17.72800,49.02500,49.02500,-0.57000,-0.57000,1.74750,,55.84910,10.95020,10.95020,10.67590,-17.34130,0.75100,0.69710,17.01490,5.28950,11.45130,11.70850,5.91050,11.45130,1.61560,0.1074,0.0197
2019-03-31,137.34300,66.58900,70.75400,63.85300,63.85300,6.90100,-0.21600,6.68500,1.72300,4.96200,4.96200,4.96200,7.59600,6.90100,41.93600,44.82100,0.08000,0.07000,,,51.51630,5.02470,5.02470,4.86740,3.61290,,,,,,,,,,0.35530,0.24400
2018-12-31,,,,,,,,,,,,,,,,,,0.00000,,,,,,,,,,,,,,,,,-0.6259,-0.5887
2018-09-30,125.90900,59.52400,66.38500,56.86800,56.86800,9.51700,-0.15500,9.36200,2.22200,7.14000,7.14000,7.14000,10.26700,9.51700,41.93600,44.79800,0.11000,0.10000,,,52.72460,7.55860,7.55860,7.43550,5.67080,,,,,,,,,,0.0486,0.0357
2018-06-30,131.80200,58.47000,73.33200,59.23800,59.23800,14.09400,-0.12300,13.97100,3.50400,10.46700,10.46700,10.46700,14.09400,14.09400,41.93600,44.39400,0.16000,0.15000,,,55.63800,10.69330,10.69330,10.60000,7.94150,,,,,,,,,,0.5773,0.553
2017-12-31,,,,,,,,,,,,,,,,,,0.00000,,,,,,,,,,,,,,,,,0,0
