Date,revenue,cost-goods-sold,gross-profit,research-development-expenses,selling-general-administrative-expenses,operating-expenses,operating-income,total-non-operating-income-expense,pre-tax-income,total-provision-income-taxes,income-after-taxes,income-from-continuous-operations,net-income,ebitda,ebit,basic-shares-outstanding,shares-outstanding,eps-basic-net-earnings-per-share,eps-earnings-per-share-diluted,current-ratio,long-term-debt-capital,debt-equity-ratio,gross-margin,operating-margin,ebit-margin,pre-tax-profit-margin,net-profit-margin,asset-turnover,receiveable-turnover,days-sales-in-receivables,roe,return-on-tangible-equity,roa,roi,book-value-per-share,operating-cash-flow-per-share,free-cash-flow-per-share
2024-03-31,13.79400,11.16600,2.62800,67.56000,31.40800,98.96800,-96.34000,4.18800,-92.15200,-0.77900,-91.37300,-91.37300,-91.37300,-88.96300,-96.34000,236.01930,236.01930,-0.39000,-0.39000,4.64850,0.00270,0.00280,19.05180,-698.41970,-698.41970,-668.05860,-662.41120,0.02470,5.30740,16.95740,-22.77770,-28.91380,-16.37960,-22.71710,1.68900,-0.43340,-0.46160
2023-12-31,10.89100,9.88000,1.01100,69.48200,30.45900,99.94100,-98.93000,1.87200,-97.05800,,-92.99600,-92.99600,-92.99600,-91.37700,-98.93000,207.85370,207.85370,-0.43000,-0.43000,4.70250,0.00240,0.00250,9.28290,-908.36450,-908.36430,-891.17600,-853.87950,0.01670,3.52000,25.56790,-20.06660,-24.80310,-14.22610,-20.01910,1.97820,-0.3874,-0.3988
2023-09-30,10.53300,10.87700,-0.34400,70.00700,29.19900,99.20600,-99.55000,6.53300,-93.01700,,-93.01700,-93.01700,-93.01700,-91.97200,-99.55000,214.32720,214.32720,-0.43000,-0.43000,4.36180,0.00260,0.00420,-3.26590,-945.12490,-945.12490,-883.10080,-883.10070,0.01670,3.32900,27.03500,-21.23840,-26.90240,-14.74530,-21.18390,2.02470,-0.2981,-0.2988
2023-06-30,11.01700,9.38200,1.63500,55.06000,28.29000,83.35000,-81.71500,4.98900,-76.72600,,-76.72600,-76.72600,-76.72600,-76.17200,-81.71500,201.41550,201.41550,-0.38000,-0.38000,3.78220,0.00250,0.00390,14.84070,-741.71740,-741.71740,-696.43280,-696.43270,0.01650,3.61090,24.92420,-16.36080,-20.98120,-11.50830,-16.32060,2.26840,-0.3164,-0.3348
2023-03-31,12.13400,12.44800,-0.31400,46.67700,22.87400,69.55100,-69.86500,4.53800,-65.32700,,-65.32700,-65.32700,-65.32700,-66.13700,-69.86500,191.61820,191.61820,-0.34000,-0.34000,5.34050,0.00270,0.00430,-2.58780,-575.77870,-575.77870,-538.37980,-538.37980,0.01930,5.89890,15.25710,-15.18620,-15.26130,-10.41290,-15.14460,2.23780,-0.38260,-0.40960
2022-12-31,13.67600,10.84000,2.83600,43.98000,19.83800,63.81800,-60.98200,3.49000,-57.49200,,-57.49200,-57.49200,-57.49200,-57.76800,-60.98200,175.53750,175.53750,-0.30000,-0.30000,5.68310,0.00110,0.00130,20.73700,-445.90540,-445.90540,-420.38600,-420.38620,0.01950,4.96770,18.11710,-11.83440,-11.88590,-8.19810,-11.82130,2.54320,-0.2522,-0.2957
2022-09-30,13.16000,15.40900,-2.24900,40.83600,19.48800,60.32400,-62.57300,2.12800,-60.44500,,-60.44500,-60.44500,-60.44500,-59.58400,-62.57300,173.43600,173.43600,-0.35000,-0.35000,5.80010,0.00140,0.00170,-17.08970,-475.47880,-475.47880,-459.30850,-459.30850,0.02150,1.13110,79.57070,-15.57720,-15.66840,-9.88420,-15.55480,2.22910,-0.3151,-0.3619
2022-06-30,7.67400,14.22700,-6.55300,38.43900,21.19900,59.63800,-66.19100,0.63100,-65.56000,,-65.56000,-65.56000,-65.56000,-63.40500,-66.19100,172.21240,172.21240,-0.38000,-0.38000,5.64900,0.00130,0.00160,-85.39220,-862.53580,-862.53580,-854.31330,-854.31330,0.01140,0.65700,136.98200,-14.98240,-15.05240,-9.74850,-14.96240,2.53210,-0.3619,-0.4572
2022-03-31,5.33300,7.79900,-2.46600,32.44100,21.07400,53.51500,-55.98100,0.00200,-55.97900,,-55.97900,-55.97900,-55.97900,-53.21400,-55.98100,170.69040,170.69040,-0.33000,-0.33000,7.22780,0.00120,0.00140,-46.24040,-1049.70900,-1049.70900,-1049.67200,-1049.67200,0.00730,0.46790,192.33640,-11.34180,-11.39040,-7.62330,-11.32780,2.88500,0.45340,0.42790
2021-12-31,2.53400,,2.53400,33.24600,15.69000,,-46.40200,-1.02600,-47.42800,,-47.42800,-47.42800,-47.42800,-44.16600,-46.40200,168.53360,168.53360,-0.28000,-0.28000,11.46040,0.00120,0.00130,100.00000,-1831.17600,-1831.17600,-1871.66500,-1871.66500,0.00420,0.27880,322.84930,-8.73540,-8.77070,-7.77070,-8.72530,3.18860,-0.3628,-0.3894
2021-09-30,2.53400,,2.53400,33.24600,15.69000,,-46.40200,-1.02600,-47.42800,,-47.42800,-47.42800,-47.42800,-43.96600,-46.40200,168.53360,168.53360,-0.28000,-0.28000,13.99230,0.00110,0.00120,100.00000,-1831.17600,-1831.17600,-1871.66500,-1871.66500,0.00380,1.11040,81.04970,-7.91740,-7.94750,-7.20130,-7.90880,3.55220,-0.1128,-0.1372
2021-06-30,2.54900,,2.54900,29.62400,13.85400,,-40.92900,-2.47200,-43.40100,,-43.40100,-43.40100,-43.40100,-38.59800,-40.92900,138.36060,138.36060,-0.31000,-0.31000,21.92400,0.01440,0.01950,100.00000,-1605.68800,-1605.68800,-1702.66800,-1702.66800,0.00360,52.02040,1.73010,-6.75280,-6.77740,-6.21270,-6.65520,3.81600,0.8696,1.5273
2021-03-31,2.56200,,2.56200,24.10900,8.93700,,-30.48400,-0.23300,-30.71700,,-30.71700,-30.71700,-30.71700,-29.08200,-30.48400,23.03560,23.03560,-1.33000,-1.33000,8.26030,0.04580,0.05800,100.00000,-1189.85200,-1189.85200,-1198.94600,-1198.94600,0.00940,36.08450,2.49410,13.18150,-14.43010,-11.29540,-13.61450,8.95630,-1.33510,-2.17800
2020-12-31,2.69100,,2.69100,20.69800,7.57400,,-25.58100,-0.18500,-25.76600,0.00000,-25.76600,-25.76600,-25.76600,-24.45600,-25.58100,21.78140,21.78140,-1.17000,-1.17000,11.53460,0.04500,0.05160,100.00000,-950.61310,-950.61310,-957.48800,-957.48800,0.00900,17.25000,5.21740,12.49020,-10.75680,-8.62940,-10.16660,10.84590,0.3894,0.22
2020-09-30,1.02500,,1.02500,16.53500,6.96400,,-22.47400,-1.39900,-23.87300,,-23.87300,-23.87300,-23.87300,-21.61700,-22.47400,21.81790,21.81790,-1.09000,-1.09000,,,,100.00000,-2192.58500,-2192.58500,-2329.07300,-2329.07300,,,,,,,,,-0.8796,-0.917
2020-06-30,0.18600,,0.18600,13.24400,5.15900,,-18.21700,-0.72600,-18.94300,,-18.94300,-18.94300,-18.94300,-17.19300,-18.21700,21.65230,21.65230,-0.88000,-0.88000,,,,100.00000,-9794.08500,-9794.08500,-10184.41000,-10184.41000,,,,,,,,,-0.7708,-0.8001
2020-03-31,0.06000,,0.06000,12.84200,5.56100,,-18.34300,-0.08100,-18.42400,,-18.42400,-18.42400,-18.42400,-17.40600,-18.34300,21.63990,21.63990,-0.85000,-0.85000,,,,100.00000,-30571.67000,-30571.67000,-30706.67000,-30706.67000,,,,,,,,,-0.82330,-0.85490
2019-12-31,,,,,,,,,,,,,,,,,,,0.00000,,,,,,,,,,,,,,,,,0,0
