Date,revenue,cost-goods-sold,gross-profit,research-development-expenses,selling-general-administrative-expenses,operating-expenses,operating-income,total-non-operating-income-expense,pre-tax-income,total-provision-income-taxes,income-after-taxes,income-from-continuous-operations,net-income,ebitda,ebit,basic-shares-outstanding,shares-outstanding,eps-basic-net-earnings-per-share,eps-earnings-per-share-diluted,current-ratio,gross-margin,operating-margin,ebit-margin,pre-tax-profit-margin,net-profit-margin,asset-turnover,inventory-turnover,receiveable-turnover,days-sales-in-receivables,roe,return-on-tangible-equity,roa,roi,book-value-per-share,operating-cash-flow-per-share,free-cash-flow-per-share
2023-09-30,22.50400,2.41200,20.09200,33.57000,30.47500,64.04500,-43.95300,0.15800,-43.79500,0.36800,-44.16300,-44.16300,-44.16300,-34.16900,-43.95300,57.87500,57.87500,-0.76000,-0.76000,6.56510,89.28190,-195.31200,-195.31200,-194.60980,-196.24510,0.06350,0.31070,1.54760,58.15370,-22.36400,-23.21530,-12.46840,-22.36400,3.34200,-0.4817,-0.4848
2023-06-30,19.22100,2.23600,16.98500,33.54300,30.04600,63.58900,-46.60400,-0.09900,-46.70300,,-46.70300,-46.70300,-46.70300,-46.16200,-46.60400,56.86800,56.86800,-0.82000,-0.82000,6.15750,88.36690,-242.46390,-242.46390,-242.97900,-242.97900,0.06200,0.36190,1.38970,64.76200,-25.62090,-26.71350,-15.06830,-25.62090,3.20380,-0.7207,-0.7359
2023-03-31,11.46900,1.42100,10.04800,37.94500,24.63400,62.57900,-52.53100,0.35200,-52.17900,,-52.17900,-52.17900,-52.17900,-52.07400,-52.53100,56.70900,56.70900,-0.92000,-0.92000,6.90520,87.61010,-458.02600,-458.02600,-454.95690,-454.95690,0.03320,0.25900,1.41300,63.69600,-23.74330,-24.60180,-15.09470,-23.74330,3.86550,-0.64250,-0.72300
2022-12-31,8.79000,1.02800,7.76200,23.54800,26.31700,49.86500,-42.10300,-0.39000,-42.49300,,-42.49300,-42.49300,-42.49300,-38.46200,-42.10300,52.12100,52.12100,-0.74000,-0.74000,8.89840,88.30490,-478.98750,-478.98750,-483.42430,-483.42430,0.02300,0.35240,1.41230,63.72700,-16.07990,-16.57430,-11.10980,-16.07990,4.66800,-0.6148,-0.6148
2022-09-30,4.28400,0.49700,3.78700,21.11600,21.93800,43.05400,-39.26700,-1.59400,-40.86100,,-40.86100,-40.86100,-40.86100,-36.63500,-39.26700,51.40100,51.40100,-0.79000,-0.79000,10.93340,88.39870,-916.59660,-916.59660,-953.80490,-953.80490,0.01100,,1.28730,69.91600,-14.53120,-14.96200,-10.48760,-14.53120,5.04330,-0.8784,-0.8801
2022-06-30,9.06600,0.37800,8.68800,31.45600,22.32800,53.78400,-45.09600,0.09500,-45.00100,,-45.00100,-45.00100,-45.00100,-44.65800,-45.09600,50.39800,50.39800,-0.89000,-0.89000,5.59420,95.83060,-497.41890,-497.41890,-496.37100,-496.37100,0.03260,,5.31110,16.94570,-23.00340,-24.02400,-16.20640,-23.00340,3.87740,-0.7685,-0.7697
2022-03-31,1.49800,0.23000,1.26800,32.51000,21.44900,53.95900,-52.69100,-0.07300,-52.76400,,-52.76400,-52.76400,-52.76400,-52.34100,-52.69100,50.32700,50.32700,-1.05000,-1.05000,5.36130,84.64620,-3517.42300,-3517.42300,-3522.29600,-3522.29600,0.00530,,1.73780,51.78910,-22.37950,-23.21930,-18.52510,-22.37950,4.67850,-1.06570,-1.06820
2021-12-31,1.81700,0.23600,1.58100,31.57400,20.99600,52.57000,-50.98900,0.13400,-50.85500,,-42.86600,-42.86600,-42.86600,-50.66400,-50.98900,49.60000,49.60000,-0.92000,-0.90000,7.10130,87.01160,-2806.21900,-2806.21900,-2798.84400,-2359.16400,0.00550,2.12610,1.77270,50.77050,-15.08560,-15.33710,-13.00850,-15.08560,5.65090,-0.8433,-0.8448
2021-09-30,1.02800,0.22200,0.80600,27.53900,17.50700,45.04600,-44.24000,0.13800,-44.10200,-8.99500,-35.10700,-35.10700,-35.10700,-43.92500,-44.24000,50.24600,50.24600,-0.70000,-0.70000,14.30250,78.40470,-4303.50200,-4303.50200,-4290.07800,-3415.07800,0.00290,,,,-10.89390,-11.05760,-9.86640,-10.89390,6.41090,-0.7983,-0.8004
2021-06-30,0.27400,0.13700,0.13700,25.10400,15.46500,40.56900,-40.43200,0.02100,-40.41100,-5.02200,-35.38900,-35.38900,-35.38900,-40.11500,-40.43200,50.20900,50.20900,-0.70000,-0.70000,21.67670,50.00000,-14756.21000,-14756.21000,-14748.54000,-12915.69000,0.00070,,,,-10.06260,-10.20440,-9.11170,-10.06260,7.00200,-0.6107,-0.6156
2021-03-31,0.03500,0.00400,0.03100,19.91100,14.51800,34.42900,-34.39800,100.15400,65.75600,22.00600,43.75000,43.75000,43.75000,-34.19700,-34.39800,47.63900,48.50200,0.92000,0.90000,24.45900,88.57140,-98280.00000,-98280.00000,187874.30000,125000.00000,0.00010,,,,11.48450,11.63730,10.36220,11.48450,7.58830,-0.69130,-0.69160
2020-12-31,,,,21.95400,13.11900,,-35.07300,0.17600,-34.89700,,-34.89700,-34.89700,-34.89700,-34.89500,-35.07300,44.12700,44.12700,-0.78000,-0.78000,10.09600,,,,,,,,,,-20.95560,-20.95560,-18.65420,-20.95560,3.76450,-0.6607,-0.6625
2020-09-30,,,,22.99500,11.28900,,-34.28400,0.46600,-33.81800,,-33.81800,-33.81800,-33.81800,-34.11200,-34.28400,44.14200,44.14200,-0.77000,-0.77000,13.24550,,,,,,,,,,-17.17200,-17.17200,-15.69450,-17.17200,4.45510,-0.6109,-0.6139
2020-06-30,,,,22.99700,8.92100,,-31.91800,0.80100,-31.11700,,-31.11700,-31.11700,-31.11700,-31.74500,-31.91800,44.09900,44.09900,-0.71000,-0.71000,15.95670,,,,,,,,,,-13.78370,-13.78370,-12.77980,-13.78370,5.11730,-0.6732,-0.6732
2020-03-31,,,,22.50400,12.79600,,-35.30000,1.13600,-34.16400,,-34.16400,-34.16400,-34.16400,-35.13300,-35.30000,44.05000,44.05000,-0.78000,-0.78000,15.13680,,,,,,,,,,-13.49820,-13.49820,-12.47970,-13.49820,5.74080,-0.81950,-0.81950
2019-12-31,,,,24.80900,9.41500,,-34.22400,1.26800,-32.95600,,-32.95600,-32.95600,-32.95600,-34.03300,-34.22400,36.42200,36.42200,-0.74000,-0.74000,12.38500,,,,,,,,,,-11.72730,-11.72730,-10.68190,-11.72730,6.38730,-0.7494,-0.7444
2019-09-30,,,,26.57200,10.53500,,-37.10700,1.10400,-36.00300,,-36.00300,-36.00300,-36.00300,-36.91600,-37.10700,34.54200,34.54200,-1.04000,-1.04000,6.77900,,,,,,,,,,-24.14450,-24.14450,-20.27960,-24.14450,4.31230,-0.9686,-0.9758
2019-06-30,,,,35.30800,8.84100,,-44.14900,1.35300,-42.79600,,-42.79600,-42.79600,-42.79600,-43.94200,-44.14900,34.45300,34.45300,-1.24000,-1.24000,7.80000,,,,,,,,,,-23.58340,-23.58340,-20.29320,-23.58340,5.26020,-0.7405,-0.8077
2019-03-31,,,,22.76100,7.75900,,-30.52000,1.54600,-28.97400,,-28.97400,-28.97400,-28.97400,-30.27500,-30.52000,34.41700,34.41700,-0.84000,-0.84000,18.31540,,,,,,,,,,-13.14080,-13.14080,-12.25110,-13.14080,6.40380,-0.91170,-0.93530
2018-12-31,,,,18.76200,8.38900,,-27.15100,1.64400,-25.50700,,-25.50700,-25.50700,-25.50700,-26.93700,-27.15100,31.00400,31.00400,-0.75000,-0.75000,19.04650,,,,,,,,,,-10.35790,-10.35790,-9.80250,-10.35790,7.15630,-0.8025,-0.8163
2018-09-30,,,,10.70500,8.53900,,-19.24400,1.55800,-17.68600,,-17.68600,-17.68600,-17.68600,-19.13800,-19.24400,34.25700,34.25700,-0.52000,-0.52000,35.44000,,,,,,,,,,-6.55920,-6.55920,-6.36810,-6.55920,7.84220,-0.336,-0.3451
2018-06-30,,,,8.58400,6.43700,,-15.02100,0.60900,-14.41200,,-14.41200,-14.41200,-14.41200,-14.96000,-15.02100,27.96100,27.96100,-0.52000,-0.52000,40.12290,,,,,,,,,,-5.06900,-5.06900,-4.93990,-5.06900,8.31990,-0.436,-0.4364
2018-03-31,,,,12.28600,4.71500,,-17.00100,0.54200,-16.45900,,-16.45900,-16.45900,-16.45900,-16.94000,-17.00100,27.28400,27.28400,-0.60000,-0.60000,24.80980,,,,,,,,,,-12.31430,-12.31430,-11.80340,-12.31430,4.89880,-0.42700,-0.42700
2017-12-31,,,,6.65300,4.33000,,-10.98300,0.45200,-10.53100,,-10.53100,-10.53100,-11.82500,-10.92300,-10.98300,13.26800,13.26800,0.48000,0.48000,22.42130,,,,,,,,,,-7.27340,-7.27340,-6.94030,-7.27340,5.30670,1.1486,1.1508
2017-09-30,,,,5.97100,2.31500,,-8.28600,-1.73000,-10.01600,,-10.01600,-10.01600,-11.42900,-8.23100,-8.28600,6.40400,6.40400,-1.78000,-1.78000,5.86740,,,,,,,,,,19.28560,-34.42630,-28.77830,-34.42630,16.43730,-2.0785,-2.0907
2017-06-30,,,,5.39700,1.35700,,-6.75400,-0.04800,-6.80200,,-6.80200,-6.80200,-6.80200,-6.70000,-6.75400,10.19600,10.19600,-0.79000,-0.79000,,,,,,,,,,,,,,,,-0.6024,-0.6024
2017-03-31,,,,4.87300,1.51600,,-6.38900,0.02900,-6.36000,,-6.36000,-6.36000,-7.52600,-6.33500,-6.38900,10.19600,10.19600,-0.74000,-0.74000,,,,,,,,,,,,,,,,-0.68810,-0.68810
2016-12-31,,,,,,,,,,,,,,,,,,,0.00000,,,,,,,,,,,,,,,,1.6712,1.7749
2016-09-30,,,,5.41900,0.98200,,-6.40100,0.01000,-6.39100,,-6.39100,-6.39100,-7.19100,-6.40100,-6.40100,10.19600,10.19600,-0.71000,-0.71000,,,,,,,,,,,,,,,,-1.6712,-1.7749
2015-12-31,,,,,,,,,,,,,,,,,,,0.00000,,,,,,,,,,,,,,,,0,0
