Date,revenue,gross-profit,selling-general-administrative-expenses,other-operating-income-expenses,operating-income,total-non-operating-income-expense,pre-tax-income,income-after-taxes,income-from-continuous-operations,net-income,ebitda,ebit,basic-shares-outstanding,shares-outstanding,eps-basic-net-earnings-per-share,eps-earnings-per-share-diluted,long-term-debt-capital,debt-equity-ratio,operating-margin,ebit-margin,pre-tax-profit-margin,net-profit-margin,asset-turnover,roe,return-on-tangible-equity,roa,roi,book-value-per-share,operating-cash-flow-per-share,free-cash-flow-per-share
2023-09-30,17.53440,17.53440,1.32180,-2.33940,6.19020,,6.19020,6.19020,6.19020,5.22340,6.85800,6.19020,44.75500,44.75500,0.12000,0.12000,0.17230,1.62240,35.30310,35.30310,35.30310,29.78960,0.02750,2.62820,2.62820,0.97050,2.17540,5.19200,0.1477,-0.0649
2023-06-30,16.45830,16.45830,1.31730,-2.30400,5.69800,,5.69800,5.69800,5.69800,4.77330,6.39150,5.69800,43.84400,43.84400,0.11000,0.11000,0.18550,1.63930,34.62110,34.62110,34.62110,29.00230,0.02640,2.48780,2.48780,0.91310,2.02630,5.22670,0.1585,0.151
2023-03-31,14.70780,14.70780,0.89810,-1.81650,5.12020,,5.12020,5.12020,5.12020,4.19550,5.76060,5.12020,42.79300,42.79300,0.10000,0.10000,0.19570,1.52840,34.81310,34.81310,34.81310,28.52550,0.02460,2.23600,2.23590,0.85770,1.79840,5.23340,0.11710,0.11250
2022-12-31,15.88550,15.88550,1.10340,-2.03950,6.27600,,6.27600,6.27600,6.27600,5.35420,6.75510,6.27600,37.74200,37.74900,0.13000,0.13000,0.16580,1.50170,39.50750,39.50740,39.50740,33.70490,0.02810,2.88280,2.88280,1.10950,2.40470,5.29780,0.0288,0.0351
2022-09-30,13.54100,13.54100,0.71600,-1.79640,5.05360,,5.05360,5.05360,5.05360,4.13190,5.63180,5.05360,38.83000,38.83000,0.11000,0.11000,0.16660,1.49090,37.32110,37.32110,37.32110,30.51380,0.02410,2.30450,2.30440,0.89950,1.92040,5.47140,0.1179,0.1091
2022-06-30,12.54810,12.54810,0.64590,-1.46480,5.22760,,5.22760,5.22760,5.22760,4.30580,5.88920,5.22760,36.37400,36.37400,0.12000,0.12000,0.16370,1.48160,41.66020,41.66020,41.66020,34.31440,0.02390,2.55000,2.55000,0.99500,2.13260,5.57740,-0.0149,-0.0166
2022-03-31,10.30140,10.30140,0.63190,-1.41960,4.35150,,4.35150,4.35150,4.35150,3.42970,4.84300,4.35150,34.89300,34.89900,0.10000,0.10000,0.12200,1.30410,42.24160,42.24160,42.24160,33.29360,0.02140,2.18220,2.18220,0.90320,1.91590,5.61500,0.21650,0.23420
2021-12-31,9.47610,9.47610,1.35660,-0.99390,4.30410,,4.30410,4.30410,4.30410,3.36410,4.70220,4.30410,26.31600,26.32500,0.12000,0.12000,0.09920,1.18580,45.42100,45.42100,45.42100,35.50060,0.02270,2.39010,2.39010,1.02980,2.15290,5.50210,0.4353,0.4586
2021-09-30,8.52240,8.52240,0.47850,-1.15340,4.30060,,4.30060,4.30060,4.30060,3.38680,4.65760,4.30060,27.97300,27.97700,0.12000,0.12000,,0.88490,50.46260,50.46260,50.46260,39.74040,0.02720,2.70890,2.70890,1.37250,2.70890,5.60670,0.3742,0.405
2021-06-30,6.71390,6.71390,0.24830,-1.40820,2.53080,,2.53080,2.53080,2.53080,2.53080,2.81090,2.53080,24.85100,24.85800,0.10000,0.10000,,0.98750,37.69560,37.69560,37.69560,37.69560,0.02270,1.73000,1.73000,0.85410,1.73000,5.47220,0.1208,0.1115
2021-03-31,5.71220,5.71220,0.15960,-0.88510,2.18310,,2.18310,2.18310,2.18310,2.18310,2.44680,2.18310,22.13800,22.13800,0.10000,0.10000,0.00300,1.63460,38.21830,38.21830,38.21830,38.21830,0.02500,2.57920,2.57920,0.95570,2.57140,3.77390,0.12600,0.14110
2020-12-31,5.70810,5.70810,0.14970,-1.21010,2.35000,,2.35000,2.35000,2.35000,2.35000,2.61000,2.35000,22.11900,22.11900,0.11000,0.11000,0.01250,1.71500,41.16910,41.16910,41.16910,41.16910,0.02520,2.90410,2.90410,1.03670,2.86780,3.65740,0.1012,0.0998
2020-09-30,4.27180,4.27180,0.14530,-0.71010,2.13880,,2.13880,2.13880,2.13880,2.13880,2.27570,2.13880,22.11700,22.11700,0.10000,0.10000,0.01210,0.98520,50.06740,50.06740,50.06740,50.06740,0.02520,2.55030,2.55030,1.26080,2.51940,3.79180,0.1543,0.1543
2020-06-30,4.31060,4.31060,0.12750,-0.74970,2.26650,,2.26650,2.26650,2.26650,2.26650,2.40030,2.26650,22.11700,22.11700,0.10000,0.10000,0.01210,0.67270,52.57870,52.57870,52.57870,52.57870,0.03010,2.68390,2.68390,1.58000,2.65140,3.81820,0.1017,0.1305
2020-03-31,4.31230,4.31230,0.14020,-0.76720,2.23860,,2.23860,2.23860,2.23860,2.23860,2.37170,2.23860,22.11700,22.11700,0.10000,0.10000,0.00940,0.68870,51.91230,51.91230,51.91230,51.91230,0.03050,2.73150,2.73150,1.58560,2.70570,3.70560,0.07810,0.12610
2019-12-31,2.88930,2.88930,0.07380,-0.52770,0.94160,,0.94160,0.94160,0.94160,0.94160,1.52360,0.94160,19.41500,19.41500,0.03000,0.03000,0.00940,0.68230,32.58850,32.58850,32.58850,32.58850,0.02050,1.14050,1.14050,0.66680,1.12970,3.73290,0.0752,0.1111
2019-09-30,3.37910,3.37910,0.13120,-0.63630,2.05510,,2.05510,2.05510,2.05510,2.05510,2.13930,2.05510,21.33700,21.33700,0.10000,0.10000,0.00940,0.27640,60.81850,60.81850,60.81850,60.81850,0.03090,2.43910,2.43910,1.88060,2.41620,3.81450,0.1413,0.1436
2019-06-30,3.06510,3.06510,0.10800,-1.34340,1.14310,,1.14310,1.14310,1.14310,1.14310,1.20860,1.14310,18.50000,18.50000,0.06000,0.06000,0.01230,0.32570,37.29500,37.29500,37.29500,37.29500,0.03200,1.64680,1.64680,1.19160,1.62650,3.67160,0.1267,0.1332
2019-03-31,3.34700,3.34700,0.16550,-0.49680,2.05620,,2.05620,2.05620,2.05620,2.05620,2.11080,2.05620,15.57900,15.57900,0.13000,0.13000,0.01400,0.54770,61.43380,61.43380,61.43380,61.43380,0.03630,3.60160,3.60160,2.22730,3.55140,3.57940,0.07480,0.07370
2018-12-31,2.90330,2.90330,0.11560,-0.51480,1.69380,,1.62630,1.62630,1.62630,1.62630,1.75310,1.69380,15.42600,15.42600,0.10000,0.10000,0.00550,0.52100,58.33930,58.33930,56.01460,56.01460,0.03380,3.07990,3.07990,1.89070,3.06310,3.42010,0.159,0.2106
2018-09-30,3.05110,3.05110,0.14210,-0.44550,1.96270,,1.96270,1.96270,1.96270,1.96270,2.01600,1.96270,15.43300,15.43300,0.13000,0.13000,0.00520,0.49380,64.32590,64.32590,64.32590,64.32590,0.03590,3.51760,3.51760,2.30810,3.49920,3.61440,0.0537,0.0758
2018-06-30,3.04230,3.04230,0.08130,-0.36300,2.21020,,2.21020,2.21020,2.21020,2.21020,2.24510,2.21020,15.41600,15.41600,0.14000,0.14000,0.00530,0.40430,72.64920,72.64920,72.64920,72.64920,0.03810,3.98150,3.98150,2.76650,3.96030,3.60090,0.1058,0.1059
2018-03-31,2.71670,2.71670,0.09800,-0.41540,1.97270,,1.97270,1.97270,1.97270,1.97270,1.99480,1.97270,15.41600,15.41600,0.13000,0.13000,0.04020,0.29950,72.61330,72.61330,72.61330,72.61330,0.03700,3.59180,3.59180,2.68650,3.44760,3.56260,0.08450,0.08440
2017-12-31,2.20870,2.20870,0.00940,-0.42830,1.68950,,1.68950,1.68950,1.68950,1.68950,1.71170,1.68950,11.95600,12.79170,0.11000,0.11000,0.00550,0.18590,76.49560,76.49560,76.49560,76.49560,0.03270,3.09630,3.09630,2.50320,3.07930,3.53960,0.1292,0.1245
2017-09-30,1.93890,1.93890,0.03530,-0.27440,1.31790,,1.31790,1.31790,1.31790,1.31790,1.34120,1.31790,11.10300,11.10300,0.12000,0.12000,0.00770,0.41440,67.96980,67.96980,67.96980,67.96980,0.03410,3.36580,3.36580,2.31720,3.33990,3.52660,0.1001,0.1382
2017-06-30,1.56010,1.56010,0.13180,-0.29330,0.95660,,0.95660,0.95660,0.95660,0.95660,0.97890,0.95660,11.10320,11.10320,0.09000,0.09000,0.00780,0.31960,61.32120,61.32120,61.32120,61.32120,0.02940,2.45270,2.45270,1.80540,2.43360,3.51290,0.1188,0.1176
2017-03-31,1.28920,1.28920,0.04560,-0.22540,0.89680,,0.89680,0.89680,0.89680,0.89680,0.91650,0.89680,11.10300,11.10300,0.06000,0.06000,0.00790,0.11990,69.56000,69.56000,69.56000,69.55990,0.02890,2.32310,2.32310,2.00810,2.30470,3.47670,0.03060,0.02950
2016-12-31,1.16000,1.16000,0.28000,,0.72000,0.09000,0.84000,0.84000,0.84000,0.84000,0.72390,0.72000,,,,0.00000,0.01080,0.29570,62.06900,62.06900,72.41380,72.41380,0.03020,2.94890,2.94890,2.18920,2.91710,1.84780,0,0
2016-09-30,1.01600,1.01600,,-0.10570,0.77140,-0.09670,0.67470,0.67470,0.67470,0.67470,0.78300,0.77140,,,,0.00000,,,75.92150,75.92150,66.40440,66.40440,,,,,,,0,0
2016-06-30,1.09540,1.09540,,-0.10660,0.86930,,0.86930,0.86930,0.86930,0.86930,0.88080,0.86930,,,,0.00000,,,79.35810,79.35810,79.35810,79.35810,,,,,,,0,0
2016-03-31,0.87830,0.87830,0.00200,-0.09110,0.68310,,0.68310,0.68310,0.68310,0.68310,0.69610,0.68310,,,,0.00000,,,77.77190,77.77190,77.77190,77.77190,,,,,,,0.00000,
2015-12-31,,,,,,,,,,,,,,,,0.00000,,,,,,,,,,,,,0,0
2014-12-31,,,,,,,,,,,,,,,,0.00000,,,,,,,,,,,,,0,0
