Date,revenue,cost-goods-sold,gross-profit,research-development-expenses,selling-general-administrative-expenses,other-operating-income-expenses,operating-expenses,operating-income,total-non-operating-income-expense,pre-tax-income,total-provision-income-taxes,income-after-taxes,income-from-continuous-operations,net-income,ebitda,ebit,basic-shares-outstanding,shares-outstanding,eps-basic-net-earnings-per-share,eps-earnings-per-share-diluted,current-ratio,long-term-debt-capital,debt-equity-ratio,gross-margin,operating-margin,ebit-margin,pre-tax-profit-margin,net-profit-margin,asset-turnover,inventory-turnover,receiveable-turnover,days-sales-in-receivables,roe,return-on-tangible-equity,roa,roi,book-value-per-share,operating-cash-flow-per-share,free-cash-flow-per-share
2023-09-30,725.30500,582.48800,142.81700,80.08200,79.46100,,159.54300,-16.72600,-8.38500,-25.11100,36.06500,-61.17600,-61.17600,-61.17600,-1.43200,-16.72600,56.67200,56.67200,-1.08000,-1.08000,3.83670,0.21120,0.26780,19.69060,-2.30610,-2.30610,-3.46210,-8.43450,0.15590,0.49460,0.77200,116.58410,-2.45650,-2.54130,-1.31530,-1.93760,43.83670,0.6556,-0.2181
2023-06-30,991.29000,673.98500,317.30500,86.52600,80.42100,,166.94700,150.35800,3.38400,153.74200,34.23200,119.51000,119.51000,119.51000,163.61900,150.35800,56.41600,59.18400,2.12000,2.03000,3.84210,0.20960,0.26510,32.00930,15.16790,15.16790,15.50930,12.05600,0.21110,0.68480,0.86210,104.39310,4.74210,4.90960,2.54460,3.74840,44.56100,-1.4988,-2.2718
2023-03-31,943.88900,643.76300,300.12600,79.87300,77.53300,1.43400,155.97200,144.15400,23.54900,167.70300,29.32500,138.37800,138.37800,138.37800,157.61800,144.15400,56.21550,59.19380,2.46000,2.35000,3.60210,0.22150,0.28450,31.79680,15.27240,15.27240,17.76720,14.66040,0.20990,0.73640,0.97350,92.44610,5.88640,6.00880,3.07750,4.58250,41.72290,0.13380,-0.51380
2022-12-31,890.70220,629.65510,261.04710,78.95900,72.67600,-114.57500,266.21020,-5.16310,56.28700,51.12400,30.29500,20.82900,20.82900,20.82900,133.91090,-5.16310,55.08780,58.10070,0.37000,0.36000,3.25910,0.23530,0.30780,29.30800,-0.57970,-0.57970,5.73970,2.33850,0.20880,0.86350,0.98400,91.45950,0.95710,0.98010,0.48830,0.73180,38.77160,1.9004,1.115
2022-09-30,836.72300,614.72200,222.00100,69.65900,70.65900,2.72400,137.59400,84.40700,-25.49200,58.91500,34.17200,24.74300,24.74300,24.74300,97.58100,84.40700,55.73000,58.74800,0.44000,0.43000,3.53040,0.24590,0.32610,26.53220,10.08780,10.08780,7.04120,2.95710,0.21430,1.09510,1.06540,84.47150,1.20570,1.30430,0.63390,0.90920,36.71460,0.0992,-0.4611
2022-06-30,727.77400,545.13200,182.64200,74.84700,67.09600,-4.68700,146.63000,36.01200,-14.31100,21.70100,6.61700,15.08400,15.08400,15.08400,52.49800,36.01200,55.47000,58.56500,0.27000,0.26000,3.73070,0.24830,0.33030,25.09600,4.94820,4.94820,2.98180,2.07260,0.19290,1.15920,1.08770,82.74410,0.74400,0.81050,0.39980,0.55920,36.44480,1.433,0.6314
2022-03-31,655.08000,476.12200,178.95800,66.34900,61.74500,,128.09400,50.86400,-5.44900,45.41500,12.29200,33.12300,33.12300,33.12300,62.52400,50.86400,53.13490,56.31520,0.62000,0.60000,4.32940,0.25150,0.33610,27.31850,7.76460,7.76460,6.93270,5.05630,0.17790,1.10090,0.96790,92.98680,1.64750,1.81230,0.89940,1.23310,36.30020,-2.89420,-3.66150
2021-12-31,551.91490,391.42400,160.49090,64.32600,55.12700,,119.45300,41.03800,-6.32400,34.71400,-6.24000,40.95400,40.95400,40.95400,55.48300,41.03800,52.20220,55.97100,0.78000,0.73000,3.25850,0.33570,0.50540,29.07890,7.43560,7.43560,6.28970,7.42030,0.19030,1.02970,1.20940,74.41460,3.12620,3.65160,1.41170,2.07670,24.80430,1.5987,0.6688
2021-09-30,526.40400,353.84300,172.56100,55.66600,50.48100,,106.14700,66.41400,-5.75100,60.66300,7.61500,53.04800,53.04800,53.04800,79.98200,66.41400,52.35590,55.92900,1.01000,0.96000,3.82870,0.34220,0.52040,32.78110,12.61660,12.61660,11.52400,10.07740,0.19810,1.16120,1.26470,71.16580,4.27090,5.05850,1.99670,2.80940,23.65020,1.1048,0.535
2021-06-30,480.05700,323.86500,156.19200,52.66400,48.82800,0.85900,100.63300,55.55900,-1.74300,53.81600,8.72400,45.09200,45.09200,45.09200,68.14900,55.55900,52.07620,55.93060,0.87000,0.82000,3.72610,0.35410,0.54830,32.53610,11.57340,11.57340,11.21030,9.39310,0.18720,1.00610,1.39690,64.42710,3.82850,4.60140,1.75840,2.47300,22.53550,0.6921,-0.0364
2021-03-31,405.48900,265.41500,140.07400,46.97700,46.76000,-2.20900,95.94600,44.12800,-6.09700,38.03100,7.95500,30.07600,30.07600,30.07600,55.42500,44.12800,51.72700,55.99710,0.58000,0.55000,3.98540,0.36940,0.60050,34.54450,10.88270,10.88270,9.37900,7.41720,0.16450,0.78050,1.49230,60.30790,2.73440,3.33770,1.22030,1.72430,21.16620,0.43010,-0.00830
2020-12-31,358.10700,247.78200,110.32500,47.51300,46.91400,-1.47100,95.89810,14.42690,10.38000,24.80700,7.15200,17.65500,17.65500,17.65500,26.38690,14.42690,50.21730,52.79550,0.32000,0.32000,3.94250,0.35570,0.55220,30.80780,4.02870,4.02870,6.92730,4.93010,0.14690,0.74700,1.63740,54.96550,1.62610,2.01210,0.72440,1.04760,21.05770,0.54,-0.1576
2020-09-30,338.09500,230.03200,108.06300,40.81700,36.85200,,77.66900,30.39400,15.76500,46.15900,2.40800,43.75100,43.75100,43.75100,38.98700,30.39400,50.52970,53.14420,0.87000,0.83000,4.56160,0.35590,0.56780,31.96230,8.98980,8.98980,13.65270,12.94050,0.14840,0.77440,1.84610,48.75170,4.23930,5.26680,1.92030,2.73040,20.15420,0.4975,-0.1841
2020-06-30,331.85100,228.88800,102.96300,38.09800,34.90000,,72.99800,29.96500,11.56500,41.53000,4.86200,36.66800,36.66800,36.66800,38.15400,29.96500,49.78660,52.53640,0.74000,0.70000,2.64900,,0.01650,31.02690,9.02970,9.02970,12.51470,11.04950,0.20670,0.86550,1.82640,49.27810,3.96500,5.03470,2.28340,3.96500,18.46800,1.1147,0.6109
2020-03-31,431.21800,291.21000,140.00800,36.69500,40.43800,4.90000,72.23300,67.77500,-16.60500,51.17000,8.92200,42.24800,42.24800,42.24800,75.22000,67.77500,49.19300,52.17300,0.86000,0.81000,2.45310,,0.01740,32.46800,15.71710,15.71710,11.86640,9.79740,0.28490,1.46660,1.82970,49.18760,4.87620,6.28890,2.79080,4.87620,17.46850,2.06510,1.54660
2019-12-31,418.22300,274.97400,143.24900,34.90000,35.43000,-22.39100,92.72100,50.52800,11.05800,61.58600,9.24100,52.34500,52.34500,52.77800,57.46900,50.52800,47.91890,50.19570,1.11000,1.04000,2.13590,0.00290,0.02230,34.25180,12.08160,12.08160,14.72560,12.61960,0.27980,1.60990,1.40160,64.21090,6.44910,8.60930,3.50220,6.43000,16.59930,1.7157,1.0468
2019-09-30,410.55600,271.24700,139.30900,30.74700,34.24000,-8.30500,73.29200,66.01700,-17.02300,48.99400,7.27000,41.72400,41.72400,41.62700,73.03300,66.01700,48.19500,51.08200,0.86000,0.81000,2.48890,0.00550,0.02840,33.93180,16.07990,16.07990,11.93360,10.13920,0.30690,2.02000,1.40490,64.06160,5.65990,7.77860,3.11930,5.62890,15.17600,1.2968,0.9656
2019-06-30,325.01000,214.34000,110.67000,29.50500,35.81200,,65.31700,45.35300,0.77300,46.12600,13.21300,32.91300,32.91300,33.12800,52.60100,45.35300,47.68400,49.94000,0.69000,0.66000,2.48670,0.00810,0.03230,34.05130,13.95440,13.95440,14.19220,10.19290,0.26600,1.43960,1.36670,65.85140,4.83980,7.02210,2.69400,4.80080,14.17740,0.9959,0.767
2019-03-31,271.87100,185.76100,86.11000,26.19900,31.86300,,58.06200,28.04800,-6.15100,21.89700,3.92200,17.97500,17.97500,19.01600,33.83000,28.04800,47.02000,49.02600,0.40000,0.39000,2.89240,0.01000,0.03480,31.67310,10.31670,10.31670,8.05420,6.99450,0.23100,1.23190,1.45000,62.06860,2.57700,3.69780,1.52730,2.55130,14.68430,1.15140,0.93480
2018-12-31,263.67000,183.95900,79.71100,24.71000,31.04700,,55.75700,23.95400,0.28800,24.24200,12.09300,12.14900,12.14900,12.93600,28.17200,23.95400,45.23500,47.98000,0.28000,0.27000,3.00070,0.00610,0.03530,30.23140,9.08480,9.08480,9.19410,4.90610,0.27340,1.29990,1.51900,59.24870,2.12870,2.44280,1.25970,2.11570,12.39280,0.9954,0.8132
2018-09-30,236.57800,158.59600,77.98200,20.10900,23.83600,,43.94500,34.03700,-0.68900,33.34800,-12.29500,45.64300,45.64300,45.64300,37.61300,34.03700,45.60200,48.28100,1.00000,0.95000,3.94620,,,32.96250,14.38720,14.38720,14.09600,19.29300,0.27760,1.47970,1.56580,57.47750,8.46870,8.57280,5.35600,8.46870,11.78060,0.7116,0.532
2018-06-30,227.11800,145.17200,81.94600,19.55100,21.73000,,41.28100,40.66500,-2.48000,38.18500,3.61700,34.56800,34.56800,34.56800,43.52400,40.66500,45.21600,48.29100,0.76000,0.72000,4.00110,,,36.08080,17.90480,17.90480,16.81290,15.22030,0.29000,1.42310,1.92310,46.80070,7.12900,7.12900,4.41350,7.12900,10.65740,0.8918,0.6864
2018-03-31,209.87100,130.27400,79.59700,17.87500,20.95800,,38.83300,40.76400,0.58400,41.34800,5.66200,35.68600,35.68600,35.68600,43.97200,40.76400,44.23200,47.67400,0.81000,0.75000,3.60140,,,37.92660,19.42340,19.42340,19.70160,17.00380,0.28690,1.32440,1.64630,54.66740,8.10660,8.10660,4.87810,8.10660,9.80490,1.34200,1.10450
2017-12-31,189.34000,118.37000,70.97000,16.42000,19.97900,,36.39900,34.57100,1.48700,36.05800,16.55600,19.50200,19.50200,19.50200,37.54500,34.57100,42.20900,45.42500,0.45000,0.42000,3.67380,,,37.48280,18.25870,18.25870,19.04410,10.30000,0.29520,1.42630,1.72870,52.06250,4.90660,4.92040,3.04100,4.90660,9.07190,1.0397,0.8552
2017-09-30,166.55200,108.49800,58.05400,14.36300,18.29500,,32.65800,25.39600,2.66600,28.06200,0.09100,27.97100,27.97100,27.97100,27.71700,25.39600,42.43400,46.13200,0.66000,0.61000,4.59350,,,34.85640,15.24810,15.24810,16.84880,16.79420,0.30330,1.74000,1.81640,49.54890,7.57090,7.57090,5.09300,7.57090,8.61940,0.6939,0.5774
2017-06-30,136.09900,89.03300,47.06600,12.72500,15.22600,,27.95100,19.11500,3.59500,22.71000,0.18600,22.52400,22.52400,22.52400,21.13300,19.11500,41.70000,44.83200,0.54000,0.50000,4.63730,,,34.58220,14.04490,14.04490,16.68640,16.54970,0.27640,1.58410,1.70440,52.80410,6.71950,6.71950,4.57410,6.71950,7.97670,0.6895,0.5625
2017-03-31,115.05400,76.37800,38.67600,11.45800,15.21400,,26.67200,12.00400,1.41000,13.41400,-0.76100,14.17500,14.17500,14.17500,13.90700,12.00400,41.34800,43.83800,0.34000,0.32000,4.69960,,,33.61550,10.43340,10.43340,11.65890,12.32030,0.25180,1.25390,1.45150,62.00670,4.61370,4.61370,3.10200,4.61370,7.39740,0.58550,0.54280
2016-12-31,,,,,,,,,,,,,,,,,,,,0.00000,,,,,,,,,,,,,,,,,,-1.3126,-0.9973
2016-09-30,128.48400,86.60900,41.87500,9.93500,13.70000,,23.63500,18.24000,0.39000,18.63000,3.01400,15.61600,15.61600,15.61600,19.86400,18.24000,40.92700,43.99500,0.38000,0.35000,4.11920,,,32.59160,14.19630,14.19630,14.49990,12.15400,0.31110,1.26560,1.51340,59.46900,5.67970,5.69410,3.78160,5.67970,6.69690,0.1312,0.1687
2016-06-30,124.75200,85.63900,39.11300,9.23200,11.99700,,21.22900,17.88400,-0.52700,17.35700,0.08400,17.27300,17.27300,17.27300,30.92600,17.88400,40.77600,44.46300,0.42000,0.39000,3.54930,,,31.35260,23.44330,12.74210,11.60300,18.37330,0.31390,1.05010,1.71510,52.47480,6.74440,6.76330,4.34610,6.74440,6.26350,0.8372,0.617
2016-03-31,125.20500,84.47100,40.73400,8.70900,12.28600,,20.99500,19.73900,2.02900,21.76800,0.96900,20.79900,20.79900,20.79900,20.73200,19.73900,40.36200,44.57800,0.52000,0.47000,3.55260,,,32.53380,15.76530,15.76530,17.38590,16.61200,0.34170,0.98780,2.23000,40.35820,8.80390,8.83150,5.67700,8.80390,5.80680,0.34420,0.21160
2015-12-31,124.83200,,124.83200,8.29900,,,,124.83200,,18.30300,-5.80200,,,24.10500,125.74400,,39.51200,44.00700,0.61000,0.55000,3.07780,,,30.90710,100.00000,,14.66210,19.31000,0.35710,,2.67390,33.65840,,,,,5.26120,0.2991,0.2451
2015-09-30,115.05400,81.52700,33.52700,6.99100,11.66200,,18.65300,14.87400,-0.07200,14.80200,0.37000,14.43200,14.43200,14.43200,14.87400,14.87400,39.30160,44.45590,0.37000,0.32000,3.09790,,,29.14020,12.92780,12.92780,12.86530,12.54370,0.36300,1.02030,2.42900,37.05170,7.87670,7.91030,4.55300,7.87670,4.66170,0.1338,0.0597
2015-06-30,,,,,,,,,,,,,,,,,,,,0.00000,,,,,,,,,,,,,,,,,,0.512,1.6747
2015-03-31,86.39900,62.69800,23.70100,5.49000,8.41200,,13.90200,9.79900,-3.43600,6.36300,0.39800,5.96500,5.96500,5.96500,11.44600,9.79900,2.82290,7.09900,0.01000,0.01000,2.64610,,,27.43200,11.34160,11.34160,7.36470,6.90400,0.30210,0.97170,1.91600,46.97240,3.96270,3.96270,2.08570,3.96270,3.84710,-0.51200,-1.67470
2014-12-31,73.29000,57.50900,15.78100,4.76800,6.77900,,11.54700,4.23400,-0.45800,3.77600,0.40100,3.37500,3.37500,3.37500,4.79500,4.23400,2.81600,2.81600,1.19850,1.19850,,,,21.53230,5.77710,5.77710,5.15210,4.60500,,,,,,,,,,3.433,2.6766
2014-09-30,66.96900,52.93900,14.03000,5.05900,6.62000,,11.67900,2.35100,0.51600,2.86700,0.34700,2.52000,2.52000,,0.92300,2.35100,2.81300,2.81300,,0.00000,,,,20.95000,3.51060,3.51060,4.28110,,,,,,,,,,,6.2571,6.9649
2014-06-30,44.57300,,44.57300,,,,,44.57300,,44.57300,,44.57300,-3.04200,-3.04200,45.09200,44.57300,2.81000,2.81000,-1.08000,-1.08000,0.94970,-0.22010,-1.06040,100.00000,100.00000,100.00000,100.00000,-6.82480,0.59430,,2.31340,38.90320,2.24840,15.93420,-4.05610,19.44140,-6.79410,-1.7561,-2.0137
2014-03-31,30.56000,24.33100,6.22900,4.86400,5.91000,,10.77400,-4.54500,-0.62600,-5.17100,0.06700,-5.23800,-5.23800,-5.23800,-3.09400,-4.54500,2.80600,2.80600,-1.87000,-1.87000,,,,20.38290,-14.87240,-14.87240,-16.92080,-17.14010,,,,,,,,,,-4.59270,-5.39910
2013-06-30,,,,,,,,,,,,,,,,,,,,0.00000,,,,,,,,,,,,,,,,,,0,0
