Date,revenue,cost-goods-sold,gross-profit,research-development-expenses,selling-general-administrative-expenses,operating-expenses,operating-income,total-non-operating-income-expense,pre-tax-income,income-after-taxes,income-from-continuous-operations,net-income,ebitda,ebit,basic-shares-outstanding,shares-outstanding,eps-basic-net-earnings-per-share,eps-earnings-per-share-diluted,current-ratio,long-term-debt-capital,debt-equity-ratio,gross-margin,operating-margin,ebit-margin,pre-tax-profit-margin,net-profit-margin,asset-turnover,receiveable-turnover,days-sales-in-receivables,roe,return-on-tangible-equity,roa,roi,book-value-per-share,operating-cash-flow-per-share,free-cash-flow-per-share
2024-03-31,,0.01700,-0.01700,3.68300,5.39700,9.08000,-9.09700,1.00000,-8.09700,-8.09700,-8.09700,-8.09700,-8.88400,-9.09700,32.22000,32.22000,-0.25000,-0.25000,2.19170,0.00120,0.00820,,,,,,,,,-12.50500,-12.50500,-9.00810,-12.48940,1.98810,0.15500,0.15450
2023-12-31,0.04100,0.02400,0.01700,3.89500,4.97000,8.86500,-8.84800,0.92300,-7.92500,-7.92500,-7.92500,-7.92500,-8.63600,-8.84800,31.20100,31.20100,-0.25000,-0.25000,2.50970,0.00280,0.00910,41.46340,-21580.50000,-21580.50000,-19329.27000,-19329.27000,0.00040,0.00360,25178.05000,-11.29590,-11.29590,-8.30360,-11.26450,2.21280,-0.2186,-0.2191
2023-09-30,0.04200,0.04400,-0.00200,3.53900,4.64300,8.18200,-8.18400,0.97400,-7.21000,-7.21000,-7.21000,-7.21000,-7.96800,-8.18400,31.28600,31.28600,-0.23000,-0.23000,3.51020,0.00410,0.00990,-4.76190,-19485.71000,-19485.71000,-17166.67000,-17166.67000,0.00050,0.27100,332.14290,-9.56090,-9.56090,-8.00600,-9.52190,2.40650,-0.24,-0.2395
2023-06-30,0.12300,0.08000,0.04300,3.68800,7.81500,11.50300,-11.46000,0.91800,-10.54200,-10.54200,-10.54200,-10.54200,-11.22500,-11.46000,31.07700,31.07700,-0.34000,-0.34000,4.54260,0.00520,0.01070,34.95940,-9317.07200,-9317.07200,-8570.73100,-8570.73100,0.00130,0.75460,119.26830,-12.99280,-12.99280,-10.90400,-12.92560,2.60070,-0.2554,-0.2483
2023-03-31,0.10000,0.06200,0.03800,4.10300,7.26400,11.36700,-11.32900,0.76400,-10.56500,-10.56500,-10.56500,-10.56500,-11.09200,-11.32900,31.01900,31.01900,-0.34000,-0.34000,5.22540,0.00570,0.01080,38.00000,-11329.00000,-11329.00000,-10565.00000,-10565.00000,0.00090,0.83330,108.00000,-11.71160,-11.71160,-10.00380,-11.64460,2.90830,-0.15740,-0.15860
2022-12-31,0.06500,0.05900,0.00600,3.48500,6.93900,10.42400,-10.41800,0.67200,-9.74600,-9.74600,-9.74600,-9.74600,-10.21500,-10.41800,30.94300,30.94300,-0.31000,-0.31000,5.80030,0.00630,0.01100,9.23080,-16027.70000,-16027.69000,-14993.84000,-14993.84000,0.00060,0.01060,8464.15200,-9.85010,-9.85010,-8.37800,-9.78820,3.18990,-0.2357,-0.242
2022-09-30,0.08700,0.05800,0.02900,4.17600,7.04100,11.21700,-11.18800,0.47600,-10.71200,-10.71200,-10.71200,-10.71200,-10.98500,-11.18800,31.00600,31.00600,-0.35000,-0.35000,10.48100,0.00680,0.01130,33.33330,-12859.77000,-12859.77000,-12312.64000,-12312.64000,0.00070,0.81310,110.68970,-9.99640,-9.99640,-9.19000,-9.92830,3.45480,-0.2819,-0.2939
2022-06-30,0.07800,0.05600,0.02200,3.26100,8.50700,11.76800,-11.74600,0.22600,-11.52000,-11.52000,-11.52000,-11.52000,-11.56100,-11.74600,30.94600,30.94600,-0.37000,-0.37000,14.79520,0.00720,0.01120,28.20510,-15058.97000,-15058.97000,-14769.23000,-14769.23000,0.00060,0.60940,147.69230,-9.85420,-9.85420,-9.21190,-9.78320,3.77210,-0.2906,-0.2973
2022-03-31,0.03800,0.02000,0.01800,3.32200,8.99600,12.31800,-12.30000,0.09200,-12.20800,-12.20800,-12.20800,-12.20800,-12.13500,-12.30000,30.80160,30.80160,-0.40000,-0.40000,15.76470,0.00560,0.00840,47.36840,-32368.42000,-32368.42000,-32126.32000,-32126.32000,0.00030,0.79170,113.68420,-9.59730,-9.59730,-9.05200,-9.54340,4.11700,-0.31030,-0.31040
2021-12-31,0.02600,0.01400,0.01200,3.07500,9.48400,12.55900,-12.54700,0.06300,-12.48400,-12.48400,-12.48400,-12.48400,-12.40200,-12.54700,15.00310,15.00310,4.78000,4.78000,13.10800,0.00040,0.00090,46.15390,-48257.69000,-48257.69000,-48015.38000,-48015.38000,0.00020,0.00830,10879.62000,-9.00960,-9.00960,-8.49080,-9.00600,4.50260,-1.2123,-1.2771
2021-09-30,0.02300,0.01000,0.01300,2.72400,6.73100,9.45500,-9.44200,-0.41700,-9.85900,-9.85900,-9.85900,-9.85900,-9.30600,-9.44200,25.08500,25.08500,-0.39000,-0.39000,34.52980,0.00050,0.00100,56.52170,-41052.18000,-41052.18000,-42865.22000,-42865.22000,0.00010,0.65710,136.95650,-6.57100,-6.57100,-6.41490,-6.56780,4.88740,5.7342,5.7754
2021-06-30,0.02000,0.00800,0.01200,2.82400,4.56900,7.39300,-7.38100,1.07400,-6.30700,-6.30700,-6.30700,-6.30700,-7.20400,-7.38100,1.98900,1.98900,-3.17000,-3.17000,28.26980,0.00100,0.00180,60.00000,-36905.00000,-36905.00000,-31535.00000,-31535.00000,0.00020,1.42860,63.00000,4.64440,-6.91630,-6.63430,-6.90940,45.48130,-2.7522,-2.7926
2021-03-31,0.01300,0.00500,0.00800,2.39600,3.63700,6.03300,-6.02500,-0.33400,-6.35900,-6.35900,-6.35900,-6.35900,-5.82400,-6.02500,1.79200,1.79200,-3.55000,-3.55000,,,,61.53850,-46346.16000,-46346.16000,-48915.38000,-48915.38000,,,,,,,,,-3.87830,-3.90120
2020-12-31,,,,,,,,,,,,,,,,,,0.00000,,,,,,,,,,,,,,,,,8.2572,8.3255
2020-09-30,0.00500,0.00300,0.00200,1.88800,2.75800,4.64600,-4.64400,-0.42800,-5.07200,-5.07200,-5.07200,-5.07200,-4.40800,-4.64400,1.53600,1.53600,-3.30000,-3.30000,,,,40.00000,-92880.01000,-92880.01000,-101440.00000,-101440.00000,,,,,,,,,-2.5154,-2.5693
2020-06-30,0.00600,0.00200,0.00400,1.75200,2.53300,4.28500,-4.28100,-0.42400,-4.70500,-4.70500,-4.70500,-4.70500,-4.28100,-4.28100,1.52560,1.52560,-3.08000,-3.08000,,,,66.66670,-71349.99000,-71349.99000,-78416.66000,-78416.66000,,,,,,,,,-5.7418,-5.7562
