Date,revenue,cost-goods-sold,gross-profit,selling-general-administrative-expenses,other-operating-income-expenses,operating-expenses,operating-income,total-non-operating-income-expense,pre-tax-income,total-provision-income-taxes,income-after-taxes,income-from-continuous-operations,net-income,ebitda,ebit,basic-shares-outstanding,shares-outstanding,eps-basic-net-earnings-per-share,eps-earnings-per-share-diluted,current-ratio,gross-margin,operating-margin,ebit-margin,pre-tax-profit-margin,net-profit-margin,asset-turnover,inventory-turnover,receiveable-turnover,days-sales-in-receivables,roe,return-on-tangible-equity,roa,roi,book-value-per-share,operating-cash-flow-per-share,free-cash-flow-per-share
2024-03-31,157.85000,129.31300,28.53700,36.86500,-1.65500,55.45200,-26.91500,0.93800,-25.97700,0.09000,-26.06700,-26.06700,-26.06700,-10.22000,-26.91500,112.77300,112.77300,-0.23000,-0.23000,3.01940,18.07860,-17.05100,-17.05100,-16.45680,-16.51380,0.18730,69.74810,28.23790,3.18720,-5.54290,-6.38970,-3.09330,-5.54290,4.15400,0.03040,-0.08850
2023-12-31,153.02600,128.24500,24.78110,35.54200,-1.35800,54.07000,-29.28900,1.30000,-27.98900,-0.57500,-27.41400,-27.41400,-27.41400,-12.84300,-29.28900,111.90800,111.90800,-0.25000,-0.25000,3.01500,16.19400,-19.13990,-19.13990,-18.29040,-17.91460,0.17870,61.98410,43.69680,2.05960,-5.68050,-6.53930,-3.20050,-5.68050,4.28450,0.0801,-0.0537
2023-09-30,153.42800,124.31500,29.11300,35.96300,-3.14300,55.60000,-26.48700,1.75000,-24.73700,0.31800,-25.05500,-25.05500,-25.05500,-10.54100,-26.48700,112.18000,112.18000,-0.22000,-0.22000,3.68480,18.97500,-17.26350,-17.26350,-16.12290,-16.33010,0.17440,37.13110,15.51190,5.80200,-5.00770,-5.74900,-2.84760,-5.00770,4.45050,0.1133,-0.0544
2023-06-30,152.52500,121.43600,31.08900,40.35000,-2.46900,62.33500,-31.24600,4.30600,-26.94000,0.31800,-27.25800,-27.25800,-27.25800,-16.49000,-31.24600,111.58500,111.58500,-0.24000,-0.24000,3.92510,20.38290,-20.48580,-20.48580,-17.66270,-17.87120,0.17190,38.61240,19.51450,4.61200,-5.33090,-6.11220,-3.07180,-5.33090,4.56760,0.0713,-0.1512
2023-03-31,125.06200,108.12500,16.93700,34.90700,-3.60400,52.25900,-35.32200,1.98300,-33.33900,0.31800,-33.65700,-33.65700,-33.65700,-21.95200,-35.32200,111.29700,111.29700,-0.30000,-0.30000,4.35220,13.54290,-28.24360,-28.24360,-26.65800,-26.91230,0.13960,84.20950,24.69630,3.64430,-6.44080,-7.37280,-3.75720,-6.44080,4.68900,-0.02810,-0.30540
2022-12-31,118.57000,105.74700,12.82300,43.46700,-4.28900,60.53410,-47.71110,-0.26200,-47.97300,1.28500,-49.25800,-49.25800,-49.25800,-34.84810,-47.71110,110.12800,110.12800,-0.45000,-0.45000,4.77120,10.81470,-40.23880,-40.23870,-40.45960,-41.54340,0.13040,76.46210,36.55060,2.46230,-9.10120,-10.37680,-5.41930,-9.10120,4.87010,-0.1591,-0.4411
2022-09-30,124.02600,104.09700,19.92900,41.90300,-4.80400,72.86000,-52.93100,1.92400,-51.00700,0.02000,-51.02700,-51.02700,-51.02700,-40.99900,-52.93100,110.37500,110.37500,-0.46000,-0.46000,8.68450,16.06840,-42.67730,-42.67730,-41.12610,-41.14220,0.17710,86.60320,6.28710,14.31500,-8.74590,-9.87370,-7.28710,-8.74590,5.26800,-0.0596,-0.2323
2022-06-30,124.91800,101.77500,23.14300,51.79800,-2.71300,65.81600,-42.67300,2.18900,-40.48400,0.02000,-40.50400,-40.50400,-40.50400,-31.32200,-42.67300,109.67900,109.67900,-0.37000,-0.37000,8.78090,18.52660,-34.16080,-34.16080,-32.40850,-32.42450,0.17170,91.36000,6.25220,14.39500,-6.61630,-7.43400,-5.56780,-6.61630,5.56720,-0.0153,-0.2755
2022-03-31,102.59100,89.20000,13.39100,50.19900,-2.53700,63.41300,-50.02200,0.39000,-49.63200,0.02000,-49.65200,-49.65200,-49.65200,-39.25400,-50.02200,109.47200,109.47200,-0.45000,-0.45000,9.56060,13.05280,-48.75870,-48.75870,-48.37850,-48.39800,0.13910,93.30550,4.72030,19.06660,-7.91990,-8.88100,-6.73040,-7.91990,5.72480,-0.15800,-0.32290
2021-12-31,96.42600,84.09200,12.33400,50.12300,-3.48800,60.11400,-47.78000,-18.25400,-66.03400,0.14700,-66.18100,-66.18100,-66.18100,-37.66000,-47.78000,57.90600,57.90600,-1.14000,-1.14000,10.66020,12.79120,-49.55090,-49.55090,-68.48150,-68.63400,0.12640,93.12510,4.98610,18.05020,-10.13310,-11.32700,-8.67780,-10.13310,5.97300,0.7833,2.4715
2021-09-30,95.84400,82.71000,13.13400,28.94400,-7.20400,45.45100,-32.31700,2.25100,-30.06600,,-30.06600,-30.06600,-30.06600,-22.88200,-32.31700,19.08400,19.08400,-1.58000,-1.58000,,13.70350,-33.71830,-33.71830,-31.36970,-31.36970,,,,,,,,,,-0.3089,-1.2722
2021-06-30,86.21200,73.37700,12.83500,26.08100,-2.51100,37.00000,-24.16500,-2.71800,-26.88300,,-26.88300,-26.88300,-26.88300,-15.63100,-24.16500,17.36000,17.36000,-1.55000,-1.55000,,14.88770,-28.02970,-28.02970,-31.18240,-31.18240,,,,,,,,,,-0.6182,-1.825
2021-03-31,61.39200,59.29000,2.10200,23.38000,-1.01200,32.23900,-30.13700,0.09200,-30.04500,,-30.04500,-30.04500,-30.04500,-22.18000,-30.13700,16.96300,16.96300,-1.77000,-1.77000,,3.42390,-49.08950,-49.08950,-48.93960,-48.93960,,,,,,,,,,-0.97060,-1.94810
2020-12-31,,,,,,,,,,,,,,,,,,,0.00000,,,,,,,,,,,,,,,,0,0
2019-12-31,,,,,,,,,,,,,,,,,,,0.00000,,,,,,,,,,,,,,,,0,0
