Date,revenue,cost-goods-sold,gross-profit,research-development-expenses,selling-general-administrative-expenses,other-operating-income-expenses,operating-expenses,operating-income,total-non-operating-income-expense,pre-tax-income,total-provision-income-taxes,income-after-taxes,income-from-continuous-operations,net-income,ebitda,ebit,basic-shares-outstanding,shares-outstanding,eps-basic-net-earnings-per-share,eps-earnings-per-share-diluted,current-ratio,long-term-debt-capital,debt-equity-ratio,gross-margin,operating-margin,ebit-margin,pre-tax-profit-margin,net-profit-margin,asset-turnover,inventory-turnover,receiveable-turnover,days-sales-in-receivables,roe,return-on-tangible-equity,roa,roi,book-value-per-share,operating-cash-flow-per-share,free-cash-flow-per-share
2023-09-30,63.82800,26.36800,37.46000,3.02200,0.03600,,3.05800,34.40200,-3.17500,31.22700,1.29100,29.93600,29.93600,29.93600,40.71800,34.40200,146.77600,148.12300,0.20000,0.20000,4.96560,,,58.68900,53.89800,53.89800,48.92370,46.90110,0.15950,0.56690,3.85340,23.35590,8.24610,8.24610,7.47870,8.24610,2.49070,0.2817,0.1907
2023-06-30,61.99900,23.70600,38.29300,3.19400,-0.16200,,3.03200,35.26100,-8.17600,27.08500,3.38300,23.70200,23.70200,23.70200,40.26900,35.26100,147.23100,150.86700,0.16000,0.16000,4.65510,,,61.76390,56.87350,56.87350,43.68620,38.22970,0.16510,0.50860,4.52380,19.89470,6.97990,6.97990,6.31230,6.97990,2.30640,0.3584,0.2724
2023-03-31,57.98300,22.37700,35.60600,0.22600,3.53300,,3.75900,31.84700,0.52200,32.36900,5.20400,27.16500,27.16500,27.16500,35.91400,31.84700,147.20000,152.41400,0.18000,0.18000,2.71920,0.02220,0.08130,61.40770,54.92470,54.92470,55.82500,46.84990,0.16010,0.52150,3.31560,27.14450,8.89660,8.89660,7.49880,8.69950,2.07390,0.17700,0.12490
2022-12-31,40.79100,14.29500,26.49600,-2.23700,7.32200,,5.14100,21.35500,-10.00400,11.35100,6.12100,5.23000,5.23000,5.23000,23.24900,21.35500,146.16400,152.19000,0.03000,0.04000,3.02820,0.11560,0.17900,64.95550,52.35220,52.35220,27.82720,12.82150,0.11480,0.35560,2.52360,35.66380,1.88810,1.88810,1.47180,1.66990,1.88230,0.1319,0.0239
2022-09-30,2.71900,0.79500,1.92400,2.77200,0.33800,,3.11000,-1.18600,26.39800,25.21200,,25.21200,25.21200,25.21200,-1.17200,-1.18600,146.34600,152.21700,0.17000,0.17000,11.86940,0.24890,0.33140,70.76130,-43.61900,-43.61900,927.25270,927.25270,0.00740,0.02540,0.13620,660.55160,9.52740,9.52740,6.86520,7.15590,1.80650,-0.0778,-0.1632
2022-06-30,,,,3.15500,-0.04100,,,-3.11400,12.71900,9.60500,,9.60500,9.60500,9.60500,-3.09900,-3.11400,145.94900,152.11400,0.07000,0.06000,14.61090,0.24850,0.33070,,,,,,,,,,3.62870,3.62870,2.62530,2.72690,1.81150,-0.0287,-0.1657
2022-03-31,,,,1.75400,2.07100,,,-3.82500,-4.97800,-8.80300,-0.05700,-8.74600,-8.74600,-8.74600,-3.81100,-3.82500,145.70500,145.70500,-0.06000,-0.06000,15.78630,0.24670,0.32740,,,,,,,,,,-3.27800,-3.27800,-2.37680,-2.46940,1.82910,-0.05860,-0.17830
2021-12-31,,,,2.83500,5.22300,,,-6.17500,-1.67700,-7.85200,0.09700,-7.94900,-7.94900,-7.94900,-6.16200,-6.17500,142.61100,142.61100,-0.06000,-0.06000,17.99840,0.24520,0.32490,,,,,,,,,,-2.96310,-2.96310,-2.15430,-2.23640,1.84190,-0.0983,-0.4242
2021-09-30,,,,2.58800,0.79900,-0.27000,,-3.67000,10.58800,6.91800,0.00100,6.91700,6.91700,6.91700,-3.65700,-3.67000,144.89800,151.18700,0.05000,0.05000,6.75950,0.17590,0.21340,,,,,,,,,,2.54020,2.54020,1.91440,2.09350,1.87750,-0.0179,-0.1513
2021-06-30,,,,2.47200,0.98200,-0.80600,,-4.27800,-4.77100,-9.04900,0.03200,-9.08100,-9.08100,-9.08100,-4.26000,-4.27800,144.54800,144.54800,-0.06000,-0.06000,12.68090,0.09540,0.10550,,,,,,,,,,-3.29570,-3.29570,-2.82500,-2.98120,1.90210,-0.0277,-0.185
2021-03-31,,,,2.58100,0.72800,-0.82000,,-4.14400,-8.25300,-12.39700,0.25400,-12.65100,-12.65100,-12.65100,-4.12900,-4.14400,135.55500,135.55500,-0.09000,-0.09000,18.50260,0.09480,0.10470,,,,,,,,,,-4.56350,-4.56350,-3.96450,-4.13110,1.91900,-0.08650,-0.31400
2020-12-31,,,,11.36900,1.36000,1.25100,,-11.50800,-6.02300,-17.53100,,-17.53100,-17.53100,-17.53100,-11.36400,-11.50800,123.03200,123.03200,-0.14000,-0.14000,10.36230,0.16280,0.19440,,,,,,,,,,-11.76580,-11.76580,-9.14550,-9.85070,1.15210,-0.2105,-0.3598
2020-09-30,,,,14.18300,0.62300,-0.63400,,-15.46900,-2.23800,-17.70700,,-17.70700,-17.70700,-17.70700,-15.39100,-15.46900,128.98800,128.98800,-0.14000,-0.14000,29.68600,,,,,,,,,,,,-11.17030,-11.17030,-10.82620,-11.17030,1.22770,-0.1454,-0.1728
2020-06-30,,,,6.08800,0.48000,-0.80500,,-7.40000,-4.91100,-12.31100,,-12.31100,-12.31100,-12.31100,-7.33700,-7.40000,124.17800,124.17800,-0.10000,-0.10000,27.18550,,,,,,,,,,,,-7.33370,-7.33370,-7.07550,-7.33370,1.30670,-0.089,-0.0934
2020-03-31,,,,16.53000,0.59800,-0.65300,,-17.82500,5.44200,-12.38300,,-12.38300,-12.38300,-12.38300,-17.71500,-17.82500,109.60900,109.60900,-0.11000,-0.11000,9.80710,,,,,,,,,,,,-13.70370,-13.70370,-12.43790,-13.70370,0.82010,-0.09710,-0.10230
2019-12-31,,,,38.55580,1.22100,0.91870,,-38.88880,-0.15740,-39.04630,,-39.15930,-39.15930,-39.15930,-38.76470,-38.88880,88.61700,88.61700,-0.43220,-0.43220,22.03390,,,,,,,,,,,,-41.50820,-41.50820,-39.72700,-41.50820,0.87780,-0.4038,-0.2051
2019-09-30,,,,0.03940,0.83840,-0.44640,,-1.35450,-0.46160,-1.81620,,-1.81620,-1.81620,-1.81620,-1.32350,-1.35450,88.83300,88.83300,-0.02270,-0.02270,6.03830,,,,,,,,,,,,-2.22130,-2.22130,-2.07460,-2.22130,0.88970,-0.0246,-0.1092
2019-06-30,,,,0.11610,0.54620,-0.34530,,-1.03690,-0.37380,-1.41070,,-1.41070,-1.41070,-1.41070,-1.00780,-1.03690,85.67400,85.67400,-0.01500,-0.01500,5.49810,,,,,,,,,,,,-2.37990,-2.37990,-2.23270,-2.37990,0.69090,-0.023,-0.1079
2019-03-31,,,,0.02570,0.92840,-0.43800,,-1.41980,-0.86110,-2.28090,,-2.28090,-2.28090,-2.28090,-1.39200,-1.41980,85.24800,85.24800,-0.03010,-0.03010,14.56000,,,,,,,,,,,,-3.80530,-3.80530,-3.66480,-3.80530,0.70130,-0.02000,-0.06460
2018-12-31,,,,0.10180,0.35930,-0.38500,,-0.84720,-0.18700,-1.03420,,-1.03420,-1.03420,-1.03420,-0.84610,-0.84720,70.91100,70.91100,-0.00740,-0.00740,30.47710,,,,,,,,,,,,-1.67610,-1.67610,-1.64600,-1.67610,0.72660,-0.0179,-0.0876
2018-09-30,,,,0.02020,0.33670,-0.30920,,-0.66670,-0.79140,-1.45810,,-1.45810,-1.45810,-1.45810,-0.66610,-0.66670,73.55080,73.55080,-0.02300,-0.02300,11.99020,,,,,,,,,,,,-4.39280,-4.39280,-4.27400,-4.39280,0.44870,-0.0127,-0.0395
2018-06-30,,,,0.00470,0.46100,-0.17100,,-0.63740,-0.32730,-0.96470,,-0.96470,-0.96470,-0.96470,-0.63680,-0.63740,68.74880,68.74880,-0.01550,-0.01550,15.92080,,,,,,,,,,,,-2.85050,-2.85050,-2.77900,-2.85050,0.46160,-0.0139,-0.0656
2018-03-31,,,,-0.01890,0.80630,-0.15750,,-0.94560,-0.05020,-0.99580,,-0.99580,-0.99580,-0.99580,-0.94490,-0.94560,63.97360,63.97360,-0.01580,-0.01580,8.83970,,,,,,,,,,,,-4.72430,-4.72430,-4.59020,-4.72430,0.32890,-0.01350,-0.05430
2017-12-31,,,,,,,,,,,,,-0.96700,-0.96700,,,41.76600,41.76600,-0.02000,-0.02000,11.52170,,,,,,,,,,,,-4.82530,-4.82290,-4.66250,-4.82530,,-0.0632,-0.2471
