Date,revenue,cost-goods-sold,gross-profit,research-development-expenses,selling-general-administrative-expenses,other-operating-income-expenses,operating-expenses,operating-income,total-non-operating-income-expense,pre-tax-income,total-provision-income-taxes,income-after-taxes,income-from-continuous-operations,income-from-discontinued-operations,net-income,ebitda,ebit,basic-shares-outstanding,shares-outstanding,eps-basic-net-earnings-per-share,eps-earnings-per-share-diluted,current-ratio,long-term-debt-capital,debt-equity-ratio,gross-margin,operating-margin,ebit-margin,pre-tax-profit-margin,net-profit-margin,asset-turnover,inventory-turnover,receiveable-turnover,days-sales-in-receivables,roe,return-on-tangible-equity,roa,roi,book-value-per-share,operating-cash-flow-per-share,free-cash-flow-per-share
2023-12-31,2.30690,1.99460,0.31230,0.02220,5.67630,,5.69850,-5.38620,-0.37650,-5.76270,-0.70660,-5.05610,-5.05610,,-4.32740,-3.84620,-5.38620,5.13000,5.13000,-0.84000,-0.84000,0.53940,0.02150,0.61070,13.53840,-233.48080,-233.48080,-249.80100,-187.58670,0.02250,1.00290,0.31030,290.06070,-9.94910,21.75340,-4.93500,-9.73540,7.92450,-0.4808,-0.4872
2023-09-30,1.64590,1.54690,0.09900,0.02370,3.30730,,3.33100,-3.23200,-0.53520,-3.76450,-0.25140,-3.51310,-3.51310,8.85520,5.36620,-2.00300,-3.23200,31.60300,31.60300,0.17000,0.17000,0.45630,0.02080,0.58170,6.01240,-196.37440,-196.37440,-228.72510,326.04260,0.01680,0.73030,0.17860,503.92910,-6.90670,14.39700,-3.59040,-6.76270,1.03310,-0.04760,-0.04770
2023-06-30,-0.14260,-0.35860,0.21610,0.07750,3.02190,,3.09930,-2.88330,-1.43160,-4.31480,-0.16150,-4.15340,-4.15340,-1.97790,-5.48530,-3.05920,-2.88330,18.63400,18.63400,1.14000,1.14000,1.75290,,0.44410,-151.55520,2022.55300,2022.55300,3026.76700,3847.80000,-0.00220,-1.10540,-4.12180,-21.83520,-11.27010,-22.78460,-6.54390,-11.27010,13.96480,-0.1503,-0.1504
2023-03-31,0.69300,0.78290,-0.08990,0.05840,2.43130,,2.48970,-2.57960,-0.06350,-2.64310,-0.03310,-2.61000,-2.61000,,-2.66850,-1.25900,-2.57960,20.52300,20.52300,-0.13000,-0.13000,2.03320,,0.38020,-12.96710,-372.21830,-372.21830,-381.37830,-385.05190,0.01020,0.04120,0.07710,1166.96500,-6.13130,-11.04670,-3.85360,-6.13130,2.05990,0.8621,0.8612
2022-12-31,,,,,1.48290,,,-1.48290,-0.44220,-1.92510,,-1.92510,-1.92510,-0.84740,-2.76990,-1.28120,-1.48290,1.78500,1.78500,-1.55000,-1.55000,2.72900,,0.39340,,,,,,,,,,-5.14350,-5.14350,-3.25960,-5.14350,1.90410,-0.8571,-0.8571
2022-09-30,,,,,1.81190,,,-1.81190,-0.21080,-2.02270,,-2.02270,-2.02270,-0.41960,-2.43970,-1.65730,-1.81190,14.64900,14.64900,-0.17000,-0.17000,2.64030,,0.39980,,,,,,,,,,-5.66120,-5.66120,-3.52260,-5.66120,2.17890,-0.14400,-0.14400
2022-06-30,,,,,-6.55970,,,11.46470,-0.17220,9.31200,,9.30550,9.30550,-16.33880,-7.02450,10.03170,9.48420,9.45800,9.45800,-0.53000,-0.53000,2.05700,,0.43280,,,,,,,,,,27.93370,27.93370,14.57950,27.93370,3.03290,0.0959,0.1277
2022-03-31,0.61810,1.11080,-0.49270,,2.23440,,2.23450,-2.72720,-0.17880,-2.90600,0.00000,-2.90600,-2.90600,,-2.89260,-2.03200,-2.72720,9.65200,9.65200,-0.30000,-0.30000,2.20120,,0.34950,-79.71960,-441.22480,-441.22480,-470.15450,-467.98450,0.00860,0.05270,0.06490,1386.04900,-7.20610,-7.20610,-4.04310,-7.20610,4.08620,-0.0851,-0.0833
2021-12-31,0.73260,1.29430,-0.56170,,1.94280,,1.94280,-2.50450,-0.38640,-2.89090,-0.00650,-2.88440,-2.88440,,-2.87770,-1.23320,-2.50450,9.12600,9.12600,-0.32000,-0.32000,2.19380,,0.35480,-76.67360,-341.87550,-341.87550,-394.61930,-392.82190,0.00980,0.06160,0.07750,1161.78800,-6.89480,-6.89480,-3.85860,-6.89480,4.43540,0.0184,0.0082
2021-09-30,0.62980,1.35930,-0.72950,,8.58200,-1.14060,9.72260,-10.45210,-0.65610,-11.10820,,-11.10820,-11.10820,-3.13520,-14.23830,-9.60570,-10.45210,8.31500,8.31500,-1.71000,-1.71000,2.05190,,0.44620,-115.84530,-1659.70000,-1659.70000,-1763.88700,-2260.92100,0.00920,0.06680,0.24300,370.36300,-30.30980,-30.30980,-16.27310,-30.30980,4.13820,-0.63320,-0.65680
2021-06-30,0.58630,1.09940,-0.51320,,10.52740,,10.52740,-11.04060,-0.13450,-11.17500,,-11.17500,-11.17500,1.43480,-9.86180,-10.87430,-11.04060,4.40100,4.40100,-0.35000,-0.35000,3.33070,,0.06460,-87.53210,-1883.20100,-1883.20100,-1906.13400,-1682.13100,0.00960,0.83080,0.20800,432.76640,-24.62640,-25.26260,-18.22450,-24.62640,5.75790,0.3932,0.3932
2021-03-31,0.63780,1.65550,-1.01770,,1.98990,,1.98990,-3.00760,0.01030,-2.99730,-0.00450,-2.99270,-2.99270,-4.78700,-7.50730,-2.76820,-3.00760,3.18500,3.18500,-2.35000,-2.35000,3.87680,,0.03530,-159.55980,-471.55970,-471.55970,-469.93890,-1177.05800,0.00940,0.70060,0.12220,736.30580,-5.77250,-6.05140,-4.42770,-5.77250,12.93200,-0.1312,-0.1312
2020-12-31,0.78970,3.76060,-2.97090,,3.22350,,3.22350,-6.19440,0.09060,-6.10390,0.00450,-6.10840,-6.10840,-7.37510,-13.01890,-5.93000,-6.19440,3.18500,3.18500,-4.09000,-4.09000,4.29040,,0.03130,-376.23020,-784.44290,-784.44290,-772.97080,-1648.66900,0.01070,1.24700,0.08950,1006.11400,-10.40690,-10.85190,-8.28340,-10.40690,16.10300,-0.5972,-0.5972
2020-09-30,1.00800,0.74230,0.26560,,1.43600,,1.43600,-1.17030,0.00700,-1.16330,,-1.16330,-1.16330,0.11030,-1.05750,-0.96210,-1.17030,3.03990,3.03990,-0.35000,-0.35000,4.57170,,0.03560,26.35360,-116.10560,-116.10560,-115.40990,-104.91410,0.01210,0.19310,0.08140,1105.65000,-1.70750,-1.76770,-1.39810,-1.70750,22.41030,-2.99350,-2.99350
2020-06-30,-8.23110,-6.71170,-1.51940,,-1.70020,,-1.70020,0.18080,-2.07400,-1.89330,-0.03010,-1.86320,-1.86320,,-1.13080,0.13480,0.18080,2.94900,2.94900,-0.36000,-0.36000,5.24530,,,18.45980,-2.19600,-2.19600,23.00110,13.73840,-0.10410,-9.59520,-1.58920,-56.63080,-2.80120,-2.84590,-2.35580,-2.80120,21.87910,-2.9939,-2.9964
2020-03-31,3.73430,3.32420,0.41010,,4.04200,,4.04200,-3.63190,-0.05040,-3.68220,0.11020,-3.79240,-3.79240,,-3.81770,-3.40450,-3.63190,3.03700,3.03700,-1.26000,-1.26000,5.26650,,0.03450,10.98260,-97.25680,-97.25680,-98.60560,-102.23260,0.04730,1.95580,0.37080,242.70550,-5.62510,-5.81860,-4.80680,-5.62510,22.20160,-0.5979,-0.5979
2019-12-31,7.86860,5.50360,2.36500,,2.16560,,2.16560,0.19940,0.12170,0.32110,0.16920,0.15190,0.15190,,0.11250,0.67640,0.19940,3.03700,3.03700,0.04000,0.04000,6.04690,,0.02380,30.05600,2.53420,2.53420,4.08100,1.42950,0.09470,2.10220,0.80190,112.22820,0.20980,0.21660,0.18290,0.20980,23.84870,1.2145,1.2119
2019-09-30,7.04680,5.40690,1.63990,,3.47650,,3.47650,-1.83660,0.05700,-1.77960,-0.00480,-1.77480,-1.77480,,-1.79260,-1.64920,-1.83660,2.68740,2.68740,-0.67000,-0.67000,5.88670,,0.03280,23.27160,-26.06350,-26.06350,-25.25430,-25.43910,0.08680,2.71870,0.73800,121.95530,-2.51670,-2.59940,-2.18720,-2.51670,23.22310,0.79850,0.82670
2019-06-30,7.54640,5.44270,2.10370,,1.54360,,1.54360,0.56010,0.16780,0.72790,0.16910,0.55880,0.55880,,0.52120,0.53160,0.56010,2.49700,2.49700,0.23000,0.23000,5.81600,,0.03320,27.87710,7.42210,7.42210,9.64600,6.90670,0.09010,2.45660,0.76450,117.72950,0.76940,0.79500,0.66730,0.76940,28.55040,0.8347,0.8343
2019-03-31,7.70260,5.34570,2.35690,,3.73540,,3.73550,-1.37860,0.48600,-0.89260,0.17440,-1.06700,-1.06700,,-1.08170,-0.88540,-1.37860,2.54110,2.54110,-0.45000,-0.45000,5.65560,,0.03360,30.59830,-17.89760,-17.89760,-11.58860,-14.04370,0.09030,2.23980,0.69270,129.92140,-1.44660,-1.49530,-1.25040,-1.44660,29.02580,-1.0536,-1.0575
2018-12-31,8.38190,5.98190,2.40010,,1.85260,,1.85250,0.54750,0.41980,0.96730,0.22540,0.74190,0.74190,,0.72390,0.67780,0.54750,2.54110,2.54110,0.27000,0.27000,6.88070,,0.02930,28.63400,6.53180,6.53180,11.54040,8.63620,0.10160,2.51850,0.63740,141.19250,1.01320,1.04690,0.89910,1.01320,28.81700,1.8296,1.7781
2018-09-30,7.58910,5.47820,2.11090,,1.72450,,1.72450,0.38640,0.48040,0.86680,0.21880,0.64800,0.64800,,0.63280,0.58290,0.38640,2.36500,2.36500,0.27000,0.27000,7.16800,,0.03090,27.81530,5.09160,5.09160,11.42130,8.33860,0.09360,2.37760,0.42580,211.35420,0.89440,0.92450,0.79880,0.89440,28.51260,-0.20970,-0.20910
2018-06-30,8.61460,5.99540,2.61930,,1.46220,,1.46220,1.15710,-1.57500,-0.53550,1.28890,-1.82450,-1.82450,,-1.81760,1.36550,1.15710,2.34630,2.34630,-0.72010,-0.72010,5.89350,,0.03180,30.40480,13.43130,13.43130,-6.21640,-21.09920,0.10370,2.53550,0.54290,165.76360,-2.50360,-2.59110,-2.19550,-2.50360,30.89050,1.9254,1.9332
2018-03-31,13.34130,8.07940,5.26190,,1.34430,,1.34430,3.91760,0.83380,4.75140,0.23960,4.51180,4.51180,,4.55190,4.11160,3.91760,2.35270,2.35270,1.89020,1.89020,5.83620,,0.03170,39.44060,29.36460,29.36460,35.61450,34.11890,0.14950,2.92190,0.52790,170.49560,5.72900,6.10350,5.05460,5.76080,33.20530,-1.058,-1.2925
2017-12-31,14.13220,9.31440,4.81780,,1.57870,,1.57870,3.23910,0.65550,3.89470,0.31220,3.58250,3.58250,,3.59770,3.38830,3.23910,2.33690,2.33690,1.53020,1.53020,6.70560,,0.01690,34.09080,22.92010,22.92010,27.55880,25.45780,0.17920,3.72250,0.85240,105.58870,5.03690,5.39110,4.54150,5.03690,30.43570,1.7524,1.256
2017-09-30,7.80950,5.72110,2.08840,,1.13050,,1.13050,0.95790,0.58370,1.54160,0.28290,1.25870,1.25870,,1.25590,1.10450,0.95790,2.33690,2.33690,0.54010,0.54010,8.94750,,0.03420,26.74140,12.26560,12.26560,19.73980,16.08160,0.10960,2.50100,0.55110,163.29530,1.90770,1.94790,1.76600,1.90770,28.23510,1.57690,1.57380
2017-06-30,8.06100,5.79170,2.26930,,0.07770,,0.07780,2.19160,0.58390,2.80380,0.41900,2.38480,2.38480,,2.35080,2.32170,2.19160,2.29050,2.29050,0.99010,0.99010,8.89000,,0.04210,28.15140,27.18700,27.18700,34.78170,29.16260,0.11800,2.46850,0.54000,166.67800,3.77020,3.85220,3.49240,3.77020,27.06770,-0.6058,-0.6022
2017-03-31,7.94160,5.33900,2.60260,,0.93580,,0.93580,1.66680,0.61980,2.28650,0.32830,1.95820,1.95820,,1.92240,1.81220,1.66680,2.33690,2.33690,0.81010,0.81010,7.85660,,0.04850,32.77150,20.98770,20.98770,28.79160,24.20690,0.12110,2.93030,0.55010,163.61330,3.25530,3.32910,2.98510,3.25530,25.74150,-0.5295,-0.5335
2016-12-31,11.22310,7.26960,3.95350,,1.42660,,1.42660,2.52690,0.67440,3.20130,0.30380,2.89760,2.89760,,2.84770,2.66940,2.52690,2.33690,2.33690,1.26010,1.26010,6.72120,,0.05030,35.22670,22.51520,22.51520,28.52440,25.37400,0.17600,3.79740,0.87000,103.45230,5.02460,5.14350,4.54370,5.02460,24.67730,-0.2558,-0.2591
2016-09-30,6.36670,4.45170,1.91490,,0.85410,,0.85410,1.06090,0.51980,1.58070,0.20160,1.37910,1.37910,,1.34870,1.21790,1.06090,2.15280,2.15280,0.63010,0.63010,5.68350,,0.04780,30.07770,16.66280,16.66280,24.82760,21.18390,0.09840,1.10140,0.70970,126.82010,2.41570,2.47620,2.13080,2.41570,24.42900,0.19300,0.18270
2016-06-30,8.13300,5.96200,2.17100,0.00000,0.99300,,0.99300,1.17800,0.26900,1.74100,0.30800,1.43300,1.39800,0.00000,1.39800,1.45110,1.17800,2.21860,2.21860,0.63010,0.63010,5.36110,,0.05440,26.98880,14.48420,14.48420,21.40660,17.18920,0.14260,1.29380,1.05800,85.06500,2.76770,2.84710,2.45050,2.76770,23.53220,1.2882,1.0745
2016-03-31,7.66250,5.49150,2.17100,,0.82450,,0.82440,1.34660,0.68490,2.03150,0.25700,1.77450,1.77450,,1.74330,1.54180,1.34660,2.14660,2.14660,0.81010,0.81010,,,,28.33340,17.57360,17.57360,26.51200,22.75130,,,,,,,,,,0.2975,0.2931
2015-12-31,12.12500,7.80520,4.31980,,0.93330,,0.93330,3.38650,0.56200,3.94850,0.32590,3.62250,3.62250,,3.57360,3.51770,3.38650,2.14660,2.14660,1.62020,1.62020,,,,35.62710,27.92960,27.92960,32.56470,29.47290,,,,,,,,,,1.7609,1.7554
2015-09-30,7.28590,4.87350,2.41240,,1.00300,,1.00300,1.40940,0.35570,1.76510,0.30090,1.46410,1.46410,,1.42210,1.68090,1.40940,2.14660,2.14660,0.63010,0.63010,,,,33.11110,19.34430,19.34430,24.22600,19.51880,,,,,,,,,,2.64370,2.64230
2015-06-30,,,,,,,,,,,,,,,,,,,,,0.00000,,,,,,,,,,,,,,,,,,0,0
