Date,revenue,cost-goods-sold,gross-profit,selling-general-administrative-expenses,other-operating-income-expenses,operating-expenses,operating-income,total-non-operating-income-expense,pre-tax-income,total-provision-income-taxes,income-after-taxes,income-from-continuous-operations,net-income,ebitda,ebit,basic-shares-outstanding,shares-outstanding,eps-basic-net-earnings-per-share,eps-earnings-per-share-diluted,current-ratio,long-term-debt-capital,debt-equity-ratio,gross-margin,operating-margin,ebit-margin,pre-tax-profit-margin,net-profit-margin,asset-turnover,inventory-turnover,receiveable-turnover,days-sales-in-receivables,roe,return-on-tangible-equity,roa,roi,book-value-per-share,operating-cash-flow-per-share,free-cash-flow-per-share
2023-12-31,965.00010,638.40000,326.60020,332.80000,4.30000,328.50000,-1.89990,-6.50000,-8.40000,-5.00000,-3.40000,-3.40000,-3.40000,33.00010,-1.89990,45.11300,45.68630,-0.08000,-0.06000,2.43010,0.22740,0.31260,33.84460,-0.19690,-0.19690,-0.87050,-0.35230,0.34110,0.82780,1.96700,45.75540,-0.22880,-0.47240,-0.12020,-0.17680,32.96440,2.3607,2.2025
2023-09-30,1145.10000,757.00000,388.10000,311.80000,4.90000,306.90000,81.20000,-6.40000,74.80000,17.50000,57.30000,57.30000,57.30000,112.89990,81.20000,45.14970,45.74740,1.27000,1.25000,2.40340,0.24890,0.34830,33.89220,7.09110,7.09110,6.53220,5.00390,0.38300,0.88830,2.10460,42.76400,3.83150,8.10580,1.91670,2.87780,33.15230,1.9358,1.7833
2023-06-30,1353.70000,864.30000,489.40000,320.60000,2.50000,318.10000,171.29990,-7.30000,164.00000,40.00000,124.00000,124.00000,124.00000,202.49990,171.29990,45.09370,45.68300,2.75000,2.71000,2.32240,0.23160,0.31710,36.15280,12.65420,12.65420,12.11490,9.16010,0.47130,0.99870,2.37660,37.86950,8.64110,17.05870,4.31680,6.63990,31.85920,5.603,5.4122
2023-03-31,837.40000,550.30000,287.10000,291.40000,4.00000,287.40000,-0.29990,-6.90000,-7.20000,-2.70000,-4.50000,-4.50000,-4.50000,30.80010,-0.29990,45.04590,45.04590,-0.10000,-0.10000,2.57920,0.31760,0.48080,34.28470,-0.03580,-0.03580,-0.85980,-0.53740,0.29560,0.58350,1.64160,54.82330,-0.34540,-0.74570,-0.15890,-0.23570,28.96240,-3.38770,-3.52970
2022-12-31,889.99990,587.40000,302.59990,304.60000,2.00000,302.59990,0.00010,-5.50000,-5.50000,-4.60000,-0.90000,-0.90000,-0.90000,31.80010,0.00010,45.04820,45.78080,-0.02000,-0.01000,2.35670,0.23060,0.31410,34.00000,0.00000,0.00000,-0.61800,-0.10110,0.35120,0.76510,1.90820,47.16410,-0.06910,-0.14630,-0.03550,-0.05310,29.00750,2.2866,2.149
2022-09-30,1102.60000,714.00000,388.60000,289.20000,2.40000,286.80000,101.80000,-5.60000,96.20000,22.90000,73.30000,73.30000,73.30000,129.50000,101.80000,45.10260,45.77440,1.63000,1.60000,2.43170,0.24200,0.33200,35.24400,9.23270,9.23270,8.72480,6.64790,0.41890,0.83660,2.19290,41.04120,5.53920,10.94190,2.78450,4.19890,29.35320,2.9732,2.9055
2022-06-30,1216.60000,755.50000,461.10000,272.70000,1.70000,271.00000,190.10000,-4.60000,185.50000,44.80000,140.70000,140.70000,140.70000,213.50000,190.10000,45.03460,45.77920,3.12000,3.07000,2.44290,0.27450,0.39110,37.90070,15.62550,15.62550,15.24740,11.56500,0.46900,0.87350,2.30810,38.99310,11.31390,22.17140,5.42340,8.20840,27.62880,2.0646,1.8787
2022-03-31,805.30000,536.10000,269.20000,230.50000,2.50000,228.00000,41.20000,-4.30000,36.90000,4.60000,32.30000,32.30000,32.30000,63.20000,41.20000,44.93580,45.85060,0.72000,0.70000,2.31950,0.28880,0.42000,33.42850,5.11610,5.11610,4.58210,4.01090,0.33450,0.62800,1.84240,48.85010,2.93850,5.82720,1.34170,2.08980,24.48000,-2.58010,-2.73280
2021-12-31,805.19980,522.80000,282.39970,247.20000,0.10000,247.10020,35.29960,-5.10000,30.20000,2.70000,27.50000,27.50000,27.50000,58.79960,35.29960,44.57870,45.80540,0.62000,0.60000,2.20080,0.21260,0.28420,35.07200,4.38400,4.38400,3.75060,3.41530,0.38050,0.82120,2.02770,44.38530,2.60000,5.16240,1.29960,2.04720,23.62680,1.1255,0.9547
2021-09-30,936.40000,595.90000,340.50000,235.30000,-1.80000,237.10000,103.40000,-4.30000,99.10000,19.10000,80.00000,80.00000,80.00000,124.80000,103.40000,44.64510,45.84930,1.79000,1.74000,2.32370,0.25570,0.35830,36.36270,11.04230,11.04230,10.58310,8.54340,0.43520,0.94750,2.23160,40.32890,7.82240,14.75470,3.71780,5.82240,22.89410,1.463,1.3065
2021-06-30,1083.90000,695.70000,388.20000,225.80000,2.20000,223.60000,164.60000,-4.30000,160.30000,36.80000,123.50000,123.50000,123.50000,185.20000,164.60000,44.50870,45.78930,2.77000,2.70000,2.12210,0.27230,0.38970,35.81510,15.18590,15.18590,14.78920,11.39400,0.52160,1.13310,2.60930,34.49210,13.18600,27.56080,5.94350,9.59600,21.03920,3.0102,2.8118
2021-03-31,650.20000,448.70000,201.50000,192.30000,1.20000,191.10000,10.40000,-5.50000,4.90000,-2.50000,7.40000,7.40000,7.40000,30.20000,10.40000,44.38120,45.65520,0.17000,0.16000,2.07250,0.31640,0.48070,30.99050,1.59950,1.59950,0.75360,1.13810,0.34100,0.72160,1.86200,48.33590,0.91870,2.20430,0.38810,0.62800,18.18280,-0.99660,-1.13240
2020-12-31,675.09990,452.79990,222.30000,202.80000,2.70000,200.10010,22.19990,-9.10000,13.10000,1.60000,11.50000,11.50000,11.50000,42.99990,22.20000,42.85870,44.09350,0.25000,0.26000,2.31040,0.26940,0.38380,32.92850,3.28840,3.28840,1.94050,1.70350,0.39810,0.98740,2.25330,39.94080,1.44650,3.30370,0.67820,1.05690,17.95430,1.1475,0.9974
2020-09-30,751.90000,501.80000,250.10000,183.30000,1.80000,181.50000,68.60000,-6.60000,62.00000,13.80000,48.20000,48.20000,48.20000,85.40000,68.60000,43.31650,44.56150,1.11000,1.08000,2.74780,0.36980,0.60360,33.26240,9.12360,9.12360,8.24580,6.41040,0.40490,1.05620,2.32210,38.75780,6.20180,12.03200,2.59530,3.90850,17.57850,1.2927,1.2523
2020-06-30,817.70000,531.60000,286.10000,175.00000,1.20000,173.80000,112.30000,-7.60000,104.70000,25.60000,79.10000,79.10000,79.10000,129.20000,112.30000,41.95090,43.11400,1.89000,1.83000,2.42530,0.57560,1.38500,34.98840,13.73370,13.73370,12.80420,9.67350,0.47790,1.14200,2.45780,36.61860,17.11010,78.55020,4.62280,7.26150,11.01290,4.333,4.2297
2020-03-31,459.80000,317.00000,142.80000,167.10000,1.00000,166.10000,-23.30000,-7.70000,-31.00000,-13.50000,-17.50000,-17.50000,-17.50000,-6.50000,-23.30000,41.76630,41.76630,-0.42000,-0.42000,2.31710,0.63610,1.78070,31.05700,-5.06740,-5.06740,-6.74210,-3.80600,0.27930,0.58170,1.44410,62.32280,-4.63580,-227.27240,-1.06290,-1.68710,9.01770,-1.57060,-1.67600
2019-12-31,534.99990,365.00010,169.99990,166.80000,1.20000,165.60000,4.39980,-7.50000,-3.10000,-5.60000,2.50000,2.50000,2.50000,19.69980,4.39980,41.21880,42.75040,0.07000,0.08000,2.46400,0.57710,1.39320,31.77570,0.82240,0.82240,-0.57940,0.46730,0.37070,0.85460,1.84230,48.85230,0.63580,4.07830,0.17320,0.26890,9.45850,1.5563,1.4924
2019-09-30,652.80000,437.60000,215.20000,165.00000,2.30000,162.70000,52.50000,-8.20000,44.30000,9.70000,34.60000,34.60000,34.60000,67.60000,52.50000,41.31180,42.83900,0.84000,0.81000,2.43790,0.60360,1.55000,32.96570,8.04230,8.04230,6.78620,5.30020,0.42740,0.91450,1.99760,45.05520,8.99400,53.06750,2.26560,3.56520,9.30260,1.7704,1.6897
2019-06-30,752.40000,494.40000,258.00000,166.70000,1.40000,165.30000,92.70010,-8.70000,84.00000,19.30000,64.70000,64.70000,64.70000,107.90010,92.70010,41.09930,42.68780,1.57000,1.52000,2.49930,0.64770,1.86640,34.29030,12.32060,12.32060,11.16430,8.59910,0.49160,1.01310,2.18470,41.19620,18.66710,236.99640,4.22710,6.57720,8.41280,0.9169,0.7801
2019-03-31,417.30000,287.30000,130.00000,155.80000,1.10000,154.70000,-24.70000,-9.00000,-33.70000,-9.60000,-24.10000,-24.10000,-24.10000,-8.80000,-24.70000,40.96420,40.96420,-0.59000,-0.59000,2.38250,0.69690,2.33380,31.15270,-5.91900,-5.91900,-8.07570,-5.77520,0.28990,0.57070,1.46940,61.25090,-8.67840,89.59130,-1.67440,-2.63040,6.77650,-1.18400,-1.33530
2018-12-31,474.60010,325.89990,148.70010,150.10000,2.00000,148.10010,0.60000,-8.30000,-7.70000,-5.60000,-2.10000,-2.10000,-2.10000,15.30000,0.60000,40.48820,42.63330,-0.04000,-0.02000,2.71030,0.65110,1.89830,31.33160,0.12640,0.12640,-1.62240,-0.44250,0.40620,0.79160,1.60720,55.99870,-0.69580,95.45450,-0.17970,-0.24280,7.38080,0.8564,0.7972
2018-09-30,578.50000,387.50000,191.00000,151.80000,2.30000,149.50000,41.50000,-9.20000,32.30000,2.40000,29.90000,29.90000,29.90000,56.40000,41.50000,40.66450,42.74680,0.74000,0.70000,2.71580,0.65580,1.93820,33.01640,7.17370,7.17370,5.58340,5.16850,0.47780,0.90860,1.81980,49.45720,9.83230,515.51830,2.46960,3.38470,7.45290,1.6415,1.6162
2018-06-30,687.80000,457.90000,229.90000,145.20000,1.10000,144.10000,85.80000,-8.00000,77.80000,14.70000,63.10000,63.10000,63.10000,99.10000,85.80000,40.34720,42.64290,1.56000,1.48000,2.68770,0.68230,2.18190,33.42540,12.47460,12.47460,11.31140,9.17420,0.58240,1.02320,2.10270,42.80170,23.42240,521.48600,5.34290,7.44190,6.65330,0.3522,0.2142
2018-03-31,371.40000,262.90000,108.50000,131.70000,2.60000,129.10000,-20.60000,-6.60000,-27.20000,-10.20000,-17.00000,-17.00000,-17.00000,-8.10000,-20.60000,40.07120,40.07120,-0.43000,-0.43000,2.48090,0.74310,2.93490,29.21380,-5.54660,-5.54660,-7.32360,-4.57730,0.33200,0.56620,1.50430,59.83040,-8.45350,34.83610,-1.51980,-2.17200,5.00870,-1.01820,-1.06310
2017-12-31,415.70000,283.80000,131.90000,133.80000,0.70000,133.09990,-1.20000,-6.20000,-7.40000,-11.40000,4.00000,4.00000,4.00000,11.00000,-1.19990,39.75460,42.19340,0.10000,0.07000,2.92470,0.68690,2.23360,31.72960,-0.28870,-0.28870,-1.78010,0.96220,0.45650,0.83890,1.86750,48.19340,1.87970,-61.53830,0.43920,0.58850,5.32590,0.7392,0.6444
2017-09-30,502.40000,342.10000,160.30000,128.10000,1.60000,126.50000,33.80000,-6.20000,27.60000,10.70000,16.90000,16.90000,16.90000,45.60000,33.80000,39.78000,41.37300,0.42000,0.41000,2.69380,0.70180,2.39330,31.90690,6.72770,6.72770,5.49360,3.36390,0.51010,0.91320,2.00960,44.78500,8.21580,-174.22720,1.71570,2.44960,5.17280,0.4142,0.3056
2017-06-30,608.60000,406.20000,202.40000,126.60000,1.30000,125.30000,77.10000,-6.60000,70.50000,26.30000,44.20000,44.20000,44.20000,88.70000,77.10000,39.74160,41.32530,1.11000,1.07000,2.43710,0.72100,2.62650,33.25670,12.66840,12.66840,11.58400,7.26260,0.61380,1.03460,2.38110,37.79820,23.64900,-150.33990,4.45740,6.59700,4.70450,0.6136,0.5511
2017-03-31,335.00000,234.10000,100.90000,113.70000,0.90000,112.80000,-11.90000,-6.20000,-18.10000,-7.60000,-10.50000,-10.50000,-10.50000,-1.40000,-11.90000,39.61900,39.61900,-0.26000,-0.26000,2.39690,0.77920,3.58330,30.11940,-3.55220,-3.55220,-5.40300,-3.13430,0.35830,0.60130,1.60360,56.12240,-7.50540,13.02730,-1.12300,-1.65690,3.53020,-1.38070,-1.45130
2016-12-31,361.79990,250.00000,111.79990,116.20000,1.40000,114.80000,-3.00000,-6.70000,-9.70000,-4.10000,-5.60000,-5.60000,-5.60000,7.30000,-3.00010,30.31610,30.31610,0.64000,0.66000,2.64150,0.71820,2.59740,30.90110,-0.82920,-0.82920,-2.68100,-1.54780,0.48720,0.86330,2.12080,42.43780,-3.76340,22.13440,-0.75410,-1.06060,3.75980,2.1804,2.0438
2016-09-30,444.50000,306.10000,138.40000,107.70000,1.20000,106.50000,31.90000,-6.30000,25.60000,10.70000,14.90000,14.90000,14.90000,42.20000,31.90000,39.56390,41.00900,0.38000,0.36000,2.84220,0.74150,2.91300,31.13610,7.17660,7.17660,5.75930,3.35210,0.52920,0.98610,1.94530,46.26550,9.75130,-77.20200,1.77380,2.52120,3.86420,-0.2134,-0.2065
2016-06-30,513.40000,344.90000,168.50000,118.00000,1.00000,117.00000,51.50000,-6.50000,45.00000,18.10000,26.90000,26.90000,-88.60000,61.20000,51.50000,27.87460,27.87460,-3.18000,-3.18000,2.36810,0.74920,3.03650,32.82040,10.03120,10.03120,8.76510,-17.25750,0.61610,1.06680,2.25180,39.96880,19.62070,-94.71820,3.22810,4.92040,3.46720,-0.2641,-0.2885
2016-03-31,328.50000,231.50000,97.00000,104.60000,1.20000,103.40000,-6.40000,-2.60000,-9.00000,-3.40000,-5.60000,-5.60000,-12.10000,2.80000,-6.40000,14.24950,14.24950,-0.85000,-0.85000,2.24400,0.73710,2.86310,29.52820,-1.94820,-1.94820,-2.73970,-3.68340,0.41330,0.71430,1.65080,54.52060,-7.30120,6.48900,-0.70460,-1.91910,5.38550,0.70180,0.57550
2015-12-31,339.80000,235.20000,104.60000,109.51000,1.20000,109.51000,-4.91000,-3.70000,-8.60000,-2.70000,-5.90000,-5.90000,-5.90000,5.59000,-4.91000,14.20980,14.20980,-0.41000,-0.41000,3.05390,0.67720,2.15030,30.78280,-1.44500,-1.44500,-2.53090,-1.73630,0.50820,0.88450,2.35810,38.16660,-6.71980,9.14730,-0.88230,-2.16910,6.16140,1.9306,1.6388
2015-09-30,404.50000,286.10000,118.40000,98.20000,1.30000,96.90000,21.50000,-2.70000,18.80000,7.40000,11.40000,11.40000,0.10000,30.60000,21.50000,14.21710,14.54690,0.01000,0.01000,,,,29.27070,5.31520,5.31520,4.64770,0.02470,,,,,,,,,,2.1901,1.9726
2015-06-30,481.50000,334.00000,147.50000,91.30000,0.70000,90.60000,56.90000,-2.60000,54.30000,21.10000,33.20000,33.20000,8.40000,65.50000,56.90000,14.19540,14.38670,0.59000,0.59000,,,,30.63340,11.81720,11.81720,11.27730,1.74450,,,,,,,,,,1.9482,1.8244
2015-03-31,225.80000,167.20000,58.60000,73.10000,0.80000,72.30000,-13.70000,-2.40000,-16.10000,-6.30000,-9.80000,-9.80000,-17.50000,-6.50000,-13.70000,14.17370,14.17370,-1.23000,-1.23000,,,,25.95220,-6.06730,-6.06730,-7.13020,-7.75020,,,,,,,,,,-1.07240,-1.16410
2014-12-31,,,,,,,,,,,,,,,,,,,0.00000,,,,,,,,,,,,,,,,,,0,0
2013-12-31,,,,,,,,,,,,,,,,,,,0.00000,,,,,,,,,,,,,,,,,,0,0
