Date,revenue,gross-profit,selling-general-administrative-expenses,other-operating-income-expenses,operating-income,total-non-operating-income-expense,pre-tax-income,income-after-taxes,income-from-continuous-operations,net-income,ebitda,ebit,basic-shares-outstanding,shares-outstanding,eps-basic-net-earnings-per-share,eps-earnings-per-share-diluted,current-ratio,debt-equity-ratio,gross-margin,operating-margin,ebit-margin,pre-tax-profit-margin,net-profit-margin,asset-turnover,roe,return-on-tangible-equity,roa,roi,book-value-per-share,operating-cash-flow-per-share,free-cash-flow-per-share
2023-09-30,2.50200,2.50200,3.55600,-1.67500,-3.39900,1.40000,-1.99900,-1.99900,-1.99900,-0.18900,-2.72900,-3.39900,15.24500,15.24500,-0.01000,-0.01000,0.56900,0.12000,100.00000,-135.85130,-135.85130,-79.89610,-7.55400,0.00750,-2.27120,-2.27120,-0.60070,-2.27120,1.53600,-0.3106,-0.3462
2023-06-30,1.72800,1.72800,3.73200,-1.71100,-4.24600,2.61200,-1.63400,-1.63400,-1.63400,0.77800,-3.71600,-4.24600,15.16700,57.21300,0.05000,-0.03000,0.63960,0.12290,100.00000,-245.71760,-245.71760,-94.56020,45.02320,0.00520,-1.83070,-1.83070,-0.48730,-1.83070,1.55830,0.2037,0.2118
2023-03-31,1.10700,1.10700,3.54900,-1.79200,-4.68400,-4.07700,-8.76100,-8.76100,-8.76100,-6.19600,-4.23400,-4.68400,14.98300,14.98300,-0.41000,-0.41000,0.75330,,100.00000,-423.12560,-423.12560,-791.41820,-559.71090,0.00340,-9.70540,-9.70540,-2.68290,-9.70540,1.57940,-0.30390,-0.31560
2022-12-31,0.60800,0.60800,2.57800,-1.14500,-3.36300,2.02800,-1.33500,-1.33500,-1.33500,0.52700,-3.11500,-3.36300,13.96500,13.96500,0.40000,1.08000,0.80630,,100.00000,-553.12490,-553.12520,-219.57220,86.67750,0.00180,-1.35710,-1.35710,-0.40310,-1.35710,1.72120,-0.2774,-0.3094
2022-09-30,0.43100,0.43100,3.59900,-1.22800,-4.54400,1.45200,-3.09200,-3.09200,-3.09200,-0.61300,-4.39600,-4.54400,14.94900,14.94900,-0.04000,-0.04000,0.85510,,100.00000,-1054.29200,-1054.29200,-717.40140,-142.22740,0.00130,-3.11730,-3.11730,-0.92400,-3.11730,1.73540,-1.2858,-1.3209
2022-06-30,0.40900,0.40900,3.94300,-1.43900,-5.12700,15.39000,10.26300,10.26300,10.26300,12.66500,-4.97300,-5.12700,14.93800,59.94700,0.85000,0.17000,0.92610,,100.00000,-1253.54500,-1253.54500,2509.29100,3096.57700,0.00120,10.06870,10.06870,3.01930,10.06870,1.78420,0.5225,0.5149
2022-03-31,0.39700,0.39700,4.59400,-1.23400,-5.57600,-13.93800,-19.51400,-19.51400,-19.51400,-15.76300,-5.43100,-5.57600,10.95400,10.95400,-1.44000,-1.44000,1.01140,,100.00000,-1404.53400,-1404.53400,-4915.36500,-3970.52900,0.00110,-21.32540,-21.32540,-5.61110,-21.32540,1.60170,-0.92790,-0.92840
2021-12-31,0.39200,0.39200,4.23700,-1.25700,-5.24700,,-5.24700,-5.24700,-5.24700,-5.24700,-5.10300,-5.24700,,,,0.00000,0.88900,,100.00000,-1338.52100,-1338.52100,-1338.52100,-1338.52100,0.00130,-30.99050,-30.99050,-1.72660,-30.99050,,0,0
2021-09-30,0.40200,0.40200,2.34000,-1.13900,-3.22000,-0.31900,-3.53900,-3.53900,-3.53900,-3.53900,-2.95100,-3.22000,,,,0.00000,22.82300,-0.05380,100.00000,-800.99500,-800.99500,-880.34820,-880.34820,0.00290,19.04330,19.04330,-2.52960,19.04330,-5.46590,0,0
2021-06-30,0.39400,0.39400,1.56900,-1.08000,-2.39600,-0.38200,-2.77800,-2.77800,-2.77800,-2.77800,-2.09700,-2.39600,,,,0.00000,28.11160,,100.00000,-608.12180,-608.12180,-705.07620,-705.07620,0.00280,18.07720,18.07720,-1.98740,18.07720,-4.51980,0,0
2021-03-31,0.39000,0.39000,0.59100,-0.99500,-1.33700,-0.70900,-2.04600,-2.04600,-2.04600,-2.04600,-1.04000,-1.33700,,,,0.00000,28.65720,,100.00000,-342.82050,-342.82050,-524.61540,-524.61540,0.00280,12.06770,12.06770,-1.46150,12.06770,-4.98660,0.00000,
2020-12-31,,,,,,,,,,,,,,,,0.00000,,,,,,,,,,,,,,0,0
2020-09-30,,,0.00220,,-0.00220,,-0.00220,-0.00220,-0.00220,-0.00220,-0.00220,-0.00220,,,0.00000,0.00000,1.10830,6.57260,,,,,,,-9.54340,-9.54340,-0.93280,-9.54340,0.00640,0,0
