Date,revenue,gross-profit,research-development-expenses,selling-general-administrative-expenses,operating-income,total-non-operating-income-expense,pre-tax-income,income-after-taxes,income-from-continuous-operations,net-income,ebitda,ebit,basic-shares-outstanding,shares-outstanding,eps-basic-net-earnings-per-share,eps-earnings-per-share-diluted,current-ratio,long-term-debt-capital,debt-equity-ratio,gross-margin,operating-margin,ebit-margin,pre-tax-profit-margin,net-profit-margin,asset-turnover,receiveable-turnover,days-sales-in-receivables,roe,return-on-tangible-equity,roa,roi,book-value-per-share,operating-cash-flow-per-share,free-cash-flow-per-share
2024-03-31,,,18.87300,7.98900,-26.86200,2.55900,-24.30300,-24.30300,-24.30300,-24.30300,-27.07500,-26.86200,38.15500,38.15500,-0.64000,-0.64000,14.93770,0.00520,0.00760,,,,,,,,,-11.53310,-11.53310,-9.77240,-11.47320,5.56970,-0.66030,-0.66420
2023-12-31,,,15.45300,6.81200,-22.26500,1.92900,-20.33600,-20.33600,-20.33600,-20.33600,-23.20300,-22.26500,19.88400,19.88400,-0.99000,-0.99000,8.93670,0.00970,0.01350,,,,,,,,,-16.07830,-16.07830,-12.32940,-15.92300,6.20400,-1.0796,-1.0848
2023-09-30,,,16.70200,6.41200,-23.11400,2.13400,-20.98000,-20.98000,-20.98000,-20.98000,-23.51000,-23.11400,20.06000,20.06000,-1.05000,-1.05000,9.37950,0.00930,0.01250,,,,,,,,,-14.53300,-14.53300,-11.35720,-14.39720,7.19570,-0.8365,-0.8545
2023-06-30,,,19.77700,7.12900,-26.84300,2.21400,-24.62900,-24.62900,-24.62900,-24.62900,-26.19800,-26.84300,19.66400,19.66400,-1.25000,-1.25000,10.55560,0.00900,0.01160,,,,,,,,,-15.04260,-15.04260,-12.03050,-14.90770,8.16840,-1.3897,-1.4169
2023-03-31,,,24.63100,7.39900,-32.03000,1.96000,-30.07000,-30.07000,-30.07000,-30.07000,-31.16800,-32.03000,19.56800,19.56800,-1.54000,-1.54000,9.39260,0.00860,0.01080,,,,,,,,,-16.36130,-16.36130,-13.09740,-16.22050,9.38980,-1.43070,-1.45650
2022-12-31,0.00000,0.00000,21.29000,7.61800,-34.56600,19.41500,-15.15100,-15.15100,-15.15100,-15.15100,-34.30300,-34.56600,8.51200,8.51200,-0.69000,-0.69000,9.75820,0.00800,0.01120,,,,,,0.00000,,,-7.15800,-7.15800,-5.82170,-7.10080,10.82300,-3.0813,-3.1581
2022-09-30,,,14.00500,7.12700,-21.13200,0.72200,-20.41000,-20.41000,-20.41000,-20.41000,-20.71100,-21.13200,7.53300,7.53300,-2.71000,-2.71000,8.71550,,0.00250,,,,,,,,,-14.24530,-14.24530,-11.06390,-14.24530,19.01970,-2.7051,-2.7366
2022-06-30,6.16900,6.16900,23.18000,6.85100,-25.38200,0.29000,-25.09200,-25.09200,-25.09200,-25.09200,-24.50500,-25.38200,7.52400,7.52400,-3.33000,-3.33000,7.84780,,0.00250,100.00000,-411.44430,-411.44430,-406.74340,-406.74340,0.02960,,,-15.46650,-15.46650,-12.03480,-15.46650,21.53150,-2.1021,-2.253
2022-03-31,1.92500,1.92500,19.94500,7.35200,-25.37200,0.04400,-25.32800,-25.32800,-25.32800,-25.32800,-24.29200,-25.37200,7.50700,7.50700,-3.37000,-3.37000,9.13390,0.00120,0.00250,100.00000,-1318.02600,-1318.02600,-1315.74000,-1315.74000,0.00930,137.50000,0.65450,-13.65310,-13.65310,-12.20300,-13.63610,24.66080,-3.62200,-3.64650
2021-12-31,3.15400,3.15400,14.59500,7.21100,-18.65200,0.04200,-18.61000,-18.61000,-18.61000,-18.61000,-17.31000,-18.65200,7.11800,7.11800,-2.34270,-2.34270,9.43230,0.00140,0.00250,100.00000,-591.37600,-591.37600,-590.04410,-590.04440,0.01360,28.67270,3.13890,-8.93800,-8.93800,-8.00840,-8.92550,28.30490,-3.3275,-3.4246
2021-09-30,3.53700,3.53700,14.42500,7.14300,-18.03100,0.04800,-17.98300,-17.98300,-17.98300,-17.98300,-16.75200,-18.03100,7.48800,7.48800,-2.40000,-2.40000,10.59400,0.00160,0.00260,100.00000,-509.78230,-509.78230,-508.42520,-508.42520,0.01420,5.95450,15.11450,-8.05100,-8.05100,-7.22250,-8.03830,30.36170,-2.4621,-2.4937
2021-06-30,3.59400,3.59400,15.51300,6.76600,-18.68500,-0.01000,-18.69500,-18.69500,-18.69500,-18.69500,-17.95900,-18.68500,7.49030,7.49030,-2.54870,-2.54870,11.31420,0.00170,0.00270,100.00000,-519.89420,-519.89420,-520.17250,-520.17250,0.01350,12.56640,7.16190,-7.85710,-7.85710,-7.03200,-7.84350,32.34290,-1.547,-1.5924
2021-03-31,3.33500,3.33500,14.20600,6.01500,-16.88600,-0.01400,-16.90000,-16.90000,-16.90000,-16.90000,-16.15200,-16.88600,5.95410,5.95410,-2.84860,-2.84860,12.01520,0.00190,0.00270,100.00000,-506.32690,-506.32690,-506.74670,-506.74660,0.01170,11.91070,7.55620,-6.67980,-6.67980,-5.92400,-6.66750,34.39240,-3.58840,-3.59430
2020-12-31,,,15.72300,5.62400,-21.34700,-0.01600,-21.36300,-21.36300,-21.36300,-21.36300,-20.55100,-21.34700,3.46200,3.46200,-4.66040,-4.66040,6.49110,0.00400,0.00550,,,,,,,,,-16.17360,-16.17360,-12.48070,-16.10950,23.32670,1.6275,1.6283
2020-09-30,,,16.04500,5.18100,-21.22600,-0.02000,-21.24600,-21.24600,-21.24600,-21.24600,-20.46000,-21.22600,3.22130,3.22130,-6.59670,-6.59670,1.83960,0.02540,0.03510,,,,,,,,,-95.56920,-95.56920,-52.43600,-93.14340,7.21750,-4.7956,-4.8198
2020-06-30,,,13.44800,5.52600,-18.97400,-0.01300,-18.98700,-18.98700,-18.98700,-18.98700,-17.63900,-18.97400,3.21250,3.21250,-5.84710,-5.84710,3.30610,0.01530,0.02040,,,,,,,,,-46.63620,-46.63620,-32.75710,-45.92330,13.24980,-4.0482,-4.072
2020-03-31,,,19.66500,5.25000,-26.85900,0.16500,-26.69400,-26.69400,-26.69400,-26.69400,-25.85400,-26.85900,3.20550,3.20550,-8.39580,-8.39580,4.49560,0.01200,0.01550,,,,,,,,,-47.28280,-47.28280,-36.09250,-46.71770,18.37240,-9.13230,-9.34480
2019-12-31,,,27.06600,5.26400,-32.33000,0.46900,-31.86100,-31.86100,-31.86100,-31.86100,-31.55700,-32.33000,2.68730,2.68730,-9.44530,-9.44530,4.72220,0.00910,0.01150,,,,,,,,,-39.80240,-39.80240,-30.79220,-39.44120,26.09640,-9.8508,-10.1926
2019-09-30,,,22.79200,6.92500,-29.71700,0.46200,-29.25500,-29.25500,-29.25500,-29.25500,-28.96400,-29.71700,2.89930,2.89930,-10.04500,-10.04500,6.77560,0.00720,0.00890,,,,,,,,,-26.95690,-26.95690,-22.34470,-26.76410,35.37170,-2.1772,-2.1375
2019-06-30,,,21.61000,5.35900,-26.96900,0.44400,-26.52500,-26.52500,-26.52500,-26.52500,-26.39800,-26.96900,2.32400,2.32400,-11.39430,-11.39430,5.72900,0.01070,0.01310,,,,,,,,,-34.67550,-34.67550,-27.54300,-34.30370,32.39790,-11.2955,-11.784
2019-03-31,,,23.26900,7.03300,-30.30200,0.72000,-29.58200,-29.58200,-29.58200,-29.58200,-29.85400,-30.30200,2.31960,2.31960,-12.74360,-12.74360,6.98510,0.00810,0.01000,,,,,,,,,-29.84670,-29.84670,-24.60370,-29.60390,41.95830,-11.17760,-12.01950
2018-12-31,,,17.76200,4.62400,-22.38600,0.46500,-21.92100,-21.92100,-21.92100,-21.92100,-21.94300,-22.38600,2.21860,2.21860,-9.59520,-9.59520,10.30680,0.00680,0.00820,,,,,,,,,-17.51120,-17.51120,-15.70310,-17.39180,52.96930,-10.4598,-11.2131
2018-09-30,,,14.68000,4.47000,-19.15000,0.13000,-19.02000,-19.02000,-19.02000,-19.02000,-18.62300,-19.15000,2.30380,2.30380,-8.24590,-8.24590,13.95420,,,,,,,,,,,-13.11060,-13.11060,-12.12920,-13.11060,61.38540,-6.5994,-7.5158
2018-06-30,,,13.59400,4.58400,-18.17800,0.19800,-17.98000,-17.98000,-17.98000,-17.98000,-17.90400,-18.17800,2.29780,2.29780,-7.79610,-7.79610,18.95070,,,,,,,,,,,-11.07880,-11.07880,-10.48580,-11.07880,68.64620,-5.8101,-7.1341
2018-03-31,,,11.92900,4.04400,-15.97300,0.09600,-15.87700,-15.87700,-15.87700,-15.87700,-15.74100,-15.97300,1.95800,1.95800,-8.09600,-8.09600,18.57340,,,,,,,,,,,-8.87230,-8.87230,-8.38980,-8.87230,75.62390,-8.77030,-9.28150
2017-12-31,,,11.96000,3.22200,-15.18200,0.68900,-14.49800,-14.49800,-14.48700,-14.48700,-14.95100,-15.18200,0.91050,0.91050,-12.59400,-12.59400,6.26900,,,,,,,,,,,24.44770,24.44780,-19.01360,24.44770,-45.70250,-21.8243,-22.6075
2017-09-30,,,10.61900,3.07700,-13.69600,0.19100,-13.50500,-13.50500,-13.50500,-13.50500,-13.55500,-13.69600,1.14030,1.14030,-11.84410,-11.84410,,,,,,,,,,,,,,,,,-8.2216,-9.6791
2017-06-30,,,8.60700,3.28000,-11.88700,0.57600,-11.31100,-11.31100,-11.31100,-11.31100,-11.76700,-11.88700,1.13660,1.13660,-9.89510,-9.89510,,,,,,,,,,,,,,,,,32.7296,33.697
2017-03-31,,,8.73300,5.38000,-14.11300,0.23800,-13.87500,-13.87500,-13.87500,-0.01400,-13.95500,-14.11300,0.20330,0.20330,-0.14990,-0.14990,,,,,,,,,,,,,,,,,-50.15210,-51.37200
2016-12-31,,,,,,,,,,,,,,,,0.00000,,,,,,,,,,,,,,,,,0,0
2015-12-31,,,,,,,,,,,,,,,,0.00000,,,,,,,,,,,,,,,,,0,0
