Date,revenue,gross-profit,research-development-expenses,selling-general-administrative-expenses,other-operating-income-expenses,operating-income,total-non-operating-income-expense,pre-tax-income,income-after-taxes,income-from-continuous-operations,net-income,ebitda,ebit,basic-shares-outstanding,shares-outstanding,eps-basic-net-earnings-per-share,eps-earnings-per-share-diluted,current-ratio,gross-margin,operating-margin,ebit-margin,pre-tax-profit-margin,net-profit-margin,asset-turnover,receiveable-turnover,days-sales-in-receivables,roe,return-on-tangible-equity,roa,roi,book-value-per-share,operating-cash-flow-per-share,free-cash-flow-per-share
2023-09-30,0.21300,0.21300,4.67200,1.86200,0.01400,-6.30700,0.59600,-5.71100,-5.71100,-5.71100,-5.71100,-6.30700,-6.30700,27.84400,27.84400,-0.21000,-0.21000,10.08920,100.00000,-2961.03300,-2961.03300,-2681.22100,-2681.22100,0.00430,,,-13.24260,-13.24260,-11.45360,-13.24260,1.54810,0.3013,0.3047
2023-06-30,0.59400,0.59400,5.31200,1.80900,,-6.52700,0.55700,-5.97000,-5.97000,-5.97000,-5.97000,-6.52700,-6.52700,27.66000,27.66000,-0.22000,-0.22000,9.10380,100.00000,-1098.82200,-1098.82200,-1005.05000,-1005.05000,0.01080,0.26940,334.09090,-12.36130,-12.36130,-10.83430,-12.36130,1.73690,-0.3013,-0.3047
2023-03-31,0.75800,0.75800,9.38600,1.97700,,-10.60500,0.34200,-10.26300,-10.26300,-10.26300,-10.26300,-10.60500,-10.60500,24.94400,24.94400,-0.41000,-0.41000,10.36940,100.00000,-1399.07600,-1399.07600,-1353.95800,-1353.95800,0.01550,0.13060,689.36680,-23.29220,-23.29220,-20.92650,-23.29220,1.71430,0.00000,
2022-12-31,0.10100,0.10100,4.21800,2.08900,,-6.20600,0.42100,-5.78500,-5.78500,-5.78500,-5.78500,-6.20600,-6.20600,23.12900,23.12900,-0.25000,-0.25000,12.93330,100.00000,-6144.55000,-6144.55000,-5727.71800,-5727.71800,0.00220,0.01290,7002.17100,-13.70430,-13.70430,-12.40670,-13.70430,1.82510,-0.41,-0.4174
2022-09-30,0.26100,0.26100,2.04200,1.84400,,-3.62500,0.21800,-3.40700,-3.40700,-3.40700,-3.40700,-3.62500,-3.62500,23.12900,23.12900,-0.15000,-0.15000,18.31150,100.00000,-1388.88900,-1388.88900,-1305.36400,-1305.36400,0.00510,0.02420,3718.27600,-7.17660,-7.17660,-6.64290,-7.17660,2.05260,0.2829,0.2874
2022-06-30,3.51800,3.51800,2.38000,1.60100,,-0.46300,0.32900,-0.13400,-0.13400,-0.13400,-0.13400,-0.46300,-0.46300,23.12800,23.12800,-0.01000,-0.01000,15.03190,100.00000,-13.16090,-13.16090,-3.80900,-3.80900,0.06400,0.34570,260.32970,-0.26610,-0.26610,-0.24370,-0.26610,2.17700,-0.2829,-0.2874
2022-03-31,0.00300,0.00300,4.04200,1.91100,,-5.95000,0.35300,-5.59700,-5.59700,-5.59700,-5.59700,-5.95000,-5.95000,23.12700,23.12700,-0.24000,-0.24000,11.09240,100.00000,-198333.30000,-198333.30000,-186566.70000,-186566.70000,0.00010,0.00030,,-11.16650,-11.16650,-9.98450,-11.16650,2.16720,0.00000,
2021-12-31,20.80700,20.80700,4.99300,1.82600,-0.03000,13.95800,0.07300,14.03100,14.03100,14.03100,14.03100,13.95800,13.95800,23.06300,23.06300,0.61000,0.62000,4.88430,100.00000,67.08320,67.08320,67.43400,67.43400,0.30070,1.59260,56.51220,25.23830,25.23830,20.27920,25.23830,2.40390,-0.3335,-0.3397
2021-09-30,8.83600,8.83600,5.98900,2.12900,0.55400,1.27200,0.01400,1.28600,1.28600,1.28600,1.28600,1.27200,1.27200,23.09700,23.68300,0.06000,0.05000,5.05310,100.00000,14.39570,14.39570,14.55410,14.55410,0.16730,6.36600,14.13760,3.10310,3.10310,2.43440,3.10310,1.79260,0.4936,0.4959
2021-06-30,0.92800,0.92800,6.93300,2.03700,,-8.04200,0.00900,-8.03300,-8.03300,-8.03300,-8.03300,-8.04200,-8.04200,23.02900,23.02900,-0.35000,-0.35000,8.02520,100.00000,-866.59480,-866.59480,-865.62500,-865.62500,0.02000,0.97070,92.71550,-20.46780,-20.46780,-17.31060,-20.46780,1.70420,-0.4936,-0.4959
2021-03-31,0.70100,0.70100,2.46600,2.45900,,-4.22400,0.16100,-4.06300,-4.06300,-4.06300,-4.06300,-4.22400,-4.22400,23.00300,23.00300,-0.18000,-0.18000,10.82690,100.00000,-602.56770,-602.56770,-579.60060,-579.60060,0.01310,0.99290,90.64190,-8.63400,-8.63400,-7.57880,-8.63400,2.04350,0.00000,
2020-12-31,2.05700,2.05700,5.66500,3.07900,,-6.68700,0.19700,-6.49000,-6.49000,-6.49000,-6.49000,-6.68700,-6.68700,22.57500,22.57500,-0.29000,-0.29000,8.95390,100.00000,-325.08500,-325.08490,-315.50810,-315.50810,0.03480,0.95540,94.20030,-12.76330,-12.76330,-10.97010,-12.76330,2.21070,-1.1181,-1.138
2020-09-30,2.11600,2.11600,7.86700,3.01800,,-8.76900,0.14900,-8.62000,-8.62000,-8.62000,-8.62000,-8.76900,-8.76900,22.99770,22.99770,-0.37000,-0.37000,8.54640,100.00000,-414.41400,-414.41400,-407.37240,-407.37240,0.03190,0.97060,92.72210,-15.08130,-15.08130,-12.99370,-15.08130,2.48510,0.418,0.4336
2020-06-30,1.13300,1.13300,6.45100,2.23300,,-7.55100,0.48100,-7.07000,-7.07000,-7.07000,-7.07000,-7.55100,-7.55100,22.92100,22.92100,-0.31000,-0.31000,9.93880,100.00000,-666.46070,-666.46070,-624.00710,-624.00710,0.01520,0.96750,93.01850,-10.79040,-10.79040,-9.47310,-10.79040,2.84910,-0.418,-0.4336
2020-03-31,3.46500,3.46500,7.93000,2.76100,,-7.22600,0.11600,-7.11000,-7.11000,-7.11000,-7.11000,-7.22600,-7.22600,21.36150,21.36150,-0.33000,-0.33000,9.51340,100.00000,-208.54260,-208.54260,-205.19480,-205.19480,0.04510,0.96410,93.35070,-10.59110,-10.59110,-9.25590,-10.59110,2.98180,0.00000,
2019-12-31,4.02000,4.02000,8.43200,2.46000,,-6.87200,0.30300,-6.56900,-6.60200,-6.60200,-6.60200,-6.87200,-6.87200,19.53460,19.53460,-0.33000,-0.33000,8.57660,100.00000,-170.94530,-170.94530,-163.40790,-164.22880,0.06560,0.97570,92.23880,-12.58360,-12.58360,-10.76980,-12.58360,2.57150,-1.1518,-1.1824
2019-09-30,4.73300,4.73300,9.91300,2.48400,,-7.66400,0.31100,-7.35300,-7.35300,-7.35300,-7.35300,-7.66400,-7.66400,19.78700,19.78700,-0.37000,-0.37000,7.79590,100.00000,-161.92690,-161.92690,-155.35600,-155.35600,0.06970,0.98650,91.23600,-12.55400,-12.55400,-10.83200,-12.55400,2.87300,0.677,0.6919
2019-06-30,7.79300,7.79300,11.44000,1.63800,,-5.28500,0.35900,-4.92600,-4.92600,-4.92600,-4.92600,-5.28500,-5.28500,18.95000,18.95000,-0.26000,-0.26000,7.99760,100.00000,-67.81730,-67.81730,-63.21060,-63.21060,0.12300,0.99580,90.38110,-8.99860,-8.99860,-7.77240,-8.99860,2.88880,-0.677,-0.6919
2019-03-31,6.35800,6.35800,10.79300,1.69400,,-6.12900,0.40100,-5.72800,-5.72800,-5.72800,-5.72800,-6.12900,-6.12900,18.95000,18.95000,-0.30000,-0.30000,8.28750,100.00000,-96.39830,-96.39830,-90.09120,-90.09120,0.09350,1.00060,89.94340,-9.71340,-9.71340,-8.42440,-9.71340,3.11190,0.00000,
2018-12-31,-0.00200,-0.00200,10.60100,1.53000,,-12.13300,0.25700,-12.87600,-12.87600,-12.87600,-11.87600,-12.13300,-12.13300,17.86760,17.86760,-0.65000,-0.65000,,,,,,,,,,,,,,,,
2018-09-30,0.03800,0.03800,7.08300,1.31400,,-8.35900,0.65200,-7.70700,-7.70700,-7.70700,-7.70700,,-8.35900,18.95000,18.95000,-0.40000,-0.40000,,,,,,,,,,,,,,,,
2018-06-30,0.04900,0.04900,5.81700,1.51800,,-7.28600,0.37900,-6.90700,-6.90700,-6.90700,-6.90700,-6.92500,-7.28600,18.95000,18.95000,-0.36000,-0.36000,20.76820,100.00000,-14869.39000,-14869.39000,-14095.92000,-14095.92000,0.00060,,,-8.47010,-8.47010,-7.99840,-8.47010,4.30320,-0.4375,-0.4685
2018-03-31,0.04400,0.04400,4.64500,1.14200,,-5.74300,0.03000,-5.71300,-5.71300,-5.71300,-5.71300,-5.74300,-5.74300,14.52300,14.52300,-0.39000,-0.39000,43.22340,100.00000,-13052.27000,-13052.27000,-12984.09000,-12984.09000,0.00050,,,-6.56360,-6.56360,-6.35200,-6.56440,,0.00000,
2017-12-31,,,,,,,,,,,,,,,,,0.00000,,,,,,,,,,,,,,,0,0
2017-09-30,,,,,,,,,,,,,,,,,0.00000,,,,,,,,,,,,,,,0,0
2017-06-30,,,4.35900,1.84900,,-6.20800,0.00600,-6.20200,-6.20200,-6.20200,-6.20200,-6.20800,-6.20800,6.29000,6.29000,-0.98000,-0.98000,,,,,,,,,,,,,,,0,0
2016-12-31,,,,,,,,,,,,,,,,,0.00000,,,,,,,,,,,,,,,0,0
2015-12-31,,,,,,,,,,,,,,,,,0.00000,,,,,,,,,,,,,,,0,0
