Date,revenue,cost-goods-sold,gross-profit,selling-general-administrative-expenses,other-operating-income-expenses,operating-expenses,operating-income,total-non-operating-income-expense,pre-tax-income,total-provision-income-taxes,income-after-taxes,income-from-continuous-operations,income-from-discontinued-operations,net-income,ebitda,ebit,basic-shares-outstanding,shares-outstanding,eps-basic-net-earnings-per-share,eps-earnings-per-share-diluted,current-ratio,long-term-debt-capital,debt-equity-ratio,gross-margin,operating-margin,ebit-margin,pre-tax-profit-margin,net-profit-margin,asset-turnover,inventory-turnover,receiveable-turnover,days-sales-in-receivables,roe,return-on-tangible-equity,roa,roi,book-value-per-share,operating-cash-flow-per-share,free-cash-flow-per-share
2023-12-31,410.40000,348.20000,62.20000,114.80000,5.30000,109.50000,-47.30000,-66.90000,-114.20000,-33.70000,-80.50000,-80.50000,,-80.50000,-27.20000,-47.30000,56.70000,56.70000,-1.42000,-1.42000,2.20050,1.14920,-7.84510,15.15600,-11.52540,-11.52540,-27.82650,-19.61500,0.11040,0.29770,1.42700,63.07020,20.88740,7.57650,-2.16630,-3.11580,-6.79720,-6.05290,-6.72130
2023-09-30,374.50010,431.50000,-56.99990,108.00000,-251.10000,359.09990,-416.09970,-144.70000,-560.80000,-92.30000,-468.50000,-468.50000,,-468.50000,-393.99970,-416.09990,56.00000,56.00000,-8.35000,-8.33000,1.80660,1.11670,-9.76320,-15.22030,-111.10800,-111.10810,-149.74630,-125.10010,0.10970,0.49020,1.23110,73.10550,175.27120,49.42510,-13.72410,-20.45760,-4.73100,9.5581,9.2159
2023-06-30,1118.70000,912.80000,205.90000,128.50000,-0.10000,128.60000,77.29990,-25.30000,52.00000,8.30000,43.70000,43.70000,,43.70000,99.99990,77.29990,56.20000,56.60000,0.78000,0.77000,1.69360,0.95120,22.84500,18.40530,6.90980,6.90980,4.64830,3.90630,0.25110,1.03150,0.96450,93.31460,32.41840,-6.42740,0.98110,1.58130,2.40290,9.9576,9.5918
2023-03-31,1531.50000,1118.80000,412.70010,186.30000,-20.20000,206.50000,206.20010,-56.40000,149.80000,40.40000,109.40000,109.40000,,109.40000,228.70010,206.20010,56.00000,56.50000,1.95000,1.94000,2.07100,0.95800,25.98840,26.94740,13.46390,13.46390,9.78130,7.14330,0.30700,0.99220,1.05050,85.67480,79.56370,-16.03400,2.19320,3.33990,2.45540,-2.257,-2.6282
2022-12-31,526.60000,430.90000,95.70000,128.50000,-9.00000,137.50000,-41.80010,-52.50000,-94.30000,-29.60000,-64.70000,-64.70000,,-64.70000,-16.60010,-41.80010,55.50000,55.50000,-1.17000,-1.17000,2.46790,0.98170,57.25040,18.17320,-7.93770,-7.93770,-17.90730,-12.28640,0.11610,0.28240,1.07400,83.79610,-108.73940,8.39390,-1.42700,-1.99130,1.06440,-7.77660,-8.30990
2022-09-30,493.60000,564.40020,-70.80020,118.40000,-34.80000,153.19980,-224.00000,-47.70000,-271.70000,-51.60000,-220.09990,-220.10000,,-220.10000,-197.60000,-223.99990,55.50000,55.50000,-3.95000,-3.91000,2.05610,0.95030,20.11170,-14.34360,-45.38090,-45.38090,-55.04460,-44.59080,0.11490,0.42010,1.30310,69.06810,-149.01830,32.06120,-5.12240,-7.40110,2.66130,9.9429,10.6557
2022-06-30,1186.10000,949.50000,236.60000,135.80000,-663.30000,799.10000,-562.50010,-14.20000,-576.70000,-132.80000,-443.90000,-443.90000,,-443.90000,-535.40010,-562.50010,55.40000,55.40000,-8.01000,-8.01000,2.41510,0.88300,8.31760,19.94770,-47.42430,-47.42430,-48.62150,-37.42520,0.23750,0.67460,1.24520,72.27470,-106.17080,95.73000,-8.88920,-12.42130,7.54690,8.1364,7.5459
2022-03-31,1678.40000,1090.00000,588.40000,204.70000,4.20000,200.50000,387.90000,-32.90000,355.00000,78.50000,276.50000,276.50000,,276.50000,414.70000,387.90000,55.50000,56.00000,4.98000,4.94000,2.21340,0.77460,3.90740,35.05720,23.11130,23.11130,21.15110,16.47400,0.27040,0.68380,1.16990,76.92680,28.35900,-53.89860,4.45430,6.39310,17.59930,-6.5931,-6.7878
2021-12-31,566.00000,447.30000,118.70000,154.10000,0.00000,154.10000,-35.40000,-29.30000,-64.70000,-14.70000,-50.00000,-50.00000,,-50.00000,-10.50000,-35.40000,55.40000,55.40000,-0.90000,-0.90000,2.50500,0.78750,3.89960,20.97170,-6.25440,-6.25440,-11.43110,-8.83390,0.10800,0.26990,1.36320,66.02120,-6.01250,7.55740,-0.95380,-1.27750,15.12000,-13.81050,-14.64260
2021-09-30,737.90000,611.79990,126.10020,161.20000,-2.10000,163.30000,-37.19980,-25.90000,-63.10000,-14.30000,-48.80000,-48.80000,0.90000,-47.80000,-13.39980,-37.19980,57.20000,57.20000,-0.86000,-0.84000,1.77480,0.68820,2.26440,17.08900,-5.04130,-5.04130,-8.55130,-6.47780,0.15370,0.54300,1.52650,58.95920,-4.81590,16.18570,-1.01670,-1.50150,18.22480,8.3545,7.8445
2021-06-30,1609.70000,1115.10000,494.59990,194.10000,1.60000,192.50000,302.09990,0.80000,302.90000,73.10000,229.80000,229.80000,-3.90000,225.90000,325.59990,302.09990,55.80000,57.40000,4.05000,3.94000,2.14700,0.65510,1.94730,30.72620,18.76750,18.76750,18.81720,14.03370,0.34830,1.15820,1.52150,59.15390,20.47400,-224.19560,4.97280,7.06120,20.11470,8.6494,8.2345
2021-03-31,1828.80000,1171.30000,657.50000,231.50000,-1.90000,233.40000,424.10000,-19.90000,404.20000,93.10000,311.10000,311.10000,-0.90000,310.00000,447.50000,424.10000,55.70000,57.10000,5.57000,5.43000,1.91000,0.71170,2.69450,35.95250,23.19010,23.19010,22.10190,16.95100,0.37060,1.14920,1.29880,69.29630,33.06410,-111.06750,6.30510,9.53300,16.89230,-4.8896,-5.2242
2020-12-31,748.60000,557.80000,190.80000,156.70000,-0.10000,156.80000,34.00000,-0.90000,33.10000,7.90000,25.20000,25.20000,,24.40000,57.10000,34.00000,55.70000,57.10000,0.44000,0.43000,1.59270,0.74460,3.19260,25.48760,4.54180,4.54180,4.42160,3.25940,0.18710,0.52210,1.50410,59.83570,3.71130,-4.53810,0.62990,0.94780,12.21220,-7.36780,-7.97370
2020-09-30,890.30010,674.40010,215.90000,204.70000,-1.60000,206.30000,9.60000,-3.80000,5.80000,1.70000,4.10000,4.10000,0.10000,3.80000,35.30000,9.60000,55.70000,56.90000,0.06000,0.07000,1.28010,0.67430,2.16460,24.25030,1.07830,1.07830,0.65150,0.42680,0.26340,1.08440,1.79100,50.25160,0.58330,-0.78790,0.12130,0.19000,12.61940,9.0624,8.6943
2020-06-30,1492.70000,966.00000,526.70000,237.70000,-4.50000,242.20000,284.50000,-18.40000,266.10000,61.80000,204.30000,204.30000,-1.00000,202.80000,307.60000,284.50000,55.60000,57.10000,3.65000,3.55000,1.60730,0.60160,1.71570,35.28510,19.05940,19.05940,17.82680,13.58610,0.38500,1.95900,1.30040,69.21080,20.35060,-92.27650,5.26980,8.10750,17.99100,11.5085,11.2994
2020-03-31,1382.80000,832.60000,550.20000,195.60000,-0.90000,196.50000,353.70000,-19.90000,333.80000,84.00000,249.80000,249.80000,2.60000,252.20000,377.20000,353.70000,55.70000,56.40000,4.53000,4.47000,2.08150,0.72680,2.92730,39.78880,25.57850,25.57850,24.13940,18.23840,0.33440,1.12010,1.17940,76.31260,31.43720,-57.33300,6.04010,8.58890,14.31710,-5.0617,-5.1869
2019-12-31,365.80000,311.60000,54.20000,119.80000,3.00000,116.80000,-62.60000,-32.50000,-95.10000,-23.80000,-71.30000,-71.30000,,-71.40000,-40.20000,-62.60000,55.80000,55.80000,-1.28000,-1.28000,2.18600,0.75790,3.27940,14.81680,-17.11320,-17.11320,-25.99780,-19.51890,0.10580,0.35980,1.55000,58.06450,-11.33010,11.62560,-2.06310,-2.74320,11.27780,-5.70250,-6.09500
2019-09-30,497.69990,408.09990,89.60000,138.90000,-4.60000,143.49980,-53.89980,-19.40000,-73.30000,-17.70000,-55.60000,-55.60000,-2.50000,-57.90000,-31.59980,-53.89990,55.50000,56.30000,-1.05000,-1.03000,1.67880,0.67810,2.28370,18.00280,-10.82980,-10.82980,-14.72780,-11.63350,0.16430,0.75530,1.61380,55.76850,-7.68810,10.63100,-1.83580,-2.47470,12.96060,5.4012,5.1907
2019-06-30,1170.30000,746.90000,423.40000,166.40000,1.20000,165.20000,258.20000,-20.80000,237.40000,59.40000,178.00000,178.00000,23.60000,201.70000,280.50000,258.20000,55.50000,56.60000,3.63000,3.56000,1.45480,0.66010,2.39280,36.17880,22.06270,22.06270,20.28540,17.23490,0.33750,1.39950,1.56690,57.43910,22.10630,-31.34910,5.13350,7.51470,14.53430,8.3964,8.2632
2019-03-31,1189.90000,717.80000,472.10000,179.70000,-2.20000,181.90000,290.20000,233.20000,523.40000,126.50000,396.90000,396.90000,-0.50000,396.50000,312.60000,290.20000,55.40000,55.90000,7.16000,7.09000,1.58580,0.76620,3.85280,39.67560,24.38860,24.38860,43.98690,33.32210,0.30070,1.06290,1.15200,78.12510,63.80000,-52.54170,10.03160,14.91430,11.22920,-5.5486,-5.691
2018-12-31,298.10000,263.60000,34.50000,116.30000,-3.10000,119.40000,-84.90000,-21.00000,-105.90000,-23.30000,-82.60000,-82.60000,2.90000,-79.60000,-62.60000,-84.90000,55.30000,55.30000,-1.44000,-1.44000,1.81420,0.89620,9.00990,11.57330,-28.48040,-28.48040,-35.52500,-26.70250,0.09240,0.35360,1.43180,62.85810,-32.62240,7.28840,-2.56110,-3.38610,4.57870,-4.22060,-4.45030
2018-09-30,433.99990,360.20010,73.79990,121.40000,-99.60000,220.99990,-147.20000,-18.70000,-165.90000,-35.30000,-130.60000,-130.60000,-16.30000,-146.90000,-124.60000,-147.20000,56.20000,57.10000,-2.64000,-2.57000,1.44560,0.83970,5.60730,17.00460,-33.91710,-33.91710,-38.22580,-33.84790,0.14210,0.74820,1.39770,64.38940,-36.31810,12.54930,-4.27570,-5.82150,6.50270,6.0586,5.6552
2018-06-30,994.60000,647.00000,347.60000,144.50000,-17.40000,161.90000,185.70000,-19.50000,166.20000,40.70000,125.50000,125.50000,-42.70000,82.90000,206.90000,185.70000,55.40000,56.30000,1.50000,1.47000,1.59820,0.78800,4.31000,34.94870,18.67080,18.67080,16.71020,8.33500,0.27910,1.29270,1.41180,63.74930,23.62130,-12.94480,3.52140,5.00660,9.59030,8.3507,8.2223
2018-03-31,1013.30000,604.10000,409.20000,166.00000,-10.90000,176.90000,232.30000,-30.30000,202.00000,49.30000,152.70000,152.70000,-3.70000,148.90000,252.10000,232.30000,56.50000,57.40000,2.64000,2.59000,1.80920,0.79620,4.58460,40.38290,22.92510,22.92510,19.93490,14.69460,0.28340,1.01210,1.08800,82.71690,30.79250,-20.40080,4.27070,6.27470,8.91910,-4.7566,-4.993
2017-12-31,221.50000,187.50000,34.00000,108.20000,2.30000,105.90000,-71.90000,-14.70000,-86.60000,-66.60000,-20.00000,-20.00000,-1.20000,-21.20000,-52.10000,-71.90000,57.60000,57.60000,-0.37000,-0.37000,2.08640,0.76970,3.51140,15.34990,-32.46050,-32.46050,-39.09710,-9.57110,0.07610,0.26940,1.29840,69.31830,-3.93860,2.70120,-0.68710,-0.90710,8.87760,-3.65450,-3.99130
2017-09-30,376.70010,288.60000,88.10010,114.60000,4.20000,114.29970,-26.19960,-29.80000,-56.00000,-13.70000,-42.30000,-42.30000,8.90000,-33.40000,-5.89960,-26.19960,59.40000,60.20000,-0.56000,-0.54000,1.61930,0.65530,2.11740,23.38730,-6.95500,-6.95500,-14.86590,-8.86650,0.13710,0.70820,1.31440,68.47360,-6.39260,7.99920,-1.53990,-2.20350,11.38900,4.5065,4.0618
2017-06-30,973.40000,590.00000,383.40000,153.40000,6.10000,147.30000,236.10000,-14.60000,221.50000,76.90000,144.60000,144.60000,7.30000,151.90000,256.00000,236.10000,59.20000,60.00000,2.57000,2.53000,1.75320,0.65500,2.28790,39.38770,24.25520,24.25520,22.75530,15.60510,0.29480,1.42790,1.49780,60.08940,19.46160,-35.16540,4.37900,6.71370,12.67920,9.596,9.4414
2017-03-31,1084.60000,620.30000,464.30000,178.80000,0.80000,179.00000,285.30000,-45.60000,239.70000,85.60000,154.10000,154.10000,11.10000,165.10000,305.10000,285.30000,59.80000,60.60000,2.76000,2.73000,2.63940,0.74710,3.00120,42.80840,26.30460,26.30460,22.10030,15.22220,0.28600,1.03990,1.10870,81.17920,22.28810,-35.34400,4.06380,5.63580,11.60070,-4.5785,-4.7743
2016-12-31,207.40000,170.60000,36.80000,104.10000,5.50000,98.60000,-61.80000,-28.50000,-90.30000,-32.20000,-58.10000,-58.10000,-6.80000,-65.30000,-41.70000,-61.80000,60.10000,60.10000,-1.09000,-1.09000,2.53000,0.73570,2.85360,17.74350,-29.79750,-29.79750,-43.53910,-31.48510,0.06890,0.24870,1.18040,76.24400,-9.81090,10.77520,-1.92880,-2.59340,9.88650,-3.49080,-3.75710
2016-09-30,72.40000,67.80000,4.60000,51.90000,6.50000,45.39990,-40.79990,0.70000,-40.10000,-12.70000,-27.40000,-27.40000,0.50000,-26.60000,-21.59990,-40.79990,61.10000,62.00000,-0.43000,-0.41000,1.46080,0.58400,1.65590,6.35370,-56.35340,-56.35340,-55.38670,-36.74040,0.02630,0.17180,0.24000,375.04130,-3.73140,8.36390,-0.99430,-1.55220,12.17750,4.4024,4.0387
2016-06-30,994.10000,636.70000,357.40000,151.90000,11.40000,140.50000,216.90000,-20.40000,196.50000,69.50000,127.00000,127.00000,85.70000,213.10000,234.40000,216.90000,61.10000,61.90000,3.49000,3.44000,1.49420,0.57460,1.81040,35.95210,21.81870,21.81870,19.76660,21.43650,0.30550,1.35500,1.25080,71.95660,15.26080,-48.03330,3.90350,6.49180,13.68750,9.6264,9.4775
2016-03-31,1245.20000,723.60000,521.60000,200.90000,48.50000,152.40000,369.20000,-19.10000,350.10000,124.30000,225.80000,225.80000,-16.00000,210.10000,387.90000,369.20000,61.40000,62.20000,3.42000,3.38000,2.24040,0.71880,2.85130,41.88890,29.64990,29.64990,28.11600,16.87280,0.33840,1.16790,1.07060,84.06600,32.82450,-92.61700,6.13700,9.22990,11.24020,-4.5876,-4.7164
2015-12-31,194.50000,177.80000,16.70000,113.30000,-1.10000,114.40000,-97.70000,-25.10000,-122.80000,-43.50000,-79.30000,-79.30000,-1.50000,-81.30000,-79.60000,-97.70000,61.50000,61.50000,-1.32000,-1.32000,2.92080,0.73930,2.88820,8.58610,-50.23140,-50.23140,-63.13630,-41.79950,0.07150,0.23720,1.00830,89.25960,-15.05600,19.45540,-2.91450,-3.92500,8.56420,-5.50570,-5.76590
2015-09-30,-28.20000,0.90010,-29.10010,17.70000,-16.40000,34.10010,-63.20020,-9.80000,-73.00000,-22.00000,-51.00000,-51.00000,26.40000,-23.60000,-44.70020,-63.20010,61.10000,62.20000,-0.38000,-0.35000,1.80920,0.61820,1.82850,103.19150,224.11400,224.11380,258.86530,83.68790,-0.01120,0.00230,-0.09080,-991.27660,-8.05560,16.67760,-2.01800,-3.07580,10.31110,3.5811,3.2537
2015-06-30,1111.30000,725.50000,385.80000,155.30000,-39.10000,194.40000,191.40010,-14.30000,177.10000,62.00000,115.10000,115.10000,17.90000,133.40000,209.90010,191.40010,61.30000,62.30000,2.18000,2.14000,1.19560,0.51450,1.51270,34.71610,17.22310,17.22310,15.93630,12.00400,0.36820,1.81470,1.41910,63.42030,16.59940,-45.98490,3.81370,8.05850,11.31160,10.8345,10.6254
2015-03-31,1071.80000,647.00000,424.80000,188.90000,-4.30000,193.20000,231.60000,-15.00000,216.60000,78.00000,138.60000,138.60000,-14.30000,124.60000,247.40000,231.60000,60.90000,62.10000,2.05000,2.01000,2.05490,0.67940,2.67200,39.63430,21.60850,21.60850,20.20900,11.62530,0.35610,1.10770,1.02540,87.77480,24.32010,286.95550,4.60500,7.79790,9.32730,-6.0547,-6.1833
2014-12-31,216.20000,186.90000,29.30000,126.90000,-8.40000,135.30000,-106.00000,-9.70000,-115.70000,-41.70000,-74.00000,-74.00000,,-74.60000,-89.80000,-106.00000,60.80000,60.80000,-1.23000,-1.23000,2.66860,0.71090,2.53830,13.55230,-49.02870,-49.02870,-53.51530,-34.50510,0.09540,0.27370,1.16610,77.17850,-16.05560,34.85630,-3.26680,-4.64180,7.59310,-4.39140,-4.62990
2014-09-30,191.30000,192.20000,-0.89990,41.60000,-2.10000,43.69980,-44.59980,-8.60000,-53.20000,-18.00000,-35.20000,-35.20000,19.60000,-15.30000,-28.19980,-44.59980,61.60000,62.70000,-0.26000,-0.24000,1.71650,0.54970,1.38280,-0.47050,-23.31410,-23.31410,-27.80970,-7.99790,0.09290,0.49910,0.56650,158.87610,-6.20590,40.74080,-1.71010,-2.79450,9.34430,3.2924,3.0489
2014-06-30,1116.40000,693.10000,423.30000,189.00000,-33.40000,222.40000,200.90000,-12.80000,188.10000,67.40000,120.70000,120.70000,1.00000,121.70000,216.80000,200.90000,61.30000,62.40000,1.99000,1.95000,1.55330,0.45430,1.09800,37.91650,17.99530,17.99530,16.84880,10.90110,0.44540,1.78730,1.48830,60.47030,15.98250,85.84640,4.81570,8.72170,12.33990,10.3208,10.0688
2014-03-31,1081.00000,647.20000,433.80000,212.20000,-4.50000,216.70000,217.10000,-22.70000,194.40000,68.70000,125.70000,125.70000,,125.70000,233.10000,217.10000,61.90000,62.90000,2.03000,2.00000,1.90320,0.62890,2.10730,40.12950,20.08330,20.08330,17.98340,11.62810,0.35200,1.18490,0.99280,90.64940,18.60290,525.94230,4.09290,6.90280,10.98700,-6.8693,-7.0131
2013-12-31,189.60000,155.70000,33.90000,124.30000,0.70000,123.60000,-89.70000,-13.90000,-103.60000,-37.90000,-65.70000,-65.70000,0.10000,-65.60000,-73.60000,-89.70000,62.10000,62.10000,-1.06000,-1.06000,1.56530,0.51220,1.41960,17.87980,-47.31010,-47.31010,-54.64140,-34.59920,0.08780,0.25710,1.13190,79.50950,-10.57460,194.95500,-3.04250,-5.15860,9.98870,-2.90180,-3.60060
2013-09-30,422.90000,293.30000,129.60000,139.20000,-8.90000,148.10030,-18.50030,-11.30000,-29.80000,-10.70000,-19.10000,-19.10000,-0.30000,-19.40000,-1.50030,-18.50030,61.70000,62.60000,-0.31000,-0.30000,1.72810,0.40220,0.80300,30.64560,-4.37460,-4.37460,-7.04660,-4.58740,0.21830,0.90270,1.34980,66.67530,-2.68820,-17.20720,-0.98600,-1.60690,11.45970,3.1774,2.901
2013-06-30,1137.10000,696.80000,440.30000,189.20000,-2.10000,191.30000,249.00000,-16.80000,232.20000,84.50000,147.70000,147.70000,0.50000,148.20000,265.30000,249.00000,61.70000,62.60000,2.40000,2.37000,1.54600,0.42490,0.96200,38.72130,21.89780,21.89780,20.42040,13.03320,0.48140,1.80610,1.66660,54.00320,19.91100,114.49610,6.25240,11.45050,12.00320,11.0247,10.9514
2013-03-31,1007.90000,630.70000,377.20010,206.70000,1.40000,205.29990,171.90010,-17.90000,154.00000,54.90000,99.10000,99.10000,0.90000,100.00000,188.40010,171.90010,61.60000,62.40000,1.62000,1.60000,2.06790,0.65710,2.25900,37.42440,17.05530,17.05530,15.27930,9.92160,0.34790,1.02890,1.04270,86.31210,16.32890,-1457.32900,3.42090,5.59920,9.83630,-5.9929,-6.1402
2012-12-31,205.80000,174.70000,31.10000,124.50000,1.50000,123.00000,-91.90000,-13.20000,-105.10000,-36.80000,-68.30000,-68.30000,0.60000,-67.70000,-75.60000,-91.90000,61.40000,61.40000,-1.10000,-1.10000,2.80790,0.65650,1.91940,15.11180,-44.65500,-44.65500,-51.06900,-32.89600,0.09670,0.27010,1.22210,73.64430,-13.29310,65.73640,-3.20940,-4.56640,9.37590,-2.74590,-3.15150
2012-09-30,345.59990,245.30000,100.30000,146.30000,6.40000,147.40010,-47.10020,-12.00000,-59.10000,-20.90000,-38.20000,-38.20000,-1.90000,-40.10000,-31.60020,-47.10020,61.00000,62.10000,-0.66000,-0.63000,2.30630,0.56480,1.30020,29.02200,-13.62850,-13.62850,-17.10070,-11.60300,0.16660,0.59120,1.04440,86.17190,-6.34660,261.64210,-1.84150,-2.76210,9.81890,0.6197,0.1324
2012-06-30,1054.90000,685.90000,369.00000,197.60000,-1.60000,198.80000,170.20010,-16.60000,153.60000,57.20000,96.40000,96.40000,-3.10000,93.30000,186.80010,170.20010,61.10000,62.20000,1.53000,1.50000,1.66140,0.50240,1.14420,34.97960,16.13420,16.13420,14.56060,8.84440,0.44250,1.46150,1.71840,52.37560,14.30270,171.53000,4.04350,7.11750,11.01310,11.857,11.6444
2012-03-31,1170.40000,708.70000,461.70000,236.90000,-7.70000,244.60000,217.10000,-17.90000,199.20000,72.70000,126.50000,126.50000,0.70000,127.20000,231.80000,217.10000,60.90000,62.00000,2.09000,2.05000,2.00180,0.67790,2.49110,39.44810,18.54920,18.54920,17.01980,10.86810,0.38130,1.17800,1.03280,87.13940,21.45160,-405.44780,4.12090,6.90920,9.65140,-6.7044,-6.8415
2011-12-31,199.60000,174.00000,25.60000,122.50000,-2.10000,124.60000,-99.00000,-15.30000,-114.30000,-41.20000,-73.10000,-73.10000,-0.80000,-73.90000,-83.40000,-99.00000,60.90000,60.90000,-1.21000,-1.21000,2.47650,0.68850,2.22790,12.82570,-49.59920,-49.59920,-57.26450,-37.02410,0.09220,0.26570,1.10400,81.52300,-15.74750,45.37560,-3.37750,-4.90510,7.63490,-3.30210,-3.57140
2011-09-30,381.20000,283.90010,97.30000,134.50000,-31.50000,166.00000,-68.70010,-13.70000,-82.40000,-28.70000,-53.70000,-53.70000,0.30000,-53.40000,-53.00010,-68.70020,64.70000,66.20000,-0.81000,-0.76000,2.11800,0.58580,1.42020,25.52470,-18.02210,-18.02210,-21.61600,-14.00840,0.18580,0.73360,1.17840,76.37720,-9.59270,77.93900,-2.61670,-3.97310,9.20720,2.0483,1.7552
2011-06-30,1058.70000,658.60000,400.10000,192.40000,-15.30000,207.70000,192.40000,-15.20000,177.20000,65.50000,111.70000,111.70000,-0.10000,111.60000,208.40000,192.40000,64.50000,66.20000,1.73000,1.69000,1.91410,0.50450,1.02070,37.79160,18.17320,18.17320,16.73750,10.54120,0.41890,1.48940,1.52570,58.98840,14.53860,94.18220,4.41990,7.20460,12.06120,8.731,8.5842
2011-03-31,1129.60000,666.90000,462.70000,216.20000,-0.90000,217.10000,245.60000,-13.80000,231.80000,83.20000,148.60000,148.60000,29.00000,177.60000,260.90000,245.60000,65.80000,67.60000,2.70000,2.63000,1.21510,0.34530,1.49710,40.96140,21.74220,21.74220,20.52050,15.72240,0.36740,1.19920,0.98890,91.01190,18.84350,107.60310,4.83310,12.33610,12.00300,-6.3753,-6.6068
2010-12-31,230.20000,181.10000,49.10000,143.20000,-0.40000,143.60000,-94.50000,-9.50000,-104.00000,-37.30000,-66.70000,-66.70000,-1.20000,-67.90000,-79.80000,-94.50000,66.30000,66.30000,-1.02000,-1.02000,1.79260,0.50320,1.26130,21.32930,-41.05130,-41.05130,-45.17810,-29.49610,0.10210,0.31940,1.07970,83.35360,-9.82910,-144.68550,-2.95760,-4.88290,10.20450,-2.55960,-2.98340
2010-09-30,397.30010,261.30020,135.99990,148.30000,-21.10000,169.40000,-33.40010,-8.20000,-41.60000,-15.70000,-25.90000,-25.90000,-6.70000,-32.60000,-18.60010,-33.40010,66.30000,67.60000,-0.48000,-0.45000,1.51750,0.36360,0.82630,34.23110,-8.40680,-8.40680,-10.47070,-8.20540,0.18360,0.74040,1.13220,79.48900,-3.38780,-20.15560,-1.19690,-2.15620,11.44460,2.0768,1.5486
2010-06-30,1172.60000,690.80000,481.80000,201.30000,-0.40000,201.70000,280.10000,-11.20000,268.90000,99.40000,169.50000,169.50000,6.40000,175.90000,294.90000,280.10000,66.50000,67.90000,2.65000,2.59000,1.48610,0.37000,0.82680,41.08820,23.88710,23.88710,22.93200,15.00090,0.46470,1.70190,1.87170,48.08550,20.30430,93.18310,6.71770,12.79250,12.47830,11.3716,11.2407
2010-03-31,1050.70000,635.70000,415.00000,216.70000,-1.60000,218.29990,196.70000,-14.10000,182.60000,68.40000,114.20000,114.20000,4.30000,118.50000,211.40000,196.70000,66.20000,67.40000,1.79000,1.76000,1.96890,0.63180,2.07850,39.49750,18.72090,18.72090,17.37890,11.27820,0.34430,1.19580,1.05420,85.37450,16.95120,793.04410,3.74230,6.24150,10.07030,-6.3899,-6.6658
2009-12-31,252.40000,199.60000,52.80000,126.30000,4.50000,121.80000,-69.00000,-9.70000,-78.70000,-28.60000,-50.10000,-50.10000,-7.60000,-57.70000,-53.90000,-69.00000,65.90000,65.90000,-0.88000,-0.88000,1.67560,0.59730,1.79290,20.91920,-27.33760,-27.33760,-31.18070,-22.86050,0.11040,0.33970,1.17610,76.52140,-9.30360,39.41780,-2.19160,-3.74640,8.08560,-2.68130,-2.61760
2009-09-30,288.19990,219.79990,68.40000,133.50000,-4.90000,138.39990,-70.00000,-6.50000,-76.50000,-27.20000,-49.30000,-49.30000,34.40000,-14.90000,-54.10000,-70.00000,65.00000,66.10000,-0.22000,-0.22000,1.44150,0.52640,1.38600,23.73350,-24.28870,-24.28870,-26.54410,-5.17000,0.12980,0.47900,0.71820,125.31930,-8.43460,31.82700,-2.22060,-3.99450,8.82930,3.95,3.2738
2009-06-30,1231.40000,755.70000,475.70000,223.00000,-2.70000,225.70000,250.00000,-13.70000,236.30000,85.60000,150.70000,150.70000,-2.90000,147.80000,264.90000,250.00000,65.00000,66.10000,2.27000,2.24000,1.68360,0.61650,1.86150,38.63080,20.30210,20.30210,19.18950,12.00260,0.45450,1.38050,1.58070,56.93520,25.03320,-109.52040,5.56250,9.60060,9.16290,9.4588,9.345
2009-03-31,940.70000,584.40000,356.30000,204.00000,-5.90000,209.90000,146.40000,-15.90000,130.50000,46.40000,84.10000,84.10000,-6.70000,77.40000,161.20000,146.40000,64.90000,65.80000,1.19000,1.18000,1.66580,0.72520,3.51320,37.87610,15.56290,15.56290,13.87270,8.22790,0.31700,0.87540,0.93290,96.47710,18.55690,-30.43790,2.83370,5.09880,6.90850,-9.4058,-9.6839
