Date,revenue,cost-goods-sold,gross-profit,selling-general-administrative-expenses,other-operating-income-expenses,operating-expenses,operating-income,total-non-operating-income-expense,pre-tax-income,total-provision-income-taxes,income-after-taxes,income-from-continuous-operations,net-income,ebitda,ebit,basic-shares-outstanding,shares-outstanding,eps-basic-net-earnings-per-share,eps-earnings-per-share-diluted,current-ratio,long-term-debt-capital,debt-equity-ratio,gross-margin,operating-margin,ebit-margin,pre-tax-profit-margin,net-profit-margin,asset-turnover,inventory-turnover,receiveable-turnover,days-sales-in-receivables,roe,return-on-tangible-equity,roa,roi,book-value-per-share,operating-cash-flow-per-share,free-cash-flow-per-share
2024-03-31,1182.30000,585.60000,596.70010,325.80000,68.30000,257.50000,339.20010,5.60000,344.80000,75.20000,269.60000,269.60000,263.50000,363.70010,339.20010,52.80000,53.70000,4.99000,4.91000,3.81540,0.18670,0.23240,50.46940,28.68990,28.68990,29.16350,22.28710,0.15420,0.60340,1.25230,71.86760,5.22150,7.06810,3.51650,4.24690,97.94190,6.49350,6.10800
2023-12-31,1196.60000,619.00010,577.60000,319.70000,67.90000,251.80010,325.79990,5.00000,330.80000,69.50000,261.30000,261.30000,255.30000,350.79990,325.80000,52.90000,53.90000,4.84000,4.76000,3.87850,0.18870,0.23560,48.27010,27.22710,27.22710,27.64500,21.33550,0.15860,0.61540,1.31190,68.60190,5.13020,7.01080,3.46330,4.16220,96.65080,5.5083,5.1391
2023-09-30,1159.30000,581.10000,578.20010,333.00000,69.40000,263.60000,314.60010,5.60000,320.20000,71.10000,249.10000,249.10000,243.10000,339.20010,314.60010,52.80000,53.90000,4.60000,4.51000,3.67150,0.19620,0.24770,49.87490,27.13710,27.13710,27.62010,20.96960,0.15870,0.56260,1.29330,69.59030,5.13350,7.01000,3.41030,4.12640,91.93630,5.3147,4.8566
2023-06-30,1191.30000,587.60000,603.70010,326.70000,66.90000,259.80000,343.90010,4.20000,348.10000,78.20000,269.90000,269.90000,264.00000,368.70010,343.90010,53.00000,54.00000,4.98000,4.89000,3.67180,0.19860,0.25150,50.67570,28.86760,28.86760,29.22020,22.16070,0.16480,0.56170,1.33610,67.35840,5.64730,7.79790,3.73290,4.52590,90.34940,5.0158,4.5466
2023-03-31,1183.00000,593.40000,589.60000,329.80000,66.30000,263.50000,326.10000,2.80000,328.90000,74.60000,254.30000,254.30000,248.70000,351.00000,326.10000,53.00000,54.10000,4.69000,4.60000,3.48470,0.20360,0.25950,49.83940,27.56550,27.56550,27.80220,21.02280,0.16600,0.56560,1.33190,67.57230,5.48960,7.68630,3.56880,4.37210,87.51940,5.57490,5.15900
2022-12-31,1155.90000,595.20000,560.69970,312.70000,63.90000,248.80010,311.89960,-0.20000,311.70000,67.20000,244.49990,244.49990,238.90010,336.59960,311.89970,53.20000,54.20000,4.52000,4.41000,3.46740,0.20810,0.26670,48.50770,26.98330,26.98330,26.96600,20.66790,0.16580,0.57610,1.32620,67.86400,5.42910,7.68240,3.50650,4.29910,84.96690,3.8698,3.4659
2022-09-30,1102.50000,569.90000,532.60000,309.10000,66.40000,242.70000,289.90000,1.30000,291.20000,61.70000,229.50000,229.50000,223.90000,314.30000,289.90000,53.20000,54.10000,4.21000,4.14000,3.29100,0.21430,0.27680,48.30840,26.29480,26.29480,26.41270,20.30840,0.16130,0.59670,1.29430,69.53470,5.28860,7.50590,3.35750,4.15530,81.64010,2.4125,2.0452
2022-06-30,1136.60000,583.10000,553.50000,306.90000,65.30000,241.60000,311.90000,-2.40000,309.50000,72.30000,237.20000,237.20000,231.50000,337.30000,311.90000,53.30000,54.20000,4.34000,4.27000,3.27620,0.21400,0.27660,48.69790,27.44150,27.44150,27.23030,20.36780,0.16560,0.65270,1.37370,65.51650,5.45690,7.86130,3.45560,4.28920,81.60250,2.6044,2.2182
2022-03-31,1097.80000,563.50000,534.30000,311.20000,70.40000,240.80000,293.50010,-3.30000,290.20000,67.50000,222.70000,222.70000,217.40000,319.20010,293.50010,53.40000,54.30000,4.07000,4.00000,3.15980,0.21500,0.27840,48.67010,26.73530,26.73530,26.43470,19.80320,0.15920,0.65210,1.31730,68.32390,5.15440,7.55610,3.22980,4.04630,80.95410,3.57090,3.26890
2021-12-31,1108.30000,574.89990,533.40000,301.20000,67.20000,234.00010,299.39990,-6.20000,293.20000,64.10000,229.10000,229.10000,223.70000,329.09990,299.40010,53.90000,55.00000,4.17000,4.09000,3.10870,0.21960,0.28550,48.12780,27.01430,27.01440,26.45490,20.18410,0.16400,0.71520,1.39810,64.37160,5.44980,8.22440,3.38920,4.25310,78.67860,4.0244,3.7389
2021-09-30,1037.70000,517.00000,520.70000,319.40000,70.60000,248.80000,271.89990,-9.50000,262.40000,60.90000,201.50000,201.50000,196.20000,296.79990,271.89990,53.80000,54.90000,3.65000,3.57000,3.03590,0.22520,0.29490,50.17830,26.20220,26.20220,25.28670,18.90720,0.15770,0.65480,1.34590,66.86900,4.95170,7.60750,3.06190,3.83660,75.74310,3.4687,3.1725
2021-06-30,1081.40000,538.30000,543.10000,326.00000,68.90000,257.10000,286.00010,-10.90000,275.10000,62.90000,212.20000,213.20000,208.00000,311.50010,286.00010,54.00000,55.30000,3.85000,3.76000,2.57730,0.22710,0.36040,50.22190,26.44720,26.44720,25.43930,19.23430,0.15920,0.70750,1.44320,62.36080,5.29620,8.22310,3.13920,4.09370,74.58640,4.2865,3.9822
2021-03-31,1024.60000,511.00000,513.60000,312.70000,65.30000,247.40000,266.20000,-10.00000,256.20000,59.10000,197.10000,197.60000,192.60000,290.90000,266.20000,54.20000,55.10000,3.55000,3.50000,2.47350,0.23270,0.37220,50.12690,25.98090,25.98090,25.00490,18.79760,0.15350,0.69990,1.35030,66.65240,5.06940,7.96290,2.96100,3.88960,72.12190,5.79490,5.44460
2020-12-31,1074.40000,558.20010,516.19980,299.99990,68.50000,231.49970,284.70010,-13.00000,271.70000,58.20000,213.50000,213.80000,208.90000,309.90010,284.70010,54.30000,54.80000,3.86000,3.82000,2.64660,0.23510,0.37710,48.04540,26.49850,26.49850,25.28850,19.44340,0.16380,0.74780,1.42640,63.09380,5.55820,8.21230,3.26050,4.25160,71.09900,5.7956,5.3194
2020-09-30,941.60000,472.10000,469.50000,283.80000,65.60000,218.20000,251.29990,-11.00000,240.30000,55.10000,185.20000,184.70000,179.70000,275.19990,251.29990,54.30000,54.80000,3.31000,3.28000,2.63040,0.24510,0.39820,49.86190,26.68860,26.68860,25.52040,19.08450,0.15020,0.61760,1.28600,69.98510,5.07310,7.50600,2.94690,3.82990,67.16100,4.0876,3.9124
2020-06-30,724.30000,383.10000,341.20000,250.10000,57.60000,192.50000,148.70000,-11.40000,137.30000,31.90000,105.40000,105.90000,101.20000,172.50000,148.70000,54.40000,54.80000,1.86000,1.85000,3.34270,0.29050,0.41290,47.10760,20.53020,20.53020,18.95620,13.97210,0.11850,0.48860,1.09540,82.15930,3.01830,4.51970,1.73220,2.14140,64.41940,4.6419,4.4418
2020-03-31,852.20000,430.60000,421.60000,282.70000,56.90000,225.80000,195.80000,-9.90000,185.90000,43.90000,142.00000,142.00000,137.20000,219.60000,195.80000,54.50000,55.00000,2.52000,2.49000,2.49820,0.22040,0.33050,49.47200,22.97580,22.97580,21.81410,16.09950,0.15320,0.56850,1.17160,76.82000,4.23450,6.39380,2.55200,3.30110,61.71260,3.88000,3.56730
2019-12-31,955.19990,504.70000,450.49980,279.09990,62.20000,216.90000,233.59990,-9.70000,223.90000,48.90000,174.99990,175.00000,170.60000,257.49990,233.59990,55.10000,55.90000,3.12000,3.07000,2.51210,0.21630,0.33510,47.16290,24.45560,24.45560,23.44010,17.86010,0.16780,0.66370,1.20110,74.93410,5.10090,7.69870,3.07370,3.99750,62.77770,3.4881,3.1317
2019-09-30,901.80000,453.70000,448.10000,280.40000,61.00000,219.40000,228.70000,-9.20000,219.50000,50.40000,169.10000,169.20000,164.60000,251.60000,228.70000,55.00000,55.70000,2.99000,2.96000,2.37140,0.22180,0.35480,49.68950,25.36040,25.36040,24.34020,18.25240,0.16110,0.60210,1.14510,78.59280,5.08840,7.76180,3.02340,3.96000,60.62790,2.387,1.8492
2019-06-30,951.30000,477.50000,473.80000,283.90000,60.60000,223.30000,250.49990,-10.30000,240.20000,55.60000,184.60000,184.90000,180.40000,273.49990,250.49990,55.20000,56.00000,3.27000,3.22000,2.47810,0.22270,0.33730,49.80550,26.33240,26.33240,25.24970,18.96350,0.17150,0.65790,1.22650,73.37750,5.58830,8.50580,3.33430,4.34380,59.92940,2.6174,2.1191
2019-03-31,921.70000,450.10000,471.60000,284.20000,62.10000,222.10010,249.49990,-11.00000,238.50000,56.90000,181.60000,182.10000,177.90000,272.09990,249.49990,55.50000,56.30000,3.21000,3.16000,2.42020,0.22730,0.33850,51.16630,27.06950,27.06950,25.87610,19.30130,0.16790,0.63660,1.19980,75.01140,5.65910,8.72800,3.31640,4.37270,58.07990,3.57550,3.22020
2018-12-31,952.50010,495.10000,457.40010,275.30000,56.10000,219.20000,238.20010,-9.40000,228.80000,49.50000,179.30000,179.30000,175.00000,261.10020,238.20010,56.30000,57.30000,3.14000,3.08000,2.32870,0.23270,0.36310,48.02100,25.00790,25.00790,24.02100,18.37270,0.17730,0.73480,1.20430,74.73070,5.74940,9.03960,3.33700,4.41130,56.07880,3.7679,3.384
2018-09-30,898.10000,444.20000,453.90000,280.80000,59.30000,221.50000,232.40000,-13.40000,219.00000,51.50000,167.50000,167.40000,163.20000,255.60000,232.40000,56.30000,57.30000,2.90000,2.85000,2.31460,0.22880,0.34840,50.54000,25.87690,25.87690,24.38480,18.17170,0.16770,0.64320,1.14510,78.59590,5.25740,8.23660,3.12620,4.05430,56.68180,2.2653,1.7399
2018-06-30,954.60000,467.50000,487.10000,294.00000,57.80000,236.20000,250.90000,-12.60000,238.30000,55.80000,182.50000,182.70000,178.70000,274.90000,250.90000,56.40000,57.30000,3.17000,3.12000,2.32510,0.23300,0.34480,51.02660,26.28330,26.28330,24.96330,18.71990,0.18110,0.69950,1.26490,71.15340,5.87160,9.32290,3.46550,4.50330,55.16920,3.2968,2.9364
2018-03-31,935.50000,463.90000,471.60000,293.90000,56.90000,237.00000,234.60000,-10.80000,223.80000,57.60000,166.20000,166.80000,163.00000,258.60000,234.60000,56.70000,57.80000,2.87000,2.82000,2.27870,0.23370,0.35180,50.41150,25.07750,25.07750,23.92300,17.42380,0.17590,0.68340,1.21050,74.34740,5.37670,8.73660,3.13680,4.11990,54.81580,4.01210,3.70760
2017-12-31,974.59990,509.00000,465.59990,307.60010,54.40000,253.20010,212.39980,-15.40000,197.00000,63.80000,133.20000,133.20000,129.50000,236.19980,212.39990,57.40000,58.60000,2.29000,2.24000,1.77600,0.20230,0.39930,47.77350,21.79350,21.79360,20.21340,13.28750,0.18570,0.79680,1.26180,71.32770,4.48140,7.42270,2.53760,3.57500,52.43080,3.2656,2.8507
2017-09-30,903.80000,455.00000,448.80000,296.10000,56.00000,240.10000,208.70000,-14.80000,193.90000,57.20000,136.70000,137.10000,133.40000,232.20000,208.70000,57.20000,58.30000,2.33000,2.29000,1.75490,0.20430,0.41100,49.65700,23.09140,23.09140,21.45390,14.75990,0.17190,0.70010,1.16620,77.17420,4.66330,7.80000,2.60830,3.71040,51.57260,1.7031,1.312
2017-06-30,921.40000,458.20000,463.20000,279.50000,54.60000,224.90000,238.30000,-14.90000,223.40000,67.30000,156.10000,156.80000,153.20000,261.10000,238.30000,57.80000,59.00000,2.65000,2.60000,1.89430,0.20820,0.38490,50.27130,25.86280,25.86280,24.24570,16.62690,0.18180,0.76190,1.26620,71.07990,5.45770,9.12950,3.09450,4.32120,49.89230,2.1708,1.8998
2017-03-31,887.10000,438.80000,448.30000,278.10000,52.50000,225.60000,222.70000,-15.10000,207.60000,62.60000,145.00000,145.10000,141.60000,245.80000,222.70000,57.90000,59.30000,2.45000,2.39000,2.03200,0.21450,0.36970,50.53550,25.10430,25.10430,23.40210,15.96210,0.18190,0.78810,1.28080,70.26720,5.24620,8.71160,2.97470,4.12080,47.72820,3.24450,2.94770
2016-12-31,889.79970,445.10000,444.69970,261.70000,51.60000,210.10000,234.59970,-20.30000,214.30000,64.90000,149.40000,149.70000,146.30000,256.29970,234.59990,58.10000,59.40000,2.51000,2.46000,1.90400,0.21200,0.38330,49.97760,26.36550,26.36550,24.08410,16.44190,0.18840,0.83900,1.29540,69.47740,5.68080,9.62640,3.16950,4.47670,45.47370,2.6903,2.3988
2016-09-30,834.10000,415.00000,419.10000,261.50000,50.60000,210.90000,208.20000,-13.90000,194.30000,59.60000,134.70000,135.20000,131.70000,229.39990,208.20000,58.00000,59.30000,2.27000,2.22000,2.17240,0.20970,0.33330,50.24580,24.96100,24.96100,23.29460,15.78950,0.18130,0.79260,1.22340,73.56670,5.02860,7.88430,2.93910,3.97410,46.33520,1.8956,1.6247
2016-06-30,872.30000,441.00000,431.30000,264.90000,49.50000,215.40000,215.90000,-11.70000,204.20000,62.20000,142.00000,143.40000,140.10000,237.60000,215.90000,58.10000,59.40000,2.41000,2.36000,2.17140,0.21560,0.34190,49.44400,24.75070,24.75070,23.40940,16.06100,0.19360,0.86970,1.35810,66.26960,5.51200,8.82900,3.18310,4.32340,44.79260,2.733,2.4058
2016-03-31,834.20000,418.90000,415.30000,259.90000,47.00000,212.90000,202.40000,-13.80000,188.60000,57.60000,131.00000,131.30000,128.30000,223.40000,202.40000,58.10000,59.50000,2.21000,2.16000,2.19960,0.21990,0.34930,49.78420,24.26280,24.26280,22.60850,15.38000,0.18800,0.81880,1.28850,69.84660,5.17930,8.49780,2.95960,4.04040,43.60410,2.37980,2.05550
2015-12-31,851.70000,439.40000,412.30000,249.99990,45.00000,205.00000,207.30000,-13.50000,193.80000,59.30000,134.50000,134.50000,131.40000,271.40010,207.30010,58.10000,59.10000,2.26000,2.22000,2.66910,0.26170,0.36210,48.40910,24.33960,24.33960,22.75450,15.42800,0.19660,0.88270,1.32130,68.11550,5.53340,9.30410,3.10540,4.08520,41.84660,2.6244,2.4027
2015-09-30,821.50000,414.60000,406.90000,263.30000,43.50000,219.80000,187.10000,-13.50000,173.60000,53.90000,119.70000,119.90000,116.80000,164.90000,187.10000,58.10000,59.10000,2.01000,1.98000,2.48620,0.26650,0.39420,49.53140,22.77540,22.77540,21.13210,14.21790,0.18290,0.78570,1.24980,72.01100,5.04040,8.65890,2.66950,3.69730,40.96440,1.9239,1.6125
2015-06-30,851.80000,432.80000,419.00000,268.20000,41.40000,226.80000,192.20000,-13.60000,178.60000,56.20000,122.40000,123.00000,120.00000,212.80000,192.20000,58.10000,59.10000,2.07000,2.03000,2.56540,0.27110,0.39820,49.19000,22.56400,22.56400,20.96740,14.08780,0.19400,0.86700,1.35830,66.25850,5.31040,9.24530,2.80140,3.87080,39.86370,2.7123,2.2505
2015-03-31,827.80000,417.70000,410.10000,272.20000,40.30000,231.90000,178.20000,-13.70000,164.50000,51.80000,112.70000,113.20000,110.50000,198.20000,178.20000,58.10000,59.10000,1.90000,1.87000,2.53720,0.28320,0.43100,49.54100,21.52690,21.52690,19.87200,13.34860,0.19420,0.86610,1.33820,67.25540,5.17300,9.34610,2.65580,3.70820,37.67150,1.32150,1.01520
2014-12-31,857.39990,446.10000,411.29990,266.10000,42.20000,223.89990,187.40000,-14.00000,173.40000,54.90000,118.50000,118.70000,116.20000,207.90000,187.39990,58.10000,59.10000,2.00000,1.96000,2.58610,0.27940,0.41310,47.97060,21.85680,21.85680,20.22390,13.55260,0.19890,0.93820,1.37120,65.63680,5.33410,9.79940,2.75400,3.84390,38.29260,1.724,1.4365
2014-09-30,806.30000,412.40000,393.90000,263.30000,37.70000,225.59990,168.30000,-13.60000,154.70000,48.40000,106.30000,106.40000,103.70000,188.00000,168.30000,58.10000,59.00000,1.78000,1.76000,2.53470,0.27270,0.40060,48.85280,20.87310,20.87310,19.18640,12.86120,0.18890,0.85100,1.23930,72.62060,4.63720,8.45180,2.49270,3.37240,39.48750,1.4915,1.1153
2014-06-30,826.50000,426.10000,400.40000,262.30000,34.80000,227.50000,172.90000,-12.40000,160.50000,51.90000,108.60000,108.80000,106.10000,192.60000,172.90000,58.10000,59.00000,1.83000,1.80000,2.59620,0.27490,0.39940,48.44530,20.91950,20.91950,19.41920,12.83730,0.19550,0.91140,1.30780,68.82030,4.78700,8.96430,2.57310,3.47130,39.11000,2.111,1.7308
2014-03-31,787.50000,408.80000,378.70000,257.00000,34.40000,222.60000,156.10000,-13.80000,142.30000,44.30000,98.00000,98.20000,95.90000,175.70000,156.10000,58.20000,59.10000,1.65000,1.62000,2.79620,0.28070,0.39760,48.08890,19.82220,19.82220,18.06980,12.17780,0.19190,0.90320,1.26020,71.41710,4.45610,8.37670,2.39270,3.20540,37.84020,1.49410,1.18780
2013-12-31,797.50010,418.99990,378.50010,254.90000,33.00000,221.90010,156.60000,-15.10000,141.50000,44.60000,96.90000,96.90000,94.50000,175.60000,156.60000,58.20000,59.10000,1.63000,1.60000,2.51080,0.28730,0.45630,47.46080,19.63640,19.63640,17.74290,11.84950,0.19400,0.96450,1.32920,67.71160,4.54840,8.80030,2.35770,3.24160,36.65770,2.065,1.86
2013-09-30,753.20000,388.90000,364.30000,253.00000,31.60000,221.40000,142.90000,-15.20000,127.70000,40.80000,86.90000,87.00000,84.60000,162.30000,142.90000,58.20000,59.00000,1.45000,1.43000,2.45710,0.30030,0.48790,48.36700,18.97240,18.97240,16.95430,11.23210,0.18370,0.88330,1.26590,71.09670,4.33680,8.91210,2.12140,3.03430,34.50050,1.4288,1.1051
2013-06-30,764.10000,390.90000,373.20000,255.40000,30.60000,224.80000,148.40000,-15.50000,132.90000,42.50000,90.40000,90.70000,88.40000,167.90000,148.40000,58.20000,59.00000,1.52000,1.50000,2.42240,0.31240,0.51500,48.84180,19.42150,19.42150,17.39300,11.56920,0.19290,0.93490,1.37430,65.48880,4.78400,10.30920,2.28950,3.28950,32.59460,1.8705,1.5899
2013-03-31,741.70000,384.80000,356.90000,249.10000,30.50000,218.60000,138.30000,-14.20000,124.10000,38.80000,85.30000,85.10000,82.80000,157.10000,138.30000,58.30000,59.20000,1.42000,1.40000,2.50230,0.31980,0.53040,48.11920,18.64640,18.64640,16.73180,11.16350,0.19000,0.95890,1.32730,67.80640,4.60900,9.88850,2.18030,3.13510,31.68860,1.27870,1.03550
2012-12-31,753.19980,401.20000,351.99980,240.60000,29.30000,211.30010,140.69970,-14.30000,126.40000,39.80000,86.60000,86.70000,84.60000,160.19970,140.69990,58.20000,58.90000,1.46000,1.43000,2.83270,0.34790,0.53630,46.73390,18.68030,18.68030,16.78170,11.23210,0.19300,0.99260,1.34360,66.98620,4.76640,10.51670,2.22180,3.10820,31.22480,1.747,1.4125
2012-09-30,711.60000,371.20000,340.40000,244.20000,27.90000,216.30000,124.10000,-13.80000,110.30000,34.90000,75.40000,76.40000,74.10000,143.10000,124.10000,58.30000,58.90000,1.27000,1.26000,2.61250,0.35610,0.56360,47.83590,17.43960,17.43960,15.50030,10.41320,0.18380,0.88910,1.31950,68.20830,4.35010,9.93630,1.97320,2.80110,30.16510,1.1788,0.8489
2012-06-30,737.90000,388.00000,349.90000,245.30000,25.60000,219.70000,130.20000,-13.80000,116.40000,38.30000,78.10000,78.50000,76.40000,149.40000,130.20000,58.20000,58.80000,1.31000,1.30000,2.60830,0.37030,0.59660,47.41840,17.64470,17.64470,15.77450,10.35370,0.19720,0.96660,1.46120,61.59370,4.75790,11.58330,2.09800,2.99610,28.36830,1.5596,1.2585
2012-03-31,735.20000,387.50000,347.70000,250.20000,23.90000,226.30000,121.40000,-14.30000,107.10000,35.20000,71.90000,73.00000,71.00000,140.40000,121.40000,58.20000,58.80000,1.22000,1.21000,2.71180,0.37340,0.60470,47.29330,16.51250,16.51250,14.56750,9.65720,0.19820,0.97900,1.43790,62.59110,4.50650,11.65020,1.96770,2.82350,27.87930,1.10540,0.76700
2011-12-31,736.60000,400.80000,335.80000,232.00000,22.10000,209.90000,125.90010,-14.50000,111.40000,36.20000,75.20000,76.10000,74.30000,145.10010,125.89990,58.20000,58.70000,1.28000,1.26000,2.62200,0.38480,0.63600,45.58780,17.09210,17.09200,15.12350,10.08690,0.20060,1.03730,1.43530,62.70430,4.91820,13.51210,2.07190,3.02560,26.57450,1.2317,0.9948
2011-09-30,697.20000,367.90000,329.30000,235.00000,20.80000,214.20000,115.10000,-16.80000,98.30000,30.50000,67.80000,69.80000,67.80000,133.90000,115.10000,58.20000,58.70000,1.16000,1.16000,2.67530,0.38080,0.62370,47.23180,16.50890,16.50890,14.09930,9.72460,0.19210,0.92040,1.40000,64.28570,4.43400,12.11390,1.92280,2.74570,27.05970,0.7159,0.4936
2011-06-30,726.70000,384.50000,342.20000,243.40000,35.50000,207.90000,134.30000,-15.40000,118.90000,39.80000,79.10000,79.90000,78.00000,152.60000,134.30000,58.20000,58.80000,1.34000,1.33000,2.25150,0.37640,0.73950,47.08960,18.48080,18.48080,16.36160,10.73350,0.18990,0.98040,1.46010,61.63890,5.04770,14.19940,2.08810,3.14770,27.20550,-0.2338,-0.4407
2011-03-31,693.70000,363.10000,330.60000,243.30000,12.50000,230.80000,99.80000,-15.50000,84.30000,27.20000,57.10000,58.00000,56.20000,118.10000,99.80000,58.20000,58.70000,0.97000,0.96000,2.06120,0.38760,0.77740,47.65750,14.38660,14.38660,12.15220,8.10150,0.18070,0.98510,1.38740,64.86950,3.85230,11.86580,1.51040,2.35910,25.87480,0.47530,0.16180
2010-12-31,696.90000,378.40000,318.50010,231.00000,9.40000,221.60010,96.90000,-13.50000,83.40000,24.50000,58.90000,59.80000,57.90000,115.10000,96.90000,58.00000,58.40000,1.00000,0.98000,2.00370,0.40470,0.83370,45.70240,13.90440,13.90440,11.96730,8.30820,0.18690,1.14880,1.42540,63.13820,4.25800,14.47240,1.60350,2.53480,24.13810,1.101,0.6182
2010-09-30,653.10000,351.90000,301.20000,222.40000,5.00000,217.40000,83.80000,-12.80000,71.00000,23.80000,47.20000,48.30000,46.50000,101.80000,83.80000,58.10000,58.40000,0.80000,0.80000,1.80780,0.33770,0.66620,46.11850,12.83110,12.83110,10.87120,7.11990,0.18890,1.08340,1.35950,66.20120,3.45770,12.34660,1.39680,2.29000,24.02240,0.1727,0.0959
2010-06-30,647.60000,343.80000,303.80000,224.80000,1.70000,223.10000,80.70000,-14.00000,66.70000,20.30000,46.40000,46.90000,45.30000,99.00000,80.70000,58.00000,58.30000,0.78000,0.78000,2.29900,0.41850,0.73040,46.91170,12.46140,12.46140,10.29960,6.99510,0.19550,1.15950,1.46150,61.57970,3.70960,15.83390,1.41550,2.15720,21.76410,0.952,0.868
2010-03-31,621.60000,334.00000,287.60000,215.90000,-1.70000,217.60000,69.99990,-13.70000,56.30000,19.00000,37.30000,38.00000,36.80000,88.19990,69.99990,57.80000,58.30000,0.64000,0.63000,2.43970,0.41160,0.71170,46.26770,11.26130,11.26130,9.05730,5.92020,0.18800,1.14780,1.35840,66.25480,2.95170,13.14880,1.14940,1.73670,22.26950,0.17840,0.08230
2009-12-31,618.10000,333.70000,284.39990,213.20000,-3.80000,217.00000,67.40000,-13.40000,54.00000,16.50000,37.50000,38.10000,36.60000,86.60000,67.40000,57.70000,57.90000,0.63000,0.63000,2.26530,0.40860,0.81710,46.01200,10.90440,10.90440,8.73650,5.92140,0.17930,1.21480,1.38180,65.13020,2.91820,13.36370,1.10520,1.72580,22.60980,1.6626,1.4033
2009-09-30,581.80000,321.30000,260.50000,206.50000,-5.30000,211.80000,48.70000,-12.60000,36.10000,10.30000,25.80000,26.40000,25.40000,67.00000,48.70000,57.70000,57.80000,0.44000,0.44000,2.58120,0.40410,0.80380,44.77480,8.37060,8.37060,6.20490,4.36580,0.17430,1.12260,1.34520,66.90440,1.98420,8.80590,0.79110,1.18230,23.04690,1.3909,1.139
2009-06-30,590.00000,336.00000,254.00000,200.30000,16.60000,183.70000,70.30000,-10.50000,59.80000,17.60000,42.20000,42.00000,37.40000,89.30000,70.30000,57.70000,57.90000,0.65000,0.65000,2.32540,0.33660,0.63700,43.05090,11.91530,11.91530,10.13560,6.33900,0.19620,1.10960,1.24840,72.09150,3.26540,15.76580,1.39670,2.16630,22.28610,2.687,2.3489
2009-03-31,572.60000,313.90000,258.70000,204.40000,10.00000,194.40000,64.30000,-8.90000,55.40000,18.30000,37.10000,37.20000,34.80000,82.40000,64.30000,57.50000,57.80000,0.61000,0.60000,2.24610,0.35740,0.69610,45.17990,11.22950,11.22950,9.67520,6.07750,0.19900,0.92130,1.19720,75.17810,3.16950,20.75890,1.29310,2.03660,20.37570,0.25430,0.01380
