Date,revenue,gross-profit,research-development-expenses,selling-general-administrative-expenses,operating-income,total-non-operating-income-expense,pre-tax-income,income-after-taxes,income-from-continuous-operations,net-income,ebitda,ebit,basic-shares-outstanding,shares-outstanding,eps-basic-net-earnings-per-share,eps-earnings-per-share-diluted,current-ratio,long-term-debt-capital,debt-equity-ratio,gross-margin,operating-margin,ebit-margin,pre-tax-profit-margin,net-profit-margin,asset-turnover,roe,return-on-tangible-equity,roa,roi,book-value-per-share,operating-cash-flow-per-share,free-cash-flow-per-share
2023-09-30,,,3.00200,14.97600,-17.97800,3.11200,-14.86600,-14.86600,-14.86600,-14.86600,-19.51700,-17.97800,95.57660,95.57660,-0.16000,-0.16000,21.86640,,,,,,,,,-6.26510,-6.26510,-5.98090,-6.26510,2.47700,-0.1314,-0.1319
2023-06-30,0.01000,0.01000,7.30800,13.30500,-20.60300,3.23300,-17.37000,-17.37000,-17.37000,-17.37000,-22.33500,-20.60300,94.91130,94.91130,-0.18000,-0.18000,25.36640,,,100.00000,-206030.00000,-206030.00000,-173700.00000,-173700.00000,0.00000,-6.98850,-6.98850,-6.71300,-6.98850,2.60750,-0.1747,-0.1749
2023-03-31,0.02000,0.02000,6.55200,12.18100,-18.71300,3.75200,-14.96100,-14.96100,-14.96100,-14.96100,-20.50200,-18.71300,94.22730,94.22730,-0.16000,-0.16000,27.17520,,,100.00000,-93565.00000,-93565.00000,-74805.00000,-74805.01000,0.00010,-5.72880,-5.72880,-5.51680,-5.72880,2.76510,-0.13190,-0.13400
2022-12-31,,,4.71000,10.73300,-15.44300,1.01400,-14.42900,-14.42900,-14.42900,-14.42900,-15.14400,-15.44300,39.95600,39.95600,-0.21000,-0.21000,51.01030,,,,,,,,,-5.28760,-5.28760,-5.12690,-5.28760,2.90480,-0.3664,-0.369
2022-09-30,0.18900,0.18900,3.89300,2.92600,-6.63000,0.04700,-6.58300,-6.58300,-6.58300,-6.58300,-6.62300,-6.63000,30.75510,30.75510,-0.21000,-0.21000,67.86940,,,100.00000,-3507.93700,-3507.93700,-3483.06900,-3483.06900,0.00070,-2.46490,-2.46490,-2.42860,-2.46490,7.44310,-0.1826,-0.1835
2022-06-30,0.46400,0.46400,4.35000,2.45800,-6.34400,-0.07600,-6.42000,-6.42000,-6.42000,-6.42000,-6.38100,-6.34400,30.60680,30.60680,-0.21000,-0.21000,23.61380,,,100.00000,-1367.24100,-1367.24100,-1383.62100,-1383.62100,0.00160,-2.30280,-2.30280,-2.18370,-2.30280,7.92700,-0.2261,-0.2268
2022-03-31,0.66300,0.66300,5.42300,2.33900,-7.09900,-0.15100,-7.25000,-7.25000,-7.25000,-7.25000,-7.04900,-7.09900,30.36940,30.36940,-0.24000,-0.24000,17.64800,,,100.00000,-1070.73900,-1070.73900,-1093.51400,-1093.51400,0.00210,-2.47250,-2.47250,-2.32020,-2.47250,8.34870,-0.22800,-0.22870
2021-12-31,,,-25.35600,-15.76100,41.11700,-0.84800,45.77500,45.77500,45.77500,45.77500,40.73200,46.62300,28.87220,28.87220,1.19000,1.19000,7.41790,0.09920,0.18780,,,,,,,-146.39100,102.24480,74.49630,92.10260,1.47420,0.6905,0.712
2021-09-30,,,15.64100,7.04000,-22.68100,0.02600,-22.65500,-22.65500,-22.65500,-22.65500,-22.47800,-22.68100,35.00150,35.00150,-0.65000,-0.65000,19.89670,,,,,,,,,-6.82100,-6.82100,-6.42580,-6.82100,9.47950,-0.5436,-0.5459
2021-06-30,,,17.74900,6.76200,-24.51100,0.01500,-24.49600,-24.49600,-24.49600,-24.49600,-24.30300,-24.51100,34.87610,34.87610,-0.70000,-0.70000,23.34880,,,,,,,,,-7.00590,-7.00590,-6.67510,-7.00590,10.00060,-0.4042,-0.4243
2021-03-31,,,12.23900,6.64600,-18.88500,0.01800,-18.86700,-18.86700,-18.86700,-18.86700,-18.69800,-18.88500,34.77400,34.77400,-0.54000,-0.54000,32.63010,,0.00130,,,,,,,-5.11930,-5.11930,-4.93640,-5.11930,10.58230,-0.35090,-0.35190
2020-12-31,,,8.83700,4.26400,-13.10100,0.01600,-13.08500,-13.08500,-13.08500,-13.08500,-12.90900,-13.10100,9.56400,9.56400,-1.37000,-1.37000,40.68910,,0.00220,,,,,,,-3.41750,-3.41750,-3.31430,-3.41750,11.03350,26.3821,27.2744
2020-09-30,,,6.20000,1.91200,-8.11200,-0.00400,-8.11600,-8.11600,-8.11600,-8.11600,-7.93800,-8.11200,0.67800,0.67800,-11.97000,-11.97000,,,,,,,,,,,,,,,-10.1481,-11.0796
2020-06-30,,,5.12600,1.33700,-6.46300,-0.00400,-6.46700,-6.46700,-6.46700,-6.46700,-6.32000,-6.46300,0.67050,0.67050,-9.65000,-9.65000,,,,,,,,,,,,,,,-8.0943,-8.1016
2020-03-31,,,4.41400,0.82800,-5.24200,-0.03700,-5.27900,-5.27900,-5.27900,-5.27900,-5.08300,-5.24200,0.66900,0.66900,-7.89000,-7.89000,,,,,,,,,,,,,,,-11.40150,-11.45090
2019-12-31,,,,,,,,,,,,,,,,0.00000,,,,,,,,,,,,,,,0,0
