Date,revenue,cost-goods-sold,gross-profit,selling-general-administrative-expenses,other-operating-income-expenses,operating-expenses,operating-income,total-non-operating-income-expense,pre-tax-income,total-provision-income-taxes,income-after-taxes,income-from-continuous-operations,net-income,ebitda,ebit,basic-shares-outstanding,shares-outstanding,eps-basic-net-earnings-per-share,eps-earnings-per-share-diluted,current-ratio,long-term-debt-capital,debt-equity-ratio,gross-margin,operating-margin,ebit-margin,pre-tax-profit-margin,net-profit-margin,asset-turnover,inventory-turnover,receiveable-turnover,days-sales-in-receivables,roe,return-on-tangible-equity,roa,roi,book-value-per-share,operating-cash-flow-per-share,free-cash-flow-per-share
2023-10-31,340.56900,237.38400,103.18500,100.11300,,100.11300,3.07200,-3.94400,-0.87200,0.45900,-1.33100,-1.33100,-1.33100,13.77300,3.07200,37.39300,37.39300,-0.04000,-0.04000,1.18920,,0.68090,30.29780,0.90200,0.90200,-0.25600,-0.39080,0.34740,0.53190,109.68410,0.82050,-0.48890,-0.49220,-0.13580,-0.48890,7.27740,1.1106,0.5933
2023-07-31,309.49500,208.67800,100.81700,102.33400,,102.33400,-1.51700,-3.52700,-5.04400,-1.75600,-3.28800,-3.28800,-3.28800,7.48800,-1.51700,37.49800,37.49800,-0.09000,-0.09000,1.18440,,0.74460,32.57470,-0.49020,-0.49020,-1.62980,-1.06240,0.31060,0.45650,111.56990,0.80670,-1.20570,-1.21390,-0.33000,-1.20570,7.29550,-0.5721,-1.353
2023-04-30,267.52900,187.48500,80.04400,99.00300,,99.00300,-18.95900,-2.04700,-21.00600,-5.36700,-15.63900,-15.63900,-15.63900,-10.13900,-18.95900,37.61000,37.61000,-0.42000,-0.42000,1.24990,,0.54320,29.91980,-7.08670,-7.08670,-7.85190,-5.84570,0.27250,0.39930,110.77810,0.81240,-5.65440,-5.69290,-1.59310,-5.65440,7.33910,-0.98340,-1.58850
2023-01-31,379.26900,256.48100,122.78800,106.74700,,106.74710,16.04100,-1.67400,14.36700,3.33800,11.02900,11.02900,11.02900,24.84300,16.04100,40.48900,40.71900,0.26000,0.27000,1.43970,,0.29850,32.37490,4.22940,4.22940,3.78810,2.90800,0.44150,0.64260,184.73890,0.48720,3.76270,3.78710,1.28400,3.76270,7.80780,0.7741,0.2091
2022-10-31,359.72000,238.89800,120.82200,102.32200,,102.32200,18.50000,-1.18700,17.31300,4.43600,12.87700,12.87700,12.87700,26.37700,18.50000,38.41400,38.68100,0.34000,0.33000,1.35020,,0.37080,33.58780,5.14290,5.14290,4.81290,3.57970,0.38870,0.49240,213.48370,0.42160,4.54530,4.57600,1.39160,4.54530,7.51530,0.1863,-0.2731
2022-07-31,351.02100,233.48200,117.53900,97.02300,,97.02300,20.51600,-0.76700,19.74900,5.13500,14.61400,14.61400,14.61400,28.32300,20.51600,41.96200,42.19400,0.35000,0.35000,1.42250,,0.32440,33.48490,5.84470,5.84470,5.62620,4.16330,0.41000,0.53380,183.68440,0.49000,5.22200,5.25800,1.70690,5.22200,7.20020,0.5697,0.3058
2022-04-30,309.50500,210.41400,99.09100,96.08500,,96.08500,3.00600,-0.56700,2.43900,0.44100,1.99800,1.99800,1.99800,10.48000,3.00600,43.93800,44.22100,0.05000,0.05000,1.50100,,0.31200,32.01600,0.97120,0.97120,0.78800,0.64550,0.34480,0.48210,246.81420,0.36460,0.63290,0.63640,0.22260,0.63290,7.15490,-0.38090,-0.65230
2022-01-31,416.28800,279.71410,136.57390,113.41500,,113.41490,23.15890,54.52500,77.68400,19.25000,58.43400,58.43400,58.43400,30.64690,23.15900,43.82700,44.54300,1.33000,1.32000,1.64370,,0.21020,32.80760,5.56320,5.56320,18.66110,14.03690,0.49520,0.72360,214.91380,0.41880,18.59950,18.70430,6.95160,18.59950,7.15970,1.2718,0.9345
2021-10-31,401.01400,271.39200,129.62200,99.97400,,99.97400,29.64800,-0.41300,29.23500,7.37200,21.86300,21.86300,21.86300,36.37500,29.64800,43.87800,44.58200,0.50000,0.49000,1.36140,,0.22610,32.32360,7.39330,7.39330,7.29030,5.45190,0.49220,0.63340,586.27780,0.15350,8.58800,8.64790,2.68350,8.58800,5.80180,-0.2415,-0.7031
2021-07-31,361.77800,241.72400,120.05400,95.87000,,95.87000,24.18400,-0.26600,23.91800,6.19500,17.72300,17.72300,17.72300,30.60300,24.18400,43.86000,44.71600,0.40000,0.40000,1.36710,,0.08680,33.18440,6.68480,6.68480,6.61120,4.89890,0.47790,0.63890,587.30200,0.15320,7.61930,7.67760,2.34120,7.61930,5.30690,-1.4257,-1.7007
2021-04-30,326.99200,222.94500,104.04700,90.41900,,90.41900,13.62800,-0.22600,13.40200,2.95200,10.45000,10.45000,10.45000,19.47100,13.62800,43.69000,44.51400,0.24000,0.23000,1.36890,,,31.81940,4.16770,4.16770,4.09860,3.19580,0.46320,0.77660,569.67250,0.15800,4.88640,4.92740,1.48040,4.88640,4.87910,-0.09010,-0.21620
2021-01-31,438.19500,296.19000,142.00500,102.62900,,102.62910,39.37600,-0.41900,38.95700,9.39000,29.56700,29.56700,29.56700,45.30500,39.37590,43.52500,44.43000,0.68000,0.68000,1.42750,,,32.40680,8.98590,8.98590,8.89030,6.74750,0.66310,1.21670,754.20830,0.11930,14.44690,14.57400,4.47430,14.44690,4.69160,1.5167,1.418
2020-10-31,385.74800,255.16600,130.58200,92.25200,,92.25200,38.33000,1.68200,40.01200,9.53000,30.48200,30.48200,30.48200,43.77400,38.33000,43.60900,44.51000,0.70000,0.68000,1.25750,0.04370,0.04570,33.85160,9.93650,9.93650,10.37260,7.90210,0.55350,0.79220,834.95230,0.10780,17.50820,17.69060,4.37360,16.74370,3.99400,0.5734,0.4209
2020-07-31,380.98900,251.89600,129.09300,83.60600,,83.60600,45.48700,-1.01700,44.47000,12.00900,32.46100,32.46100,32.46100,51.06100,45.48700,43.53700,44.36800,0.75000,0.73000,1.19520,0.10020,0.13140,33.88370,11.93920,11.93920,11.67230,8.52020,0.58910,0.84880,691.45010,0.13020,22.74180,23.01640,5.01890,20.46230,3.27450,2.563,2.4812
2020-04-30,246.83500,172.06100,74.77400,75.21900,,75.21900,-0.44500,-1.53400,-1.97900,-0.84900,-1.13000,-1.13000,-1.13000,4.97200,-0.44500,43.32700,43.32700,-0.03000,-0.03000,1.09110,0.17870,1.32030,30.29310,-0.18030,-0.18030,-0.80180,-0.45780,0.37270,0.57190,424.84510,0.21180,-1.03490,-1.05140,-0.17060,-0.85000,2.50710,0.72200,0.61040
2020-01-31,258.15200,173.12400,85.02800,71.84300,,71.84300,13.18500,-1.44300,11.74200,2.05900,9.68300,9.68300,9.68300,18.50200,13.18500,43.16600,43.58800,0.23000,0.22000,1.10150,0.17740,1.32220,32.93720,5.10740,5.10740,4.54850,3.75090,0.41860,0.62840,285.56640,0.31520,8.78130,8.92010,1.57030,7.22350,2.54680,0.4584,0.2876
2019-10-31,242.46600,158.25600,84.21000,68.33600,,68.33600,15.87400,-2.09400,13.78000,3.28700,10.49300,10.49300,10.49300,20.78800,15.87400,43.23000,43.55900,0.24000,0.24000,1.01320,0.17910,1.60750,34.73060,6.54690,6.54690,5.68330,4.32760,0.36030,0.46840,391.07420,0.23010,10.51200,10.72420,1.55910,8.62910,2.30900,0.5069,0.3229
2019-07-31,211.76600,138.54400,73.22200,63.46000,,63.46000,9.76200,-2.35300,7.40900,1.91100,5.49800,5.49800,5.49800,14.49300,9.76200,43.13000,43.15500,0.13000,0.13000,1.04230,0.21130,1.79020,34.57680,4.60980,4.60980,3.49870,2.59630,0.36230,0.47890,886.05030,0.10160,6.19790,6.21430,0.94070,4.88850,2.05200,0.741,0.478
2019-04-30,174.01700,119.84400,54.17300,59.53000,,59.53000,-5.35700,-2.10500,-7.46200,-2.00300,-5.45900,-5.45900,-5.45900,-0.66000,-5.35700,43.00300,43.00300,-0.13000,-0.13000,1.05440,0.23770,2.12290,31.13090,-3.07840,-3.07840,-4.28810,-3.13710,0.29780,0.41120,602.13490,0.14950,-6.61380,-6.63300,-0.93420,-5.04160,1.91180,0.08010,0.00820
2019-01-31,242.68300,163.17700,79.50600,62.53700,,62.53700,16.96910,-2.68200,14.28700,3.65800,10.62900,10.62900,10.62900,21.70310,16.96910,42.87800,42.97900,0.25000,0.25000,1.21980,0.26060,2.28750,32.76130,6.99230,6.99230,5.88710,4.37980,0.62400,0.58990,974.63070,0.09230,13.51260,13.55500,2.73310,9.99180,1.83020,1.0832,1.0182
2018-10-31,223.09900,145.51800,77.58100,60.07000,,60.07000,17.51100,-2.63300,14.87800,2.48000,12.39800,12.39800,12.39800,22.01400,17.51100,42.93800,43.09400,0.29000,0.29000,1.12700,0.30560,3.24750,34.77430,7.84900,7.84900,6.66880,5.55720,0.46470,0.39430,532.45590,0.16900,18.37010,18.43900,2.58230,12.75700,1.57180,-0.074,-0.1745
2018-07-31,203.28800,131.01100,72.27700,59.08800,,59.08800,13.18900,-4.33400,8.85500,2.30400,6.55100,6.55100,6.55100,19.39000,13.18900,42.89600,42.92100,0.15000,0.15000,1.08750,0.36670,3.90080,35.55400,6.48780,6.48780,4.35590,3.22250,0.45560,0.39810,523.93810,0.17180,11.97400,11.97400,1.46820,7.58350,1.27420,-0.0488,-0.1907
2018-04-30,180.05900,124.49300,55.56600,59.21600,,59.21600,-3.65000,-3.55700,-7.20700,-1.37900,-5.82800,-5.82800,-5.82800,1.20500,-3.65000,42.72700,42.72700,-0.14000,-0.14000,1.62650,0.73570,4.21210,30.85990,-2.02710,-2.02710,-4.00260,-3.23670,0.43240,0.40660,471.35860,0.19090,-12.27540,-12.27540,-1.39950,-3.24460,1.10840,-0.21180,-0.31650
2018-01-31,243.16510,163.50100,79.66410,63.08400,,63.08390,16.58010,-3.65800,12.92200,7.03500,5.88700,5.88700,5.88700,21.55410,16.58010,42.49600,42.52200,0.15000,0.15000,1.80490,0.72660,3.88230,32.76130,6.81850,6.81840,5.31410,2.42100,0.64050,0.60420,762.27290,0.11810,11.82180,11.88770,1.55060,3.23200,1.16850,0.5459,0.4981
2017-10-31,218.11500,141.15200,76.96300,57.44300,,57.44300,19.52000,-3.49400,16.02600,6.21800,9.80800,9.80800,9.80800,24.28200,19.52000,42.57600,42.61100,0.23000,0.23000,1.54240,0.75550,4.93890,35.28550,8.94940,8.94940,7.34750,4.49670,0.50840,0.44340,539.88860,0.16670,22.84440,23.25770,2.28610,5.58570,1.00830,0.6034,0.4311
2017-07-31,191.49300,122.87500,68.61800,54.38300,,54.38300,14.23500,-3.43600,10.79900,4.24500,6.55400,6.55400,6.55400,18.79800,14.23500,42.53600,42.58700,0.15000,0.15000,1.42010,0.80240,7.19480,35.83320,7.43370,7.43370,5.63940,3.42260,0.45410,0.40660,434.22450,0.20730,20.01710,20.78860,1.55410,3.95600,0.76900,-0.2162,-0.6517
2017-04-30,156.89800,108.28300,48.61500,52.38200,,52.38200,-3.76700,-3.15000,-6.91700,-2.41000,-4.50700,-4.50700,-4.50700,0.34800,-3.76700,42.27700,42.27700,-0.11000,-0.11000,1.44460,0.83960,8.33250,30.98510,-2.40090,-2.40090,-4.40860,-2.87260,0.38680,0.37560,410.72770,0.21910,-17.67240,-18.90760,-1.11110,-2.83530,0.60010,-0.20940,-0.52170
2017-01-31,221.37600,147.06800,74.30790,53.19400,,53.19410,21.11390,-3.27100,17.84300,7.30300,10.54000,10.54000,10.54000,25.11590,21.11390,42.18700,42.48500,0.24000,0.24000,1.73840,0.81680,6.52230,33.56640,9.53760,9.53760,8.06000,4.76110,0.63940,0.59710,538.62760,0.16710,35.13220,37.80090,3.04410,6.43770,0.70980,0.7202,0.5151
2016-10-31,217.16100,142.89600,74.26500,53.71900,,53.71900,20.54600,-3.40200,17.14400,6.63000,10.51400,10.51400,10.51400,24.62400,20.54600,42.24500,42.55800,0.25000,0.25000,1.44120,0.87830,11.86650,34.19810,9.46120,9.46120,7.89460,4.84160,0.53910,0.47000,463.02980,0.19440,56.64260,65.74120,2.60990,6.89300,0.43940,-0.3652,-0.5373
2016-07-31,189.80400,123.61900,66.18500,49.51400,,49.51400,16.67100,-3.14100,13.53000,5.22600,8.30400,8.30400,8.30400,20.20000,16.67100,42.21700,42.49000,0.20000,0.20000,1.43840,0.94940,28.14700,34.87020,8.78330,8.78330,7.12840,4.37500,0.51880,0.46520,614.25240,0.14650,116.23740,201.40760,2.26980,5.88220,0.16910,0.379,0.0344
2016-04-30,151.61500,103.14300,48.47200,46.11600,,46.11600,2.35600,-3.58800,-1.23200,-1.54300,0.31100,0.31100,0.31100,5.84300,2.35600,42.03200,42.33400,0.01000,0.01000,1.47940,1.01780,-84.47300,31.97050,1.55390,1.55390,-0.81260,0.20510,0.44750,0.41100,339.94390,0.26470,-13.22840,-5.34090,0.09180,0.23570,-0.05570,-0.36960,-0.57560
2016-01-31,208.54900,137.73700,70.81200,48.70300,,48.70300,22.10890,-3.58900,18.52000,7.13000,11.39000,11.39000,11.39000,25.37890,22.10900,41.96600,42.33400,0.26000,0.27000,1.81920,1.01430,-87.55660,33.95460,10.60130,10.60130,8.88040,5.46150,0.69210,0.63240,444.66730,0.20240,-553.18150,-190.40480,3.77990,7.89470,-0.04900,0.7458,0.6475
2015-10-31,192.12200,125.55700,66.56500,47.39600,,47.39600,19.16900,-3.65900,15.51000,5.96900,9.54100,9.54100,9.54100,22.39200,19.16900,42.00400,42.36200,0.23000,0.23000,1.53190,1.09900,-14.73110,34.64730,9.97750,9.97750,8.07300,4.96610,0.55940,0.49450,488.86000,0.18410,-67.98970,-51.83080,2.77820,6.73420,-0.33410,0.1083,-0.137
2015-07-31,166.93500,108.93300,58.00200,41.21600,,41.21600,16.78600,-3.44800,13.33800,5.13800,8.20000,8.20000,8.20000,19.87700,16.78600,42.00400,42.33600,0.20000,0.19000,1.49230,1.18330,-8.51280,34.74530,10.05540,10.05540,7.98990,4.91210,0.51220,0.46270,398.41290,0.22590,-33.92920,-28.28070,2.51590,6.21790,-0.57540,0.0525,-0.1942
2015-04-30,139.15800,96.00700,43.15100,41.90300,,41.90300,1.24800,-3.46000,-2.21200,-0.85200,-1.36000,-1.36000,-1.36000,4.05000,1.24800,41.85100,41.85100,-0.03000,-0.03000,1.50290,1.26590,-6.39210,31.00860,0.89680,0.89680,-1.58960,-0.97730,0.45500,0.44300,251.18770,0.35830,4.14030,3.56710,-0.44470,-1.10090,-0.78200,-0.06980,-0.28170
2015-01-31,165.44400,103.84300,61.60100,47.45600,,47.45600,14.14500,-8.99300,5.15200,1.97900,3.17300,3.17300,3.17300,22.27800,14.14500,39.96100,40.14100,0.11000,0.11000,1.73740,1.24990,-6.38150,37.23380,8.54970,8.54970,3.11400,1.91790,0.61110,0.55860,389.28000,0.23120,-10.12700,-8.56160,1.17200,2.53070,-0.74920,0.838,0.6478
2014-10-31,182.53200,121.88100,60.65100,42.02600,,42.02600,18.62500,-4.12200,14.50300,5.58700,8.91600,8.91600,8.91600,21.39500,18.62500,41.81800,41.93100,0.21000,0.21000,1.49590,1.29290,-6.26340,33.22760,10.20370,10.20370,7.94550,4.88460,0.57820,0.52850,388.36600,0.23170,-25.46120,-21.64130,2.82450,7.45740,-0.83740,0.1037,0.0092
2014-07-31,159.46800,106.64100,52.82700,40.48400,,40.48400,12.34300,-4.10700,8.23600,3.17300,5.06300,5.06300,5.06300,14.89500,12.34300,41.76800,41.96600,0.12000,0.12000,1.49740,1.40200,-4.94460,33.12700,7.74010,7.74010,5.16470,3.17490,0.54550,0.51420,428.67740,0.20990,-11.38880,-9.91040,1.73190,4.57830,-1.06310,0.1256,-0.0858
2014-04-30,132.42500,92.29700,40.12800,40.34900,,40.34900,-0.22100,-5.25800,-5.47900,-2.11100,-3.36800,-3.36800,-3.36800,1.97100,-0.22100,34.44100,34.44100,-0.10000,-0.10000,1.52590,1.49020,-4.03370,30.30240,-0.16690,-0.16690,-4.13740,-2.54330,0.48550,0.45610,303.03200,0.29700,6.45900,5.68650,-1.23490,-3.16650,-1.25750,-0.55730,-0.81270
2014-01-31,175.72700,118.84300,56.88400,40.49800,,40.49800,16.38600,-5.55200,10.83400,3.42100,7.41300,7.41300,7.41300,18.65300,16.38600,32.99200,32.99200,0.22000,0.22000,1.89380,2.11940,-2.14860,32.37410,9.32470,9.32470,6.16520,4.21850,0.78370,0.73660,425.48910,0.21150,-6.12160,-5.76300,3.30600,6.85270,-4.44140,1.2081,1.0563
2013-10-31,175.05900,119.83600,55.22300,38.24000,,38.24000,16.98300,-13.30200,3.68100,1.45900,2.22200,2.22200,2.22200,24.78100,16.98300,33.22900,33.22900,0.07000,0.07000,,,,31.54540,9.70130,9.70130,2.10270,1.26930,,,,,,,,,,-0.5714,-0.6769
2013-07-31,155.85700,103.66500,52.19200,36.14200,,36.14200,16.05000,-3.36500,12.68500,5.02900,7.65600,7.65600,7.65600,17.93500,16.05000,33.22900,33.22900,0.23000,0.23000,,,,33.48710,10.29790,10.29790,8.13890,4.91220,,,,,,,,,,-0.278,-0.4594
2013-04-30,136.52000,93.58900,42.93100,32.26000,-0.05500,32.31500,10.61600,-3.22800,7.38800,2.92900,4.45900,4.45900,4.45900,11.89500,10.61600,33.22900,33.22900,0.13000,0.13000,,,,31.44670,7.77620,7.77620,5.41170,3.26620,,,,,,,,,,-0.35770,-0.53400
2013-01-31,,,,,,,,,,,,,,,,,,,0.00000,,,,,,,,,,,,,,,,,,0,0
2012-01-31,,,,,,,,,,,,,,,,,,,0.00000,,,,,,,,,,,,,,,,,,0,0
