Date,revenue,cost-goods-sold,gross-profit,research-development-expenses,selling-general-administrative-expenses,other-operating-income-expenses,operating-expenses,operating-income,total-non-operating-income-expense,pre-tax-income,total-provision-income-taxes,income-after-taxes,income-from-continuous-operations,net-income,ebitda,ebit,basic-shares-outstanding,shares-outstanding,eps-basic-net-earnings-per-share,eps-earnings-per-share-diluted,current-ratio,long-term-debt-capital,debt-equity-ratio,gross-margin,operating-margin,ebit-margin,pre-tax-profit-margin,net-profit-margin,asset-turnover,receiveable-turnover,days-sales-in-receivables,roe,return-on-tangible-equity,roa,roi,book-value-per-share,operating-cash-flow-per-share,free-cash-flow-per-share
2023-09-30,5617.49300,3719.04400,1898.44900,713.78800,960.26600,-177.33800,1908.35700,-9.90770,25.67700,15.76900,49.52900,-33.76000,-33.76000,-28.95400,105.61030,-9.90770,611.27600,611.27600,-0.05000,-0.05000,1.90820,0.18760,0.23090,33.79530,-0.17640,-0.17640,0.28070,-0.51540,0.17260,1.04340,86.25900,-0.18930,-0.78470,-0.10370,-0.15380,29.09480,0.7985,0.7376
2023-06-30,5534.95700,3668.85600,1866.10100,694.67200,1086.90000,-179.77100,1998.20800,-132.10690,2.56500,-129.54200,-3.70000,-125.84200,-125.84200,-122.50600,47.75210,-132.10690,606.69200,606.69200,-0.20000,-0.20000,1.92270,0.18800,0.23160,33.71480,-2.38680,-2.38680,-2.34040,-2.21330,0.17810,1.50290,59.88470,-0.70820,-3.18790,-0.40500,-0.57500,29.18480,0.1832,0.1349
2023-03-31,4990.13100,3275.54700,1714.58400,626.93700,928.83600,-127.89600,1720.75600,-6.17190,-15.21000,-21.38200,-2.05600,-19.32600,-19.32600,-16.83800,1.68710,-6.17190,602.23400,602.23400,-0.03000,-0.03000,1.82630,0.19050,0.26170,34.35950,-0.12370,-0.12370,-0.42850,-0.33740,0.15920,1.47450,61.03870,-0.11060,-0.53590,-0.06170,-0.08950,28.96100,0.48880,0.43530
2022-12-31,4650.90300,2990.70700,1660.19600,604.52400,991.26690,-164.24090,1795.37600,-135.18070,22.93500,-112.24600,5.37500,-117.62100,-117.62100,-113.82300,-636.76270,-135.18020,578.94900,578.94900,-0.17000,-0.17000,1.85230,0.19240,0.26490,35.69620,-2.90650,-2.90650,-2.41340,-2.44730,0.14830,1.08480,82.96750,-0.68180,-3.59640,-0.37500,-0.55060,28.74940,0.0836,-0.0061
2022-09-30,4515.54100,2948.45200,1567.08900,548.03700,881.27500,-149.20500,1615.87800,-48.78910,12.75600,-36.03300,-17.28900,-18.74400,-18.74400,-14.71100,39.93190,-48.78910,592.67200,592.67200,-0.02000,-0.02000,1.86150,0.19900,0.27630,34.70440,-1.08050,-1.08050,-0.79800,-0.32580,0.15510,1.49830,60.06900,-0.11340,-0.63730,-0.06440,-0.09080,27.70980,0.0227,-0.0356
2022-06-30,4404.49900,2934.85100,1469.64800,524.82700,926.54700,-192.65800,1683.42100,-213.77290,5.80000,-207.97300,1.30400,-209.27700,-209.27700,-208.01400,-58.58300,-213.77290,581.35000,581.35000,-0.36000,-0.36000,1.79950,0.19550,0.27020,33.36700,-4.85350,-4.85350,-4.72180,-4.72280,0.15250,1.60920,55.92910,-1.23900,-7.57920,-0.72450,-0.99670,28.85600,-0.2262,-0.2972
2022-03-31,3960.64500,2665.68500,1294.96000,458.22400,945.71100,-91.15000,1521.74900,-226.78910,17.72400,-209.06500,-1.70200,-207.36300,-207.36300,-204.19900,-221.08410,-226.78910,541.43500,541.43500,-0.38000,-0.38000,1.96690,0.20720,0.26140,32.69570,-5.72610,-5.72610,-5.27860,-5.15570,0.13600,1.49680,60.13000,-1.18830,-7.55070,-0.71190,-0.94200,30.11300,0.42370,0.34770
2021-12-31,4078.53500,2896.49100,1182.04400,388.91200,783.47280,-57.11700,1236.65600,-54.61280,-19.77300,-74.38700,6.59700,-80.98400,-80.98400,-76.82900,15.54120,-54.61260,458.43200,501.77900,-0.18000,-0.15000,1.77820,0.57910,1.37610,28.98210,-1.33900,-1.33900,-1.82390,-1.88370,0.27140,3.48110,25.85370,-2.44400,-3.19180,-0.53890,-1.02870,7.12690,0.3933,0.3202
2021-09-30,3844.72700,2711.51200,1133.21500,360.72900,676.42100,-68.30600,1110.21900,22.99630,-25.42000,-2.42400,0.45200,-2.87600,-2.87600,0.08400,61.10830,22.99630,460.65400,504.12000,0.00000,0.00000,1.90340,0.61190,1.57680,29.47450,0.59810,0.59810,-0.06300,0.00220,0.27640,3.17250,28.36870,-0.09570,-0.12980,-0.02070,-0.03710,6.51810,0.8253,0.7583
2021-06-30,4680.67200,3539.60800,1141.06400,324.05900,594.74300,-93.43900,1016.07000,124.99370,69.32400,194.31800,-9.36000,203.67800,203.67800,204.02100,153.38760,124.99370,455.43100,522.57800,0.45000,0.40000,1.94810,0.63890,1.76900,24.37820,2.67040,2.67040,4.15150,4.35880,0.33880,4.04990,22.22290,7.44250,10.32270,1.47430,2.68780,5.97760,0.5292,0.4698
2021-03-31,5057.27000,4093.76900,963.50100,310.14100,545.36900,-40.25500,895.76500,67.73580,-27.78100,39.95500,0.94700,39.00800,39.00800,39.00800,96.93680,67.73580,454.97300,501.35300,0.09000,0.08000,1.67570,0.56290,1.28770,19.05180,1.33940,1.33940,0.79010,0.77130,0.44560,4.55810,19.74490,1.68550,2.08810,0.34370,0.73680,5.09020,-0.05820,-0.12630
2020-12-31,3158.97000,2355.28000,803.68990,251.56000,487.99610,-15.98600,758.50700,45.18360,253.22400,298.40700,4.44800,293.95900,293.95900,293.95900,143.78360,45.18360,443.12600,482.16700,0.67000,0.64000,1.88110,0.49100,0.96470,25.44150,1.43030,1.43030,9.44630,9.30550,0.32010,3.08220,29.19960,10.96220,13.19830,2.97840,5.57960,5.87830,-0.1755,-0.2856
2020-09-30,3033.87400,2239.41900,794.45510,227.55000,502.36500,-15.19800,745.11300,49.34200,-14.19600,35.14600,-1.36900,36.51500,36.51500,36.51500,69.96600,49.34200,444.45800,488.06900,0.08000,0.07000,1.69670,0.46020,0.85250,26.18620,1.62640,1.62640,1.15850,1.20360,0.37390,3.58280,25.11990,1.77010,2.20680,0.45000,0.95550,4.60770,0.8795,0.8311
2020-06-30,1923.62500,1326.86200,596.76310,207.73000,374.48200,-37.60300,619.81500,-23.05200,10.82200,-12.23000,-0.75200,-11.47800,-11.47800,-11.47800,-1.99600,-23.05200,440.11700,440.11700,-0.03000,-0.03000,1.70320,0.48000,0.92320,31.02280,-1.19840,-1.19840,-0.63580,-0.59670,0.24620,2.18730,41.14720,-0.59590,-0.74980,-0.14690,-0.30980,4.35430,-0.6239,-0.6923
2020-03-31,1381.10900,842.60800,538.50100,194.98600,324.03000,-108.88300,628.78900,-90.28810,-15.06800,-105.35600,0.53500,-105.89100,-105.89100,-105.89100,-70.22710,-90.28810,434.94000,434.94000,-0.24000,-0.24000,2.18990,0.49340,0.97390,38.99050,-6.53740,-6.53740,-7.62840,-7.66710,0.23000,2.64770,33.99200,-5.85700,-7.36650,-1.76370,-2.96710,4.12060,0.27890,0.21880
2019-12-31,1313.42900,786.38010,527.04880,176.84300,304.31690,-32.13200,509.70090,17.34750,374.10000,391.44800,0.50800,390.94000,390.94000,390.94000,36.06650,17.34770,424.99900,466.07600,0.92000,0.86000,1.90060,0.35380,0.54740,40.12770,1.32080,1.32080,29.80350,29.76480,0.28860,2.23110,40.33890,22.79470,28.33670,8.58970,14.73090,3.96270,-0.165,0.4628
2019-09-30,1266.47400,766.43700,500.03700,168.77100,265.44700,-32.72200,467.94300,32.09400,-0.09100,32.00300,2.60600,29.39700,29.39700,29.39700,51.21900,32.09400,427.12400,466.09900,0.07000,0.06000,1.67720,0.42630,0.74320,39.48260,2.53410,2.53410,2.52690,2.32120,0.31660,2.24360,40.11470,2.35210,3.22680,0.73480,1.34930,2.91070,0.4762,0.4492
2019-06-30,1174.23800,708.39300,465.84500,174.20100,256.92900,-34.26400,466.68800,-0.84300,-6.37300,-7.21600,-0.47600,-6.74000,-6.74000,-6.74000,17.94000,-0.84300,423.30500,423.30500,-0.02000,-0.02000,1.48540,0.43690,0.77590,39.67210,-0.07180,-0.07180,-0.61450,-0.57400,0.25230,0.77960,115.44290,-0.56900,-0.81200,-0.14480,-0.32040,2.77900,0.3144,0.2865
2019-03-31,959.35900,562.60500,396.75400,154.35000,235.31100,-27.84100,418.79610,-22.04210,-15.98000,-38.02200,0.12900,-38.15100,-38.15100,-38.15100,-3.07110,-22.04210,419.28900,419.28900,-0.09000,-0.09000,1.49600,0.44770,0.81070,41.35620,-2.29760,-2.29760,-3.96330,-3.97670,0.21790,0.68970,130.50070,-3.40150,-4.92350,-0.86660,-1.87850,2.66020,0.07740,0.03400
2018-12-31,932.52810,552.47400,380.05410,141.81100,214.75000,-24.47400,383.16200,-3.10790,-24.61500,-27.72300,0.48100,-28.20400,-28.20400,-28.20400,19.53010,-3.10800,405.73100,405.73100,-0.07000,-0.06000,2.07350,0.44540,0.80290,40.75520,-0.33330,-0.33330,-2.97290,-3.02450,0.28420,2.55520,35.22160,-2.51710,-3.60810,-0.85960,-1.39610,2.68670,0.4774,0.4048
2018-09-30,882.10800,529.44800,352.66000,135.77300,201.86400,-23.59600,362.52700,-9.86710,30.57600,20.70900,1.06600,19.64300,19.64300,19.64300,5.96790,-9.86710,409.69000,474.91500,0.05000,0.04000,1.54400,0.44450,0.91250,39.97920,-1.11860,-1.11860,2.34770,2.22680,0.22200,0.73840,121.89330,1.75050,2.51490,0.49440,0.97240,2.72120,0.0738,0.0529
2018-06-30,814.93800,499.12200,315.81600,114.80000,181.01500,-21.97600,318.46300,-2.64700,-2.65500,-5.30200,0.60400,-5.90600,-5.90600,-5.90600,9.68100,-2.64700,403.30100,403.30100,-0.01000,-0.01000,2.18090,0.49760,0.99060,38.75340,-0.32480,-0.32480,-0.65060,-0.72470,0.22920,1.01020,89.08890,-0.54600,-0.79760,-0.16610,-0.27430,2.65790,0.0446,0.0077
2018-03-31,668.60300,413.43300,255.17000,105.09500,152.76700,-18.03100,276.16200,-20.99190,-2.81900,-23.81100,0.17500,-23.98600,-23.98600,-23.98600,-10.83190,-20.99190,395.94800,395.94800,-0.06000,-0.06000,1.75870,0.30940,0.44810,38.16470,-3.13970,-3.13970,-3.56130,-3.58750,0.28100,0.95430,94.31330,-2.96130,-3.25230,-1.00800,-2.04490,2.02300,0.13150,0.11100
2017-12-31,616.03500,376.20490,239.83020,92.63300,143.13900,-16.83300,252.83900,-13.00890,-2.83900,-15.84800,-0.18500,-15.66300,-15.66300,-15.66300,-3.37690,-13.00910,379.34400,379.34400,-0.05000,-0.05000,1.82800,0.31320,0.45600,38.93120,-2.11170,-2.11170,-2.57260,-2.54260,0.28160,0.99280,90.65570,-1.99190,-2.19470,-0.71610,-1.36810,1.98970,-0.0027,-0.0204
2017-09-30,585.15900,366.54300,218.61600,82.54700,130.84500,-19.89300,233.50700,-14.89100,-1.85400,-16.74500,-0.64700,-16.09800,-16.09800,-16.09800,-5.80600,-14.89100,383.95100,383.95100,-0.04000,-0.04000,1.81250,0.32580,0.48330,37.36010,-2.54480,-2.54480,-2.86160,-2.75100,0.28080,0.99580,90.38010,-2.19650,-2.43800,-0.77250,-1.48080,1.88990,0.0987,0.0845
2017-06-30,551.50500,344.07600,207.42900,78.12600,122.90400,-18.40100,219.65300,-12.22400,-3.26600,-15.49000,0.47200,-15.96200,-15.96200,-15.96200,-3.09900,-12.22400,376.35700,376.35700,-0.04000,-0.04000,2.30090,0.33210,0.49730,37.61150,-2.21650,-2.21650,-2.80870,-2.89430,0.31660,1.78470,50.42910,-2.26820,-2.53630,-0.91650,-1.51480,1.83930,0.1207,0.1016
2017-03-31,461.55400,288.12300,173.43100,68.58200,106.83500,-11.89100,187.51300,-14.08200,-0.49900,-14.58100,0.50900,-15.09000,-15.09000,-15.09000,-4.64500,-14.08200,366.73700,366.73700,-0.04000,-0.04000,2.42090,0.35510,0.55060,37.57550,-3.05100,-3.05100,-3.15910,-3.26940,0.29010,1.73460,51.88540,-2.40310,-2.73650,-0.94840,-1.54980,1.68180,0.12000,0.10220
2016-12-31,451.91700,285.39190,166.52510,64.88900,102.43300,-13.03400,180.50300,-13.97790,-0.15300,-14.13100,1.03600,-15.16700,-15.16700,-15.16700,-4.04990,-13.97790,341.55500,341.55500,-0.04000,-0.04000,1.73420,,,36.84860,-3.09300,-3.09300,-3.12690,-3.35610,0.37310,1.40740,63.94800,-2.63250,-3.03530,-1.25210,-2.63250,1.58050,0.0001,-0.0163
2016-09-30,439.00200,288.68800,150.31400,70.41800,98.82900,-12.88500,182.29600,-31.98200,-0.11100,-32.09300,0.23000,-32.32300,-32.32300,-32.32300,-22.30100,-31.98200,343.89300,343.89300,-0.09000,-0.09000,1.73450,,,34.23990,-7.28520,-7.28520,-7.31040,-7.36280,0.41720,1.81350,49.62890,-6.33300,-7.45740,-3.07190,-6.33300,1.45280,0.1649,0.155
2016-06-30,438.53300,289.57400,148.95900,68.63800,90.00400,-17.45500,176.31900,-27.36000,0.32700,-27.03300,0.31200,-27.34500,-27.34500,-27.34500,-18.34200,-27.36000,334.48800,334.48800,-0.08000,-0.08000,1.75230,,,33.96760,-6.23900,-6.23900,-6.16440,-6.23560,0.46990,1.94210,46.34270,-5.80010,-6.96810,-2.93000,-5.80010,1.38270,-0.0558,-0.0804
2016-03-31,379.26900,269.02900,110.24000,64.59200,134.60300,-7.86100,207.37300,-97.13300,0.71700,-96.41600,0.33900,-96.75500,-96.75500,-96.75500,-88.01500,-97.13300,331.32400,331.32400,-0.29000,-0.29000,1.60040,,,29.06640,-25.61060,-25.61060,-25.42150,-25.51090,0.40130,1.59890,56.28870,-21.74840,-26.60140,-10.23790,-21.74840,1.32690,-0.04150,-0.06420
2015-12-31,374.36000,265.26700,109.09300,59.19800,97.34000,-13.16900,156.92200,-47.82900,0.77200,-47.04500,1.24400,-48.28900,-48.28900,-48.28900,-38.72900,-47.82900,234.54800,234.54800,-0.34000,-0.34000,2.11120,,,29.14570,-12.77620,-12.77620,-12.56680,-12.89910,0.41840,2.08910,43.08150,-9.50480,-11.37360,-5.39680,-9.50480,1.51680,0.0971,0.1391
2015-09-30,332.18800,235.87800,96.31000,55.02000,77.07900,-16.00500,148.52700,-52.21700,-0.78100,-52.99800,0.93200,-53.93000,-53.93000,-53.93000,-45.64700,-52.21700,152.33400,152.33400,-0.35000,-0.35000,,,,28.99260,-15.71910,-15.71910,-15.95420,-16.23480,,,,,,,,,0.0908,0.0283
2015-06-30,310.01300,219.67100,90.34200,45.88700,63.53400,-8.51300,118.41600,-28.07400,-0.39400,-28.46800,1.15200,-29.62000,-29.62000,-29.62000,-21.66400,-28.07400,149.25300,149.25300,-0.20000,-0.20000,,,,29.14140,-9.05580,-9.05580,-9.18280,-9.55440,,,,,,,,,0.0052,-0.0621
2015-03-31,250.55700,176.27200,74.28500,39.54500,64.30000,-16.32200,120.63500,-46.35000,-1.21000,-47.56000,0.41800,-47.97800,-47.97800,-47.97800,-40.80400,-46.35000,145.06900,145.06900,-0.33000,-0.33000,,,,29.64800,-18.49880,-18.49880,-18.98170,-19.14850,,,,,,,,,-0.07550,-0.14730
2014-12-31,,,,,,,,,,,,,,,,,,,,0.00000,,,,,,,,,,,,,,,,,0,0
2013-12-31,,,,,,,,,,,,,,,,,,,,0.00000,,,,,,,,,,,,,,,,,0,0
2012-12-31,,,,,,,,,,,,,,,,,,,,0.00000,,,,,,,,,,,,,,,,,0,0
