Date,revenue,gross-profit,research-development-expenses,selling-general-administrative-expenses,operating-income,total-non-operating-income-expense,pre-tax-income,income-after-taxes,income-from-continuous-operations,net-income,ebitda,ebit,basic-shares-outstanding,shares-outstanding,eps-basic-net-earnings-per-share,eps-earnings-per-share-diluted,current-ratio,long-term-debt-capital,debt-equity-ratio,gross-margin,operating-margin,ebit-margin,pre-tax-profit-margin,net-profit-margin,asset-turnover,receiveable-turnover,days-sales-in-receivables,roe,return-on-tangible-equity,roa,roi,book-value-per-share,operating-cash-flow-per-share,free-cash-flow-per-share
2024-03-31,,,43.09400,15.32500,-58.41900,1.56600,-56.85300,-56.85300,-56.85300,-56.85300,-59.66300,-58.41900,95.89300,95.89300,-0.59000,-0.59000,6.58380,0.19610,0.27410,,,,,,,,,-31.10580,-31.10580,-21.27060,-25.00500,2.29200,-0.51920,-0.51940
2023-12-31,,,34.96100,13.07100,-48.03200,1.90600,-46.12600,-46.12600,-46.12600,-46.12600,-49.10400,-48.03200,83.34700,83.34700,-0.50000,-0.50000,8.80220,0.17770,0.22210,,,,,,,,,-20.48060,-20.48060,-14.82980,-16.84030,2.96420,-0.4041,-0.4041
2023-09-30,,,30.33700,13.33500,-43.67200,1.31300,-42.35900,-42.35900,-42.35900,-42.35900,-44.76000,-43.67200,80.60600,80.60600,-0.53000,-0.53000,8.54710,0.22960,0.29800,,,,,,,,,-25.26410,-25.26410,-16.89700,-19.46430,2.98010,-0.3946,-0.3946
2023-06-30,,,26.86700,12.21500,-39.08200,1.15700,-37.92500,-37.92500,-37.92500,-37.92500,-39.47900,-39.08200,80.11800,80.11800,-0.47000,-0.47000,10.70500,0.19770,0.24640,,,,,,,,,-18.72830,-18.72830,-13.31170,-15.02560,3.67120,-0.4029,-0.4034
2023-03-31,,,29.73500,10.77400,-40.50900,1.13000,-39.37900,-39.37900,-39.37900,-39.37900,-41.05400,-40.50900,79.61000,79.61000,-0.49000,-0.49000,10.95690,0.17890,0.21790,,,,,,,,,-17.22220,-17.22220,-12.51240,-14.14060,4.39810,-0.54080,-0.54100
2022-12-31,,,29.61300,10.81500,-40.42800,1.17300,-39.25500,-39.25500,-39.25500,-39.25500,-41.18000,-40.42800,59.61200,59.61200,-0.44000,-0.44000,9.01440,0.16050,0.19120,,,,,,,,,-15.08440,-15.08440,-10.95990,-12.66380,5.03620,-0.9178,-0.9237
2022-09-30,,,33.39200,10.47000,-43.86200,0.56500,-43.29700,-43.29700,-43.29700,-43.29700,-43.71900,-43.86200,79.33600,79.33600,-0.55000,-0.55000,10.60030,0.14510,0.17240,,,,,,,,,-14.76380,-14.76380,-11.09320,-12.62190,5.67670,0.5491,0.5593
2022-06-30,,,32.07300,11.07400,-43.14700,-0.85300,-44.00000,-44.00000,-44.00000,-44.00000,-43.73500,-43.14700,41.62200,41.62200,-1.06000,-1.06000,9.68920,0.10540,0.15290,,,,,,,,,-13.35330,-13.35330,-10.37420,-11.94620,6.38110,-0.7209,-0.7312
2022-03-31,33.19300,33.19300,29.36600,10.76000,-6.93300,-1.01700,-7.95000,-7.95000,-7.95000,-7.95000,-4.17200,-6.93300,37.45700,37.45700,-0.21000,-0.21000,6.84940,0.20290,0.29300,100.00000,-20.88690,-20.88690,-23.95080,-23.95080,0.12480,,,-4.64050,-4.64050,-2.98900,-3.69880,4.85300,-1.13640,-1.14820
2021-12-31,4.04900,4.04900,29.05100,10.36200,-35.36400,-0.55000,-35.91400,-35.91400,-35.91400,-35.91400,-34.44000,-35.36400,36.71200,36.71200,-0.97000,-0.97000,4.12650,0.21960,0.29060,100.00000,-873.40100,-873.40110,-886.98460,-886.98440,0.01330,,,-20.87130,-20.87130,-11.79660,-16.28780,4.88720,-0.882,-0.8967
2021-09-30,5.46400,5.46400,31.26500,11.27600,-37.07700,-0.43000,-37.50700,-37.50700,-37.50700,-37.50700,-36.03200,-37.07700,36.68300,36.68300,-1.02000,-1.02000,3.99620,0.11750,0.13310,100.00000,-678.56880,-678.56880,-686.43850,-686.43850,0.01830,,,-20.02940,-20.02940,-12.56980,-17.67630,5.41210,-0.9764,-1.0146
2021-06-30,4.59500,4.59500,25.60300,9.26500,-30.27300,-0.43400,-30.70700,-30.70700,-30.70700,-30.70700,-29.28300,-30.27300,36.58300,36.58300,-0.84000,-0.84000,4.33240,0.10290,0.11470,100.00000,-658.82490,-658.82490,-668.26990,-668.26990,0.01380,,,-14.17320,-14.17320,-9.24770,-12.71500,6.28720,-0.8656,-0.8921
2021-03-31,4.70800,4.70800,22.54900,9.36600,-27.20700,-0.46400,-27.67100,-27.67100,-27.67100,-27.67100,-26.28600,-27.20700,36.38000,36.38000,-0.76000,-0.76000,4.55280,0.09330,0.10290,100.00000,-577.88870,-577.88870,-587.74430,-587.74430,0.01310,,,-11.50370,-11.50370,-7.67390,-10.43000,6.99280,-0.72960,-0.79320
2020-12-31,3.43600,3.43600,21.78000,7.76000,-26.10400,-0.46700,-26.57100,-26.57100,-26.57100,-26.57100,-25.70100,-26.10400,30.73400,30.73400,-0.79000,-0.79000,8.09140,0.08650,0.09460,100.00000,-759.72080,-759.72080,-773.31230,-773.31210,0.00880,,,-10.18940,-10.18940,-6.84280,-9.30850,7.63560,-0.5982,-0.6602
2020-09-30,3.03700,3.03700,18.38300,8.27200,-23.61800,0.05700,-23.56100,-23.56100,-23.56100,-23.56100,-23.22200,-23.61800,29.77900,29.77900,-0.79000,-0.79000,3.63200,,,100.00000,-777.67530,-777.67530,-775.79850,-775.79850,0.01860,,,-37.41210,-37.41210,-14.41740,-37.41210,2.10500,-0.7839,-0.8454
2020-06-30,3.90000,3.90000,16.99700,6.36500,-19.46200,0.18100,-19.28100,-19.28100,-19.28100,-19.28100,-19.08800,-19.46200,29.69000,29.69000,-0.65000,-0.65000,4.45810,,,100.00000,-499.02560,-499.02560,-494.38460,-494.38460,0.02490,,,-23.46360,-23.46360,-12.33120,-23.46360,2.75060,-0.6683,-0.6707
2020-03-31,5.03000,5.03000,16.90200,5.82200,-17.69400,0.62400,-17.07000,-17.07000,-17.07000,-17.07000,-17.48000,-17.69400,29.52700,29.52700,-0.58000,-0.58000,6.05800,,,100.00000,-351.76940,-351.76940,-339.36380,-339.36380,0.02860,,,-17.30410,-17.30410,-9.71530,-17.30410,3.30660,0.08930,0.08220
2019-12-31,7.57300,7.57300,14.06400,5.85600,-12.34700,0.77400,-11.57300,-11.57300,-11.57300,-11.57300,-12.32800,-12.34700,27.53800,27.53800,-0.40000,-0.40000,5.64290,,,100.00000,-163.03970,-163.03970,-152.81920,-152.81920,0.03860,0.30290,297.10810,-10.25060,-10.25060,-5.89310,-10.25060,3.78950,-0.6824,-0.7393
2019-09-30,4.77400,4.77400,15.69900,6.18100,-17.10600,0.95900,-16.14700,-16.14700,-16.14700,-16.14700,-17.10400,-17.10600,29.23200,29.23200,-0.55000,-0.55000,5.51130,,,100.00000,-358.31590,-358.31590,-338.22790,-338.22790,0.02530,,,-13.25810,-13.25810,-8.56410,-13.25810,4.10370,-0.3775,-0.3842
2019-06-30,5.03900,5.03900,13.71500,4.71000,-13.38600,0.86100,-12.52500,-12.52500,-12.52500,-12.52500,-13.40000,-13.38600,25.92300,25.92300,-0.48000,-0.48000,5.87780,,,100.00000,-265.64790,-265.64790,-248.56120,-248.56120,0.02560,,,-9.71270,-9.71270,-6.36070,-9.71270,4.41170,-0.6252,-0.6479
2019-03-31,3.10600,3.10600,10.73900,4.07000,-11.70300,0.94800,-10.75500,-10.75500,-10.75500,-10.75500,-11.79700,-11.70300,25.59300,25.59300,-0.42000,-0.42000,4.75500,,0.00280,100.00000,-376.78690,-376.78690,-346.26530,-346.26530,0.01820,,,-11.02820,-11.02820,-6.29010,-11.02820,3.71980,-0.60680,-0.63340
2018-12-31,,,10.12400,5.43400,-15.55800,0.59300,-14.96500,-14.96500,-14.96500,-14.96500,-15.66300,-15.55800,15.65500,15.65500,1.86000,1.86000,5.71730,,0.00400,,,,,,,,,-14.03540,-14.03540,-8.25260,-14.03540,4.06680,2.825,2.7623
2018-09-30,,,8.06100,3.17300,-11.23400,0.47200,-10.76200,-10.76200,-10.76200,-10.76200,-11.02600,-11.23400,24.31100,24.31100,-0.44000,-0.44000,18.43200,0.00030,0.00610,,,,,,,,,-10.51560,-10.51560,-9.87180,-10.51270,4.05450,0.7749,0.7604
2018-06-30,,,11.42400,3.46000,-14.88400,0.17700,-14.70700,-14.70700,-14.70700,-14.70700,-14.67300,-14.88400,10.59400,10.59400,-1.39000,-1.39000,17.48950,,0.00650,,,,,,,,,-13.17690,-13.17690,-12.36110,-13.17690,4.42130,1.5059,1.5508
2018-03-31,,,6.70100,2.31500,-9.01600,0.12400,-8.89200,-8.89200,-8.89200,-8.89200,-8.86800,-9.01600,2.79500,2.79500,-3.18000,-3.18000,,,,,,,,,,,,,,,,,-3.53630,-3.59930
2017-12-31,,,,,,,,,,,,,,,,0.00000,,,,,,,,,,,,,,,,,9.781,9.9351
2017-09-30,,,4.77800,1.16400,-5.94200,0.00500,-5.93700,-5.93700,-5.93700,-5.92900,-5.82700,-5.94200,1.60300,1.60300,-0.00370,-0.00370,,,,,,,,,,,,,,,,,-3.5839,-3.6076
2017-06-30,,,4.71100,1.17700,-5.88800,0.00900,-5.87900,-5.87900,-5.87900,-5.87900,-5.88800,-5.88800,1.60300,1.60300,-3.67000,-3.67000,,,,,,,,,,,,,,,,,-6.1971,-6.3275
2016-12-31,,,,,,,,,,,,,,,,0.00000,,,,,,,,,,,,,,,,,0,0
