Date,revenue,cost-goods-sold,gross-profit,research-development-expenses,selling-general-administrative-expenses,operating-expenses,operating-income,total-non-operating-income-expense,pre-tax-income,total-provision-income-taxes,income-after-taxes,income-from-continuous-operations,net-income,ebitda,ebit,basic-shares-outstanding,shares-outstanding,eps-basic-net-earnings-per-share,eps-earnings-per-share-diluted,current-ratio,long-term-debt-capital,debt-equity-ratio,gross-margin,operating-margin,ebit-margin,pre-tax-profit-margin,net-profit-margin,asset-turnover,inventory-turnover,receiveable-turnover,days-sales-in-receivables,roe,return-on-tangible-equity,roa,roi,book-value-per-share,operating-cash-flow-per-share,free-cash-flow-per-share
2023-09-30,8.85200,3.89800,4.95400,0.24800,5.32100,5.56900,-0.61500,-0.43800,-1.05300,,-1.05300,-1.05300,-1.05300,0.95200,-0.61500,34.91210,34.91210,-0.03000,-0.03000,1.64010,0.48110,0.92730,55.96480,-6.94760,-6.94760,-11.89560,-11.89560,0.18760,0.63640,1.84340,48.82290,-6.50280,47.15630,-2.23130,-3.37400,0.46380,-0.0285,-0.0522
2023-06-30,8.25000,3.93200,4.31800,0.37400,5.90600,6.28000,-1.96200,-1.18600,-3.14800,,-3.14800,-3.14800,-3.14800,-0.42900,-1.96200,34.88150,34.88150,-0.09000,-0.09000,1.50460,0.46990,0.88630,52.33940,-23.78180,-23.78180,-38.15760,-38.15760,0.14940,0.66410,1.87460,48.01090,-18.61730,40.08660,-5.70250,-9.86960,0.48480,0.005,-0.0217
2023-03-31,7.56700,3.17900,4.38800,0.31500,6.65900,6.97400,-2.58600,-0.24900,-2.83500,,-2.83500,-2.83500,-2.83500,-1.04300,-2.58600,34.86210,34.86210,-0.08000,-0.08000,1.11130,0.28010,0.38910,57.98860,-34.17470,-34.17470,-37.46530,-37.46530,0.15400,0.55820,1.92060,46.86140,-14.67320,46.05260,-5.77120,-10.56340,0.55390,-0.03450,-0.07480
2022-12-31,10.60200,3.75400,6.84800,0.44100,6.27300,6.71400,0.13400,-0.23100,-0.09700,,-0.16000,-0.16000,-0.16000,1.64400,0.13400,34.71230,34.71230,-0.01000,-0.01000,1.30370,0.25510,0.34240,64.59160,1.26390,1.26390,-0.91490,-1.50910,0.20280,0.67680,2.37130,37.95420,-0.73290,3.66470,-0.30610,-0.54590,0.62870,-0.0001,-0.0438
2022-09-30,9.41300,3.61400,5.79900,0.21600,6.36900,6.58500,-0.78600,-0.20900,-0.99500,,-0.99500,-0.99500,-0.99500,0.63200,-0.78600,34.72310,34.72310,-0.03000,-0.03000,1.32460,0.25430,0.34110,61.60630,-8.35020,-8.35020,-10.57050,-10.57050,0.17680,0.63830,2.57540,34.94640,-4.56420,19.46020,-1.86910,-3.40350,0.62780,-0.02,-0.0351
2022-06-30,9.10500,4.11200,4.99300,0.20900,6.47800,6.68700,-1.69400,-0.19800,-1.89200,,-1.89200,-1.89200,-1.89200,-0.22400,-1.69400,34.72310,34.72310,-0.05000,-0.05000,1.29700,0.24870,0.33100,54.83800,-18.60520,-18.60520,-20.77980,-20.77980,0.16990,0.83800,3.04620,29.54530,-8.46910,35.75210,-3.53070,-6.36290,0.64340,-0.0016,-0.0255
2022-03-31,7.04100,2.91300,4.12800,0.16300,6.26800,6.43100,-2.30300,-0.19900,-2.50200,,-2.50200,-2.50200,-2.50200,-0.85600,-2.30300,34.67920,34.67920,-0.07000,-0.07000,1.32090,0.23630,0.30930,58.62800,-32.70840,-32.70840,-35.53470,-35.53470,0.12780,0.61220,2.36910,37.98890,-10.52150,54.49790,-4.54190,-8.03570,0.68480,-0.01020,-0.02980
2021-12-31,9.05700,3.05700,6.00000,0.27600,6.34600,6.62200,-0.62200,-0.20500,-0.82700,0.03800,-0.86500,-0.86500,-0.84900,0.57700,-0.62200,34.05030,34.05030,-0.02000,-0.02000,1.55990,0.22360,0.28800,66.24710,-6.86760,-6.86760,-9.13110,-9.37400,0.19440,0.87620,2.63820,34.11400,-3.40360,-13.25060,-1.85650,-2.64260,0.73950,0.0197,-0.0137
2021-09-30,7.71100,2.33500,5.37600,0.37100,5.47000,5.84100,-0.46500,-0.05200,-0.51700,0.00400,-0.52100,-0.52100,-0.52100,0.57900,-0.46500,34.15040,34.15040,-0.02000,-0.02000,1.64930,0.21760,0.27810,69.71860,-6.03040,-6.03040,-6.70470,-6.75660,0.16490,0.72400,2.44720,36.77730,-1.98980,-7.62360,-1.11420,-1.55690,0.76190,0.0133,-0.0179
2021-06-30,7.38200,2.62100,4.76100,0.40300,5.28100,5.68400,-0.92300,2.00900,1.08600,-0.00400,1.09000,1.09000,1.08200,0.03800,-0.92300,33.87660,34.31850,0.03000,0.03000,1.31960,0.01890,0.30140,64.49470,-12.50340,-12.50340,14.71150,14.65730,0.16440,0.85960,2.58650,34.79550,4.22500,9.59850,2.42770,4.14510,0.76130,0.0068,-0.014
2021-03-31,5.82700,2.11400,3.71300,0.38400,5.72100,6.10500,-2.39200,-0.02200,-2.41400,-0.00400,-2.41000,-2.41000,-2.41800,-1.47300,-2.39200,33.80210,33.80210,-0.07000,-0.07000,1.19880,0.02880,0.40620,63.72060,-41.05030,-41.05030,-41.42780,-41.49650,0.12710,0.63830,2.04240,44.06560,-9.98510,-25.80300,-5.25580,-9.69700,0.71370,0.00450,-0.01740
2020-12-31,6.71700,2.17600,4.54100,0.32400,4.56900,4.89300,-0.35200,-0.02300,-0.37500,0.06800,-0.44300,-0.44300,-0.44200,0.52400,-0.35200,33.60990,33.60990,-0.01000,-0.01000,1.31810,0.03900,0.37860,67.60460,-5.24040,-5.24040,-5.58280,-6.58030,0.14360,0.63180,2.28160,39.44620,-1.71100,-4.12320,-0.94700,-1.64430,0.76600,0.0106,-0.0109
2020-09-30,5.61300,2.38300,3.23000,0.41100,3.98000,4.39100,-1.16100,-0.02100,-1.18200,0.07200,-1.25400,-1.25400,-1.25400,-0.27100,-1.16100,33.75490,33.75490,-0.04000,-0.04000,1.33490,0.05100,0.37810,57.54500,-20.68410,-20.68410,-21.05830,-22.34100,0.11930,0.68050,2.23630,40.24590,-4.83670,-12.02650,-2.66450,-4.58990,0.76810,0.0162,-0.0266
2020-06-30,4.03000,2.06600,1.96400,0.24700,3.33200,3.57900,-1.61500,-0.01800,-1.63300,0.04700,-1.68000,-1.68000,-1.68000,-0.58700,-1.61500,33.73170,33.73170,-0.05000,-0.05000,1.43900,0.06070,0.36610,48.73450,-40.07440,-40.07440,-40.52110,-41.68730,0.08720,0.59540,2.96110,30.39450,-6.27380,-15.37760,-3.63560,-5.89330,0.79330,0.0176,0.0176
2020-03-31,6.73000,2.33100,4.39900,0.29200,5.05500,5.34700,-0.94800,0.00100,-0.94700,0.08800,-1.03500,-1.03500,-1.01800,0.16900,-0.94800,33.16430,33.16430,-0.03000,-0.03000,1.35660,,0.25940,65.36400,-14.08620,-14.08620,-14.07130,-15.12630,0.14620,0.67160,2.09790,42.90040,-3.69010,-8.81450,-2.24770,-3.69010,0.83190,0.01800,0.01800
2019-12-31,8.89800,2.77200,6.12600,0.21400,5.96900,6.18300,-0.05700,-0.49600,-0.55300,-0.03800,-0.51500,-0.51500,-0.72700,1.15400,-0.05700,31.97870,31.97870,-0.01000,-0.01000,1.35110,,0.25390,68.84690,-0.64060,-0.64060,-6.21490,-8.17040,0.18790,0.91580,2.02870,44.36280,-1.79740,-4.32950,-1.08780,-1.79740,0.87010,0.0358,0.0323
2019-09-30,7.48000,2.85500,4.62500,0.24900,5.10500,5.35400,-0.72900,-0.15300,-0.88200,-0.02200,-0.86000,-0.86000,-0.84000,0.49200,-0.72900,32.90330,32.90330,-0.03000,-0.03000,1.96770,0.14720,0.26000,61.83160,-9.74600,-9.74600,-11.79140,-11.23000,0.15740,0.79620,2.05210,43.85700,-2.98040,-7.38450,-1.80990,-2.54170,0.87700,0.021,0.021
2019-06-30,7.72500,2.81500,4.91000,0.23500,5.65800,5.89300,-0.98300,-0.14500,-1.12800,-0.04600,-1.08200,-1.08200,-1.00700,0.24900,-0.98300,31.35910,31.35910,-0.03000,-0.03000,2.12390,0.16210,0.25340,63.55990,-12.72490,-12.72490,-14.60190,-13.03560,0.16100,0.78040,2.22240,40.49710,-3.67300,-9.17260,-2.25570,-3.07750,0.89530,0.002,0.0019
2019-03-31,7.48300,2.87400,4.60900,0.30400,5.54600,5.85000,-1.24100,-0.13500,-1.37600,-0.04300,-1.33300,-1.33300,-1.21600,0.09000,-1.24100,30.70350,30.70350,-0.04000,-0.04000,2.32020,0.17520,0.24580,61.59300,-16.58430,-16.58430,-18.38840,-16.25020,0.15670,0.92090,2.09310,42.99750,-4.40850,-10.99560,-2.79230,-3.63620,0.97160,0.01090,0.01090
2018-12-31,8.00000,2.74200,5.25800,0.23400,5.09000,5.32400,-0.06600,0.08700,0.02100,-0.26400,0.28500,0.28500,-0.45500,1.22200,-0.06600,19.58900,19.58900,0.06000,0.06000,2.69410,0.18610,0.23670,65.72500,-0.82500,-0.82500,0.26250,-5.68750,0.16840,0.98140,2.35780,38.17130,0.91210,2.24760,0.59990,0.74230,1.04360,0.0878,0.0874
2018-09-30,7.72900,3.09900,4.63000,0.22400,4.77600,5.00000,-0.37000,-0.31800,-0.68800,-0.08000,-0.60800,-0.60800,-0.53900,0.97400,-0.37000,29.91280,29.91280,-0.02000,-0.02000,4.54480,0.18070,0.22060,59.90430,-4.78720,-4.78720,-8.90150,-6.97370,0.16730,1.24560,2.83320,31.76610,-1.82170,-4.13410,-1.31630,-1.49240,1.11470,0.065,0.0652
2018-06-30,7.38800,3.54900,3.83900,0.26900,4.78900,5.05800,-1.21900,-0.37000,-1.58900,0.04000,-1.62900,-1.62900,-0.95800,0.20100,-1.21900,13.73440,13.73440,-0.07000,-0.07000,4.76590,0.18020,0.22140,51.96260,-16.49970,-16.49970,-21.50790,-12.96700,0.16180,1.47080,2.87020,31.35630,-4.89200,-11.45010,-3.56830,-4.01020,1.11990,-0.0187,-0.0178
2018-03-31,6.73800,3.34500,3.39300,0.33800,4.75500,5.09300,-1.70000,-0.34100,-2.04100,0.04000,-2.08100,-2.08100,-2.08100,-0.19800,-1.70000,4.37140,4.37140,-0.12000,-0.12000,1.14930,0.25750,0.53170,50.35620,-25.23000,-25.23000,-30.29090,-30.88450,0.18330,1.10430,2.70490,33.27250,-10.50850,-626.80580,-5.66180,-7.80100,4.52320,0.01370,0.01240
2017-12-31,8.91000,3.81600,5.09400,0.40200,5.54100,5.94300,-0.84900,-3.60600,-4.45500,-0.05200,-4.40300,-4.40300,-4.40300,-0.70700,-0.84900,2.71380,2.71380,1.61000,1.61000,1.02660,0.28320,0.53300,57.17170,-9.52860,-9.52860,-50.00000,-49.41640,0.22770,1.26820,2.83670,31.72730,-22.15240,588.63700,-11.25200,-15.87640,4.61900,0.619,0.6307
2017-09-30,7.28500,3.27600,4.00900,0.41100,4.17000,4.58100,-0.57200,-13.06100,-13.63300,0.03800,-13.67100,-13.67100,-13.67100,1.81200,-0.57200,2.47770,2.47770,-3.32000,-3.32000,1.64100,0.26990,0.45210,55.03090,-7.85180,-7.85180,-187.13800,-187.65960,0.18270,0.92730,2.28800,39.33560,-57.16980,-486.16640,-34.29410,-41.73200,9.65170,0.1772,0.1362
2017-06-30,8.47100,3.17300,5.29800,0.42300,4.56600,4.98900,0.30900,-1.44100,-1.13200,0.07300,-1.20500,-1.20500,-1.20500,2.93100,0.30900,2.32700,2.32700,-0.52000,-0.52000,1.34570,0.64970,2.16140,62.54280,3.64770,3.64770,-13.36320,-14.22500,0.19750,0.91000,2.37950,37.82320,-10.37540,11.49040,-2.80870,-3.63500,4.68680,0.3535,0.3568
2017-03-31,7.09700,2.73300,4.36400,0.47500,4.57600,5.05100,-0.68700,-1.47800,-2.16500,0.07000,-2.23500,-2.23500,-2.23500,1.63300,-0.68700,2.17670,2.17670,-1.03000,-1.03000,1.39150,0.63220,1.94190,61.49080,-9.68010,-9.68010,-30.50590,-31.49220,0.16430,1.02360,2.15850,41.69650,-17.75080,22.19680,-5.17280,-6.52840,5.77090,0.37580,0.28390
2016-12-31,7.58100,3.00500,4.57600,0.38800,3.78400,4.17200,0.40400,-1.22700,-0.82300,0.06400,-0.88700,-0.88700,-0.88700,2.63300,0.40400,2.11900,2.31570,-0.40000,-0.59000,1.75310,0.59670,1.61920,60.36140,5.32910,5.32910,-10.85610,-11.70030,0.17550,1.06670,2.23630,40.24540,-6.02660,11.83300,-2.05360,-2.43020,6.79230,0.6465,0.6465
2016-09-30,7.76700,3.07000,4.69700,0.38200,4.72000,5.10200,-0.40500,-1.04000,-1.44500,0.06400,-1.50900,-1.50900,-1.50900,1.75200,-0.40500,2.13600,2.13600,-0.71000,-0.71000,2.03160,0.58020,1.43630,60.47380,-5.21440,-5.21440,-18.60440,-19.42840,0.18080,0.95080,2.64540,34.02090,-9.50490,22.22060,-3.51340,-3.98950,7.39630,0.1736,0.1736
2016-06-30,7.73900,3.13900,4.60000,0.63400,5.42400,6.05800,-1.45800,2.01700,0.55900,0.06100,0.49800,0.49800,0.49800,0.82400,-1.45800,2.11790,2.31100,0.24000,-1.17000,2.17460,0.56210,1.28890,59.43920,-18.83960,-18.83960,7.22320,6.43490,0.17430,0.83620,2.85780,31.49240,2.88340,-8.51280,1.12150,1.26260,8.13720,-0.1566,-0.1566
2016-03-31,7.62000,3.42200,4.19800,0.52500,5.81100,6.33600,-2.13800,0.76700,-1.37100,0.06600,-1.43700,-1.43700,-1.43700,0.23300,-2.13800,2.06790,2.66160,-0.70000,-1.30000,1.95900,0.59020,1.45340,55.09190,-28.05770,-28.05770,-17.99210,-18.85830,0.16040,0.82420,2.34680,38.35040,-9.56020,16.57630,-3.02470,-3.91720,7.15610,-0.52450,-0.52450
2015-12-31,9.48000,3.49200,5.98800,0.94800,6.55500,7.50300,-1.51500,1.04000,-0.47500,,-0.59400,-0.59400,-0.59400,1.11400,-1.51500,1.70730,1.70730,0.55000,0.75000,1.69220,0.55040,1.24260,63.16460,-15.98100,-15.98100,-5.01050,-6.26580,0.18930,0.84590,2.33040,38.62030,-3.69260,7.36240,-1.18610,-1.66030,7.82210,-0.1704,-0.1819
2015-09-30,8.32300,3.04200,5.28100,0.56000,7.04400,7.60400,-2.32300,-6.91100,-9.23400,,-9.23400,-9.23400,-12.19600,4.44700,-2.32300,1.88840,1.88840,-6.45000,-6.45000,0.78350,0.41740,1.27610,63.45070,-27.91060,-27.91060,-110.94560,-146.53370,0.15960,0.77700,1.99020,45.22170,-58.16700,105.74900,-17.70530,-33.88750,8.02870,-0.8108,-0.8198
2015-06-30,0.61100,6.47400,-5.86300,0.28200,2.86000,3.14200,-9.00500,1.15800,-7.84700,,-7.84700,-7.84700,-7.84700,-7.99400,-9.00500,1.61360,1.93760,-4.85000,-5.05000,0.80970,0.27650,0.64770,-959.57440,-1473.81300,-1473.81300,-1284.28800,-1284.28800,0.01120,1.89910,0.16680,539.55810,-28.79420,-358.14730,-14.42150,-20.83310,15.14560,-0.4712,-0.4712
2015-03-31,0.08100,0.71100,-0.63000,0.23900,2.76300,3.00200,-3.63200,-3.64000,-7.27200,,-7.27200,-7.27200,-7.27200,-1.12100,-3.63200,1.29440,1.29440,-5.60000,-5.60000,3.57200,0.38430,0.62410,-777.77780,-4483.95000,-4483.95000,-8977.77800,-8977.77800,0.00500,0.13700,13.85800,6.49440,-96.42110,-96.86320,-44.82860,-59.36150,5.01190,-2.39570,-2.39570
2014-12-31,0.37440,1.17950,-0.80510,0.21720,2.60850,2.82560,-3.63080,-0.87260,-4.50340,,-4.50340,-4.50340,-6.39040,-1.50080,-3.63080,1.05920,1.05920,-5.40000,-5.40000,7.86600,0.28950,0.40740,-215.06320,-969.85240,-969.85240,-1202.95500,-1707.01200,0.01870,0.22360,1.70160,52.89000,-36.68760,-36.79550,-22.43850,-26.06590,10.16730,-2.6586,-2.6589
2014-09-30,0.21800,1.56000,-1.34200,0.34500,2.31400,2.65900,-4.00100,1.71300,-2.28800,,-2.28800,-2.28800,-2.28800,-3.08800,-4.00100,1.04320,1.04320,-2.20000,-2.20000,5.19410,0.24840,0.33060,-615.59630,-1835.32100,-1835.32100,-1049.54100,-1049.54100,0.00900,0.29080,2.55780,35.18670,-15.02990,-15.06630,-9.41040,-11.29510,14.58810,-3.4726,-3.4621
2014-06-30,0.22500,1.27700,-1.05200,0.37100,2.83500,3.20600,-4.25800,4.88500,0.62700,,0.62700,0.62700,0.62700,-4.07380,-4.25800,1.04260,1.04260,0.60000,0.60000,1.63000,,,-467.55560,-1892.44400,-1892.44400,278.66680,278.66670,0.01800,0.32350,4.54800,19.78880,8.78050,8.82750,5.01970,8.77900,6.84890,-3.3114,-3.3056
2014-03-31,0.09760,0.91850,-0.82090,0.70780,3.20350,3.91140,-4.73220,-3.24840,-7.98060,,-7.98060,-7.98060,-7.98060,-4.03540,-4.73220,0.97860,0.97860,-8.15000,-8.15000,1.31400,,,-840.74330,-4846.72100,-4846.72100,-8173.65700,-8173.65700,0.00560,0.16260,2.86150,31.45180,-125.59920,-126.38060,-45.98770,-125.57470,6.09830,-7.27660,-7.27660
2013-12-31,0.14000,0.91400,-0.77400,0.54000,3.09600,3.63600,-4.41000,-0.20000,-4.61000,,-4.61000,-4.61000,-4.61000,-3.67460,-4.41000,0.92120,0.92120,-4.50000,-4.50000,1.83140,,,-552.85710,-3150.00000,-3150.00000,-3292.85700,-3292.85700,0.00990,0.16230,2.45610,36.64290,-55.56890,-55.85170,-32.62100,-55.56900,8.73260,-3.0854,-3.0757
2013-09-30,0.10770,1.97650,-1.86880,0.85680,3.48070,4.33750,-6.20620,-1.19820,-7.40440,,-7.40440,-7.40440,-7.40440,-5.35970,-6.20620,0.86240,0.86240,-8.60000,-8.60000,1.37260,,,-1735.07200,-5762.15800,-5762.15800,-6874.60200,-6874.60200,0.00820,7.27760,2.11540,42.54460,-71.96050,-72.26300,-56.30970,-71.96060,11.92610,-5.7987,-7.0701
2013-06-30,0.14440,1.38140,-1.23700,1.12300,4.67250,5.79550,-7.03260,-0.38920,-7.42180,,-7.42180,-7.42180,-7.42180,-6.42230,-7.03260,0.86180,0.86180,-8.60000,-8.60000,4.39340,0.22220,0.30580,-856.68740,-4870.22100,-4870.22100,-5139.75400,-5139.75400,0.00540,4.99620,0.69340,129.80220,-42.32700,-42.43420,-27.90160,-32.92240,20.33580,-4.4258,-6.7043
2013-03-31,0.14410,1.08030,-0.93620,1.26200,4.28720,5.54920,-6.48540,-0.02620,-6.51160,,-6.51160,-6.51160,-6.51160,-5.98870,-6.48540,0.78470,0.78470,-8.50000,-8.50000,10.21760,0.18410,0.22560,-649.66200,-4500.61900,-4500.61900,-4518.81800,-4518.81800,0.00450,2.47220,0.85060,105.80340,-27.78990,-27.84410,-20.45410,-22.67460,27.22260,-7.76420,-9.85590
2012-12-31,0.12200,0.97100,-0.84900,1.28500,3.95300,5.23800,-6.08700,0.00900,-6.07800,,-6.07800,-6.07800,-6.07800,-5.70010,-6.08700,0.63450,0.63450,-9.50000,-9.50000,3.20740,,,-695.90160,-4989.34400,-4989.34400,-4981.96700,-4981.96700,0.00710,1.43640,0.67780,132.78690,-43.49190,-43.63870,-35.19400,-43.49200,21.69690,-7.1685,-10.892
2012-09-30,0.06910,0.56890,-0.49980,1.39850,3.46940,4.86790,-5.36770,0.01080,-5.35690,,-5.35690,-5.35690,-5.35690,-5.11500,-5.36770,0.61330,0.61330,-8.50000,-8.50000,6.22100,,,-722.97660,-7764.99300,-7764.99300,-7749.32800,-7749.32800,0.00340,0.86650,0.68730,130.94770,-30.48130,-30.56880,-26.59800,-30.48130,28.05250,-7.9133,-11.6021
2012-06-30,0.07580,0.37200,-0.29630,1.67330,3.52860,5.20200,-5.49820,0.01400,-5.48420,,-5.48420,-5.48420,-5.48420,-5.31590,-5.49820,0.60660,0.60660,-9.00000,-9.00000,7.68630,,,-391.10710,-7257.68500,-7257.68500,-7239.18200,-7239.18200,0.00350,0.78580,1.10820,81.21230,-28.38130,-28.45970,-25.04080,-28.38130,31.85290,-6.4451,-8.0643
2012-03-31,0.01130,0.13040,-0.11920,2.43480,3.21750,5.65230,-5.77140,0.01840,-5.75300,,-5.75300,-5.75300,-5.75300,-5.62340,-5.77140,0.60630,0.60630,-9.50000,-9.50000,15.13930,,,-1059.20000,-51301.41000,-51301.41000,-51138.00000,-51138.00000,0.00040,0.32570,0.93140,96.62400,-23.54800,-23.60240,-22.02130,-23.54810,40.27270,-8.76910,-9.44220
2011-12-31,,,,2.02150,2.51510,,-4.53660,0.01420,-4.52230,,-4.52230,-4.52230,-4.52230,-1.20620,-4.53660,0.50830,0.50830,-8.50000,-8.50000,20.07220,,,,,,,,,,,,-15.17190,-15.20210,-14.40540,-15.17190,49.17410,-7.6988,-7.7875
2011-09-30,,,,2.43780,3.69000,,-6.12780,0.01710,-6.11070,,-6.11070,-6.11070,-6.11070,-5.99600,-6.12780,0.50530,0.50530,-12.00000,-12.00000,13.54920,,,,,,,,,,,,-32.42090,-32.52830,-30.10820,-32.42100,37.30330,-7.7496,-7.8047
2011-06-30,,,,2.62060,2.20810,,-4.82860,0.01900,-4.80970,,-4.80970,-4.80970,-4.80970,-4.69190,-4.82860,0.50530,0.50530,-9.50000,-9.50000,17.28230,,,,,,,,,,,,-21.11220,-21.17270,-19.90050,-21.11220,45.08860,-10.0449,-10.0908
2011-03-31,,,,2.57610,2.39310,,-4.96920,0.02720,-4.94210,,-4.94210,-4.94210,-4.94210,-4.82220,-4.96920,0.50530,0.50530,-10.00000,-10.00000,15.77710,,,,,,,,,,,,-18.28530,-18.33150,-17.15150,-18.28530,53.49240,-8.85090,-8.86600
2010-12-31,,,,3.22020,2.38570,,-5.60590,0.28110,-5.32480,,-5.32480,-5.32480,-5.32480,-4.72280,-5.60590,0.48090,0.48090,-10.50000,-10.50000,18.41290,,,,,,,,,,,,-16.74520,-16.78280,-15.85270,-16.74520,62.93580,-12.0931,-12.1496
2010-09-30,,,,2.93670,2.03320,,-4.96980,0.01470,-4.95510,,-4.95510,-4.95510,-4.95510,-4.82650,-4.96980,0.50220,0.50220,-10.00000,-10.00000,20.01900,,,,,,,,,,,,-13.40140,-13.42840,-12.75170,-13.40140,73.27470,-7.3877,-8.1012
2010-06-30,,,,2.55270,2.04820,,-4.60080,0.00950,-4.59130,,-4.59130,-4.59130,-4.59130,-4.46750,-4.60080,0.46060,0.46060,-10.00000,-10.00000,15.29070,,,,,,,,,,,,-17.34060,-17.39120,-16.27700,-17.34060,57.48460,-9.2633,-9.8733
2010-03-31,,,,2.78710,2.27120,,-5.05820,0.00700,-5.05130,,-5.05130,-5.05130,-5.05130,-4.93810,-5.05820,0.45490,0.45490,-11.00000,-11.00000,18.57730,,,,,,,,,,,,-16.36200,-16.40450,-15.53520,-16.36200,67.03720,-10.39510,-11.16500
2009-12-31,,,,3.31390,2.27010,,-5.58400,0.00370,-5.58030,,-5.58030,-5.58030,-5.58030,-5.50330,-5.58400,0.38590,0.38590,-12.50000,-12.50000,16.75150,,,,,,,,,,,,-18.40720,-18.45780,-17.36960,-18.40720,67.80850,-13.7905,-16.4129
2009-09-30,,,,2.80120,2.26260,,-5.06380,0.01590,-5.04790,,-5.04790,-5.04790,-5.04790,-4.99350,-5.06380,0.39520,0.39520,-13.00000,-13.00000,16.51220,,,,,,,,,,,,-20.51800,-20.58990,-19.32000,-20.51800,58.57100,-9.6397,-10.0002
2009-06-30,,,,2.30060,1.57180,,-3.87240,0.03730,-3.83510,,-3.83510,-3.83510,-3.83510,-3.78910,-3.87240,0.35310,0.35310,-11.00000,-11.00000,6.03330,,,,,,,,,,,,-50.27210,-50.86520,-42.78790,-50.27200,21.56700,-10.583,-10.8426
2009-03-31,,,,2.53440,1.52670,,-4.06120,0.07160,-3.98960,,-3.98960,-3.98960,-3.98960,-3.98110,-4.06120,0.35270,0.35270,-11.50000,-11.50000,8.34210,,,,,,,,,,,,-35.55080,-35.84450,-31.52650,-35.55080,31.81080,-10.82640,-10.82640
