Date,revenue,cost-goods-sold,gross-profit,research-development-expenses,selling-general-administrative-expenses,operating-expenses,operating-income,total-non-operating-income-expense,pre-tax-income,total-provision-income-taxes,income-after-taxes,income-from-continuous-operations,net-income,ebitda,ebit,basic-shares-outstanding,shares-outstanding,eps-basic-net-earnings-per-share,eps-earnings-per-share-diluted,current-ratio,long-term-debt-capital,debt-equity-ratio,gross-margin,operating-margin,ebit-margin,pre-tax-profit-margin,net-profit-margin,asset-turnover,inventory-turnover,receiveable-turnover,days-sales-in-receivables,roe,return-on-tangible-equity,roa,roi,book-value-per-share,operating-cash-flow-per-share,free-cash-flow-per-share
2023-09-30,162.13300,96.48400,65.64900,23.56700,84.88000,108.44700,-42.79800,0.68700,-42.11100,0.64500,-42.75600,-47.27900,-47.27900,-29.94300,-42.79800,69.09300,69.09300,-0.68000,-0.68000,2.91040,,,40.49080,-26.39690,-26.39690,-25.97310,-29.16060,0.13720,0.48870,0.98820,91.07800,-5.35350,-7.25410,-4.00070,-5.35350,12.76860,-0.1806,-0.2129
2023-06-30,159.75100,93.52900,66.22200,24.30500,75.57600,99.88100,-33.65900,0.68700,-32.97200,0.72500,-33.69700,-38.61500,-38.61500,-20.99600,-33.65900,68.64800,68.64800,-0.56000,-0.56000,2.92370,,,41.45330,-21.06970,-21.06970,-20.63960,-24.17200,0.12980,0.44290,1.02230,88.03550,-4.18260,-5.66480,-3.13830,-4.18260,13.39140,-0.3345,-0.3747
2023-03-31,149.37700,83.98200,65.39500,21.47500,60.71700,82.19200,-16.79700,0.77300,-16.02400,3.77500,-19.79900,-22.22400,-22.22400,-5.11700,-16.79700,67.58300,67.58300,-0.33000,-0.33000,3.28990,,,43.77850,-11.24470,-11.24470,-10.72720,-14.87780,0.12070,0.41580,1.03360,87.07300,-2.35310,-2.98320,-1.79650,-2.35310,13.86820,-0.26520,-0.32030
2022-12-31,159.25900,90.61100,68.64800,21.38700,45.66500,67.05200,1.59600,2.30900,3.90500,2.65800,1.24700,-2.39000,-2.39000,16.91400,1.59600,66.49100,66.49100,-0.03000,-0.03000,3.32400,,,43.10460,1.00210,1.00210,2.45200,-1.50070,0.12640,0.46690,1.10030,81.79450,-0.24910,-0.30920,-0.18970,-0.24910,14.30150,-0.2795,-0.3091
2022-09-30,162.19200,91.44300,70.74900,23.14500,63.23000,86.37500,-15.62600,39.58800,23.96200,3.29800,20.66400,18.74900,18.74900,-1.09900,-15.62600,66.77200,67.03800,0.28000,0.28000,3.24970,,,43.62050,-9.63430,-9.63430,14.77390,11.55980,0.12800,0.53650,1.15640,77.82890,1.97620,2.48590,1.47930,1.97620,14.20590,-0.2701,-0.3324
2022-06-30,166.60300,99.21000,67.39300,24.34600,66.59200,90.93800,-23.54500,-1.17000,-24.71500,-0.42900,-24.28600,-24.38500,-24.38500,-8.91100,-23.54500,66.56800,66.56800,-0.37000,-0.37000,3.92080,,,40.45130,-14.13240,-14.13240,-14.83470,-14.63660,0.13550,0.64550,1.25890,71.49250,-2.63990,-3.36300,-1.98280,-2.63990,13.83960,-0.3401,-0.3963
2022-03-31,163.42900,93.75200,69.67700,23.99800,65.26300,89.26100,-19.58400,-1.36200,-20.94600,-0.07300,-20.87300,-20.94800,-20.94800,-4.29400,-19.58400,65.72100,65.72100,-0.32000,-0.32000,3.91890,,0.00760,42.63440,-11.98320,-11.98320,-12.81660,-12.81780,0.13010,0.65510,1.19780,75.13940,-2.22210,-2.85280,-1.66730,-2.22210,14.19560,-0.24440,-0.30130
2021-12-31,167.01600,93.97300,73.04300,22.62000,66.58400,89.20400,-16.16100,13.70800,-2.45300,2.10300,-4.55600,-4.83600,-4.83600,-1.47700,-16.16100,63.47100,63.47100,-0.07000,-0.07000,3.80440,,,43.73410,-9.67630,-9.67630,-1.46870,-2.89550,0.13080,0.72760,1.29090,69.72020,-0.50590,-0.65470,-0.37860,-0.50590,14.55630,0.0815,-0.063
2021-09-30,159.00900,90.82100,68.18800,22.64500,67.46200,90.10700,-21.91900,-0.63400,-22.55300,-0.69900,-21.85400,-18.07600,-18.07600,-8.20200,-21.91900,65.01800,65.01800,-0.28000,-0.28000,4.61660,0.00870,0.01670,42.88310,-13.78480,-13.78480,-14.18350,-11.36790,0.12950,0.75730,1.30500,68.96670,-1.90180,-2.27750,-1.47200,-1.88530,14.51810,0.0456,-0.0285
2021-06-30,147.00500,83.73500,63.27000,22.43700,63.55700,85.99400,-22.72400,-0.37200,-23.09600,-4.36800,-18.72800,-20.15900,-20.15900,-8.83100,-22.72400,64.90800,64.90800,-0.31000,-0.31000,4.95220,,0.00860,43.03940,-15.45800,-15.45800,-15.71100,-13.71310,0.12020,0.67400,1.33680,67.32570,-2.09700,-2.52810,-1.64830,-2.09700,14.70040,0.0492,-0.0574
2021-03-31,134.18900,78.61200,55.57700,20.60100,53.33400,73.93500,-18.35800,-0.37700,-18.73500,-0.94200,-17.79300,-18.91100,-18.91100,-4.55600,-18.35800,58.61600,58.61600,-0.32000,-0.32000,5.34980,,,41.41700,-13.68070,-13.68070,-13.96170,-14.09280,0.11040,0.63300,1.30560,68.93410,-1.94600,-2.35770,-1.55530,-1.94600,14.90060,0.38810,0.31970
2020-12-31,142.39500,76.37600,66.01900,18.95300,49.59400,454.70100,-388.68190,386.42600,-2.25600,-14.14400,11.88800,10.68900,11.03000,-376.55000,-388.68190,54.91800,54.91800,0.18000,0.18000,4.24120,,,46.36330,-272.96040,-272.96040,-1.58430,7.74610,0.14380,0.58000,1.34250,67.03970,1.40760,1.80530,1.07970,1.40760,13.41240,0.4317,0.3026
2020-09-30,127.89200,78.12300,49.76900,19.56200,48.34300,67.90500,-18.13600,-386.32100,-404.45700,-0.34300,-404.11400,-405.06600,-405.06200,-5.81200,-18.13600,55.08600,55.08600,-7.35000,-7.35000,4.39870,,,38.91490,-14.18070,-14.18070,-316.24890,-316.72200,0.14070,0.51170,1.23340,72.97070,-56.51240,-62.15620,-44.55640,-56.51240,13.00580,0.0468,-0.0774
2020-06-30,117.62300,73.88700,43.73600,21.30300,51.71100,73.01400,-29.27800,0.14900,-29.12900,-2.12800,-27.00100,-27.95100,-27.98600,-16.63100,-29.27800,54.91700,54.91700,-0.51000,-0.51000,4.29870,,,37.18320,-24.89140,-24.89140,-24.76470,-23.79300,0.08950,0.44890,1.15080,78.20820,-2.50060,-4.25770,-2.12710,-2.50060,20.31170,-0.179,-0.301
2020-03-31,132.90700,73.03700,59.87000,24.19400,55.57600,79.77000,-19.90000,-0.82900,-20.72900,0.22100,-20.95000,-21.78800,-21.70300,-7.44300,-19.90000,54.54400,54.54400,-0.40000,-0.40000,3.91070,,,45.04650,-14.97290,-14.97290,-15.59660,-16.32950,0.09780,0.42340,1.15480,77.93700,-1.91250,-3.24070,-1.60270,-1.91250,20.78970,0.20670,0.09140
2019-12-31,160.15700,81.49800,78.65900,24.01900,57.92100,81.94000,-3.28100,1.75800,-1.52300,0.43900,-1.96200,-2.86900,-2.79000,9.72700,-3.28100,54.26000,54.26000,-0.05000,-0.05000,4.12130,0.01060,0.01080,49.11370,-2.04860,-2.04860,-0.95090,-1.74200,0.11590,0.48370,1.20820,74.49080,-0.24790,-0.41930,-0.20770,-0.24530,21.25510,-0.0635,-0.1763
2019-09-30,157.46000,80.05100,77.40900,23.62000,59.74100,83.36100,-5.95200,0.28900,-5.66300,0.58600,-6.24900,-6.98200,-6.94100,6.91900,-5.95200,54.39400,54.39400,-0.13000,-0.13000,3.92610,,,49.16110,-3.78000,-3.78000,-3.59650,-4.40810,0.11320,0.48590,1.17730,76.44400,-0.60460,-1.02810,-0.50190,-0.60460,21.21650,-0.1581,-0.2703
2019-06-30,163.16300,81.99600,81.16700,24.04000,56.32200,80.36200,0.80500,1.75500,2.56000,1.28000,1.28000,1.08500,1.15200,13.16800,0.80500,54.23100,54.68700,0.02000,0.02000,3.84880,,,49.74600,0.49340,0.49340,1.56900,0.70600,0.11680,0.55480,1.24030,72.56020,0.09380,0.16090,0.07760,0.09380,21.27700,-0.07,-0.1471
2019-03-31,155.30000,78.84300,76.45700,22.57400,57.15400,79.72800,-3.27100,0.75300,-2.51800,1.21800,-3.73600,-2.31300,-2.27000,9.42900,-3.27100,53.96600,53.96600,-0.04000,-0.04000,3.83530,,,49.23180,-2.10620,-2.10620,-1.62140,-1.46170,0.11210,0.59850,1.20930,74.42240,-0.20170,-0.35060,-0.16700,-0.20170,21.21940,0.08530,-0.02580
2018-12-31,177.11900,90.12000,86.99900,24.37900,66.42300,90.80200,-3.80300,0.74700,-3.05600,3.62600,-6.68200,6.22800,6.30700,11.54500,-3.80290,53.75100,53.75100,0.13000,0.13000,3.89220,0.01890,0.02380,49.11900,-2.14710,-2.14710,-1.72540,3.56090,0.12760,0.72960,1.28210,70.19650,0.54530,0.95960,0.44860,0.53500,21.19700,0.3475,0.2646
2018-09-30,162.04900,83.12100,78.92800,25.78600,49.79200,75.57800,3.35000,-0.03900,3.31100,0.30400,3.00700,-0.74500,-0.67900,18.64000,3.35000,53.76900,53.76900,-0.01000,-0.01000,3.95370,0.02020,0.02520,48.70630,2.06730,2.06730,2.04320,-0.41900,0.11860,0.70400,1.25160,71.90990,-0.06600,-0.11910,-0.05450,-0.06460,20.98980,0.0914,-0.0294
2018-06-30,170.23600,86.58900,83.64700,23.68900,61.88700,85.57600,-1.92900,-0.08300,-2.01200,0.20500,-2.21700,-3.57700,-3.55100,13.31100,-1.92900,53.72200,53.72200,-0.08000,-0.08000,3.66080,0.02140,0.02640,49.13590,-1.13310,-1.13310,-1.18190,-2.08590,0.12440,0.73980,1.37880,65.27370,-0.31810,-0.58380,-0.26140,-0.31130,20.92860,0.2422,0.1592
2018-03-31,153.83300,78.18300,75.65000,25.11000,57.00500,82.11500,-6.46500,0.00800,-6.45700,0.60100,-7.05800,-13.13100,-13.04100,8.90700,-6.46500,53.65700,53.65700,-0.24000,-0.24000,3.65240,0.02240,0.02750,49.17670,-4.20260,-4.20260,-4.19740,-8.47740,0.11180,0.65120,1.28360,70.11470,-1.16370,-2.15910,-0.95450,-1.13760,21.00930,0.50420,0.43270
2017-12-31,179.34300,92.07700,87.26600,26.58500,66.65700,93.24200,-5.97600,0.66700,-5.30900,4.06800,-9.37700,-11.08700,-9.98000,10.86800,-5.97600,52.95900,52.95900,-0.19000,-0.19000,3.76560,0.02340,0.02850,48.65870,-3.33220,-3.33220,-2.96020,-5.56480,0.13000,0.79570,1.35180,66.57850,-0.97900,-1.83780,-0.80360,-0.95610,21.11670,0.3944,0.2728
2017-09-30,155.86700,80.62800,75.23900,21.76700,60.34500,82.11200,-6.87300,-0.30500,-7.17800,2.57100,-9.74900,-9.74900,-10.15700,9.94600,-6.87300,53.01200,53.01200,-0.19000,-0.19000,3.57760,0.01690,0.02050,48.27130,-4.40950,-4.40950,-4.60520,-6.51650,0.11430,0.64990,1.29350,69.58090,-0.85990,-1.64110,-0.71510,-0.84530,21.31040,0.0844,-0.0013
2017-06-30,169.99000,86.59800,83.39200,23.25100,65.18600,88.43700,-5.04500,0.42900,-4.61600,1.30800,-5.92400,-5.92400,-5.98700,11.36100,-5.04500,52.77800,52.77800,-0.11000,-0.11000,3.31520,0.01770,0.02130,49.05700,-2.96780,-2.96780,-2.71550,-3.52200,0.12400,0.74340,1.41260,63.71420,-0.52380,-1.01540,-0.43200,-0.51460,21.39600,0.1993,0.1052
2017-03-31,163.16200,86.28200,76.88000,24.63400,64.87500,89.50900,-12.62900,0.25600,-12.37300,1.32600,-13.69900,-13.69900,-13.85700,3.93700,-12.62900,52.69000,52.69000,-0.26000,-0.26000,3.23060,0.01860,0.02220,47.11880,-7.74020,-7.74020,-7.58330,-8.49280,0.11930,0.74370,1.41760,63.48850,-1.21470,-2.39220,-1.00130,-1.19210,21.38840,0.48730,0.36750
2016-12-31,175.30300,92.37900,82.92400,24.30400,88.77300,113.07690,-30.15300,0.12600,-30.02700,-15.72900,-14.29800,-14.11600,-14.76100,-7.01900,-30.15300,52.33000,52.58200,-0.29000,-0.28000,3.35970,0.01920,0.02290,47.30330,-17.20050,-17.20050,-17.12860,-8.42030,0.12830,0.78610,1.45590,61.81860,-1.24260,-2.46390,-1.03330,-1.21870,21.58090,0.4916,0.2378
2016-09-30,157.17600,83.49500,73.68100,23.99300,69.06900,93.06200,-19.38100,0.12800,-19.25300,1.53800,-20.79100,-20.97300,-20.82700,3.57000,-19.38100,52.43200,52.43200,-0.40000,-0.40000,3.16510,,,46.87800,-12.33080,-12.33080,-12.24930,-13.25080,0.11480,0.65720,1.43890,62.54870,-1.82970,-3.80000,-1.53230,-1.82970,21.79240,-0.0459,-0.2488
2016-06-30,172.07300,92.54100,79.53200,24.36600,72.88400,97.25000,-17.71800,1.51900,-16.19900,2.45400,-18.65300,-18.65300,-18.49000,5.57800,-17.71800,52.16900,52.49600,-0.35000,-0.36000,3.05940,,0.00410,46.21990,-10.29680,-10.29680,-9.41400,-10.74540,0.12290,0.73630,1.51840,59.27390,-1.60900,-3.38760,-1.33280,-1.60900,22.20040,0.1267,-0.1293
2016-03-31,167.90600,86.73700,81.16900,25.11500,76.38700,101.50200,-20.33300,-0.54700,-20.88000,2.29100,-23.17100,-23.17100,-23.14100,3.16300,-20.33300,52.09800,52.09800,-0.44000,-0.44000,3.03720,,,48.34190,-12.10980,-12.10980,-12.43550,-13.78210,0.11880,0.69680,1.53860,58.49630,-1.97090,-4.20780,-1.64010,-1.97090,22.56230,0.60620,0.46070
2015-12-31,173.36200,120.29000,53.07200,31.91800,113.12600,145.04400,-91.97200,-96.78410,-188.75610,43.77000,-232.52610,-232.52610,-234.14300,-67.46400,-91.97200,51.59200,51.59200,-4.57000,-4.50000,3.16730,,,30.61340,-53.05200,-53.05200,-108.87980,-135.06020,0.12260,0.97280,1.40700,63.96650,-19.55970,-42.08770,-16.44040,-19.55970,22.82560,0.1459,-0.0355
2015-09-30,167.58000,247.47600,-79.89600,37.69800,121.30400,159.00200,-238.89800,-695.94100,-934.83900,-33.40200,-901.43700,-901.43700,-901.27300,-210.79100,-238.89800,51.94100,51.94100,-17.35000,-17.35000,3.41950,,,-47.67630,-142.55760,-142.55760,-557.84640,-537.81660,0.10150,1.75790,1.28220,70.19280,-63.58720,-143.75590,-54.60320,-63.58720,27.24610,-0.3442,-0.9332
2015-06-30,182.32200,99.41400,82.90800,25.50600,97.58100,123.08700,-40.17900,5.96900,-34.21000,-11.06600,-23.14400,-23.14400,-22.93100,-13.30600,-40.17900,51.40500,51.87000,-0.48000,-0.55000,,,,45.47340,-22.03740,-22.03740,-18.76350,-12.57720,,,,,,,,,,-0.303,-0.8838
2015-03-31,172.73100,126.64300,46.08800,27.23800,102.60800,129.84600,-83.75800,-142.26800,-226.02600,-9.62200,-216.40400,-216.40400,-216.28800,-54.85100,-83.75800,50.95600,50.95600,-4.24000,-4.24000,,,,26.68200,-48.49040,-48.49040,-130.85430,-125.21670,,,,,,,,,,0.07660,-0.20610
2014-12-31,,,,,,,,,,,,,,,,,,,0.00000,,,,,,,,,,,,,,,,,,0.0207,0.8882
2014-09-30,203.61000,115.76300,87.84700,23.35300,110.80300,134.15600,-46.30900,-6.96200,-53.27100,-21.91900,-31.35200,-31.35200,-31.32800,-46.30900,-46.30900,50.49000,50.49000,-0.62000,-0.62000,,,,43.14470,-22.74400,-22.74400,-26.16330,-15.38630,,,,,,,,,,-0.0207,-0.8882
2014-06-30,,,,,,,,,,,,,,,,,,,0.00000,,,,,,,,,,,,,,,,,,0,0
2014-03-31,,,,,,,,,,,,,,,,,,,0.00000,,,,,,,,,,,,,,,,,,0.00000,
2013-12-31,,,,,,,,,,,,,,,,,,,0.00000,,,,,,,,,,,,,,,,,,0,0
2013-09-30,,,,,,,,,,,,,,,,,,,0.00000,,,,,,,,,,,,,,,,,,0,0
2013-06-30,,,,,,,,,,,,,,,,,,,0.00000,,,,,,,,,,,,,,,,,,0,0
2013-03-31,,,,,,,,,,,,,,,,,,,0.00000,,,,,,,,,,,,,,,,,,0.00000,
2012-12-31,71.15100,38.31060,32.84040,7.08290,30.76500,37.84790,-5.00750,0.86980,-4.13770,-0.23760,-3.90010,-3.90010,-4.23210,5.52800,-5.00750,22.81200,23.77600,-0.22000,-0.23000,3.50060,,,46.15590,-7.03790,-7.03790,-5.81540,-5.94800,0.04110,0.56340,1.10010,81.81220,-0.24810,-1.62970,-0.22520,-0.24810,40.97140,-0.0421,-0.207
2012-09-30,49.72350,21.76700,27.95650,4.06680,14.78050,18.84740,9.10910,0.16340,9.27250,4.08940,5.18310,5.18310,5.18310,12.55190,9.10910,21.46800,22.00800,0.24000,0.24000,4.08780,,,56.22390,18.31950,18.31950,18.64820,10.42390,0.20300,0.67850,1.38640,64.91700,2.54220,3.35820,2.11640,2.54220,9.34630,-0.4419,-0.4953
2012-06-30,49.40540,23.24620,26.15920,4.15710,16.20970,20.36680,5.79240,0.05900,5.85150,2.83390,3.01760,3.01760,3.01760,8.66140,5.79240,21.31250,21.83430,0.14000,0.14000,3.21850,,,52.94810,11.72430,11.72430,11.84380,6.10790,0.20600,1.03200,1.47550,60.99670,1.55530,2.09510,1.25840,1.55530,9.09300,0.2313,0.0552
2012-03-31,44.96410,22.00920,22.95490,4.35220,11.37480,15.72690,7.22800,0.29570,7.52370,3.00140,4.52230,4.52230,4.52230,9.87770,7.22800,21.26580,21.80240,0.21000,0.21000,3.38750,,,51.05170,16.07500,16.07500,16.73270,10.05770,0.19660,1.01800,1.59730,56.34390,2.38730,3.25360,1.97710,2.38730,8.89730,0.31550,0.20280
2011-12-31,43.57210,20.70790,22.86420,3.67240,10.29970,13.97210,8.89210,-0.18690,8.70520,2.91950,5.78570,5.78570,5.78570,11.71010,8.89210,21.13300,21.65300,0.27000,0.27000,3.19950,,,52.47450,20.40780,20.40780,19.97880,13.27840,0.19650,0.90940,1.76820,50.89920,3.15620,4.36250,2.60890,3.15620,8.62800,0.4381,0.2901
2011-09-30,39.95300,18.39910,21.55390,3.61370,10.08350,13.69710,7.85680,0.81330,8.67010,2.81290,5.85720,5.85720,5.85720,10.63980,7.85680,21.16500,21.54300,0.28000,0.27000,2.71650,,,53.94820,19.66520,19.66520,21.70070,14.66010,0.18900,0.83690,1.68110,53.53750,3.32690,4.68320,2.77140,3.32690,8.31620,0.2792,0.1533
2011-06-30,37.79080,18.05540,19.73540,3.72580,9.91860,13.64450,6.09090,0.24840,6.33930,2.34570,3.99360,3.99360,3.99360,8.68380,6.09090,21.14550,21.78950,0.19000,0.18000,2.55580,,,52.22280,16.11750,16.11750,16.77480,10.56780,0.18450,0.85090,1.60790,55.97380,2.35530,3.38870,1.94990,2.35530,8.01240,0.1558,-0.106
2011-03-31,34.57810,16.32770,18.25050,3.34810,8.73620,12.08430,6.16610,1.47130,7.63740,2.64790,4.98950,4.98950,4.98950,8.32030,6.16610,21.00990,21.64770,0.24000,0.23000,3.60360,,,52.78030,17.83250,17.83250,22.08740,14.42960,0.18040,0.86750,1.58040,56.94780,3.02830,3.19160,2.60380,3.02830,7.79730,0.16660,0.10890
2010-12-31,34.51970,17.32470,17.19490,2.56340,8.47730,11.04070,6.15420,0.29960,6.45380,2.14840,4.30540,4.30540,4.30540,8.70060,6.15420,20.57900,21.13000,0.22000,0.20000,3.50640,,,49.81200,17.82820,17.82820,18.69590,12.47230,0.19340,0.96890,1.72160,52.27840,2.82720,2.95140,2.41250,2.82720,7.31350,0.3426,0.0805
2010-09-30,30.25860,15.54960,14.70900,2.24230,8.40390,10.64610,4.06280,0.49340,4.55620,1.38060,3.17560,3.17560,3.17560,6.64890,4.06280,20.58670,21.00080,0.15000,0.15000,3.42680,,,48.61100,13.42700,13.42700,15.05750,10.49470,0.18100,0.83070,1.53390,58.67350,2.22350,2.33410,1.89910,2.22350,6.91330,0.5715,0.5194
2010-06-30,30.05950,15.29750,14.76200,2.55080,8.19810,10.74890,4.01310,-0.29910,3.71400,1.38190,2.33220,2.33220,2.33220,6.13650,4.01310,20.52760,21.07000,0.11000,0.11000,3.91310,,,49.10930,13.35060,13.35060,12.35560,7.75850,0.19020,0.88260,1.38260,65.09260,1.69320,1.78560,1.47580,1.69320,6.69990,-0.005,-0.0206
2010-03-31,23.00630,13.58620,9.42010,2.39850,7.78370,10.18230,-0.76210,-0.12580,-0.88800,-0.44490,-0.44310,-0.44310,-0.44310,1.32400,-0.76210,20.44120,20.44120,-0.02000,-0.02000,5.10270,,,40.94560,-3.31280,-3.31280,-3.85960,-1.92600,0.14690,0.80610,1.16950,76.95320,-0.32920,-0.34830,-0.28290,-0.32920,6.56350,0.13070,0.09030
2009-12-31,26.85240,13.48270,13.36980,2.22670,7.56560,9.79230,3.57740,-0.24380,3.33360,0.94180,2.39180,2.39180,2.39180,5.14900,3.57740,20.23600,20.26800,0.11000,0.11000,4.51700,,,49.78970,13.32250,13.32250,12.41470,8.90730,0.17530,0.92300,1.39490,64.51870,1.84580,1.96160,1.56190,1.84580,6.36280,0.5561,0.5046
2009-09-30,24.32940,12.46110,11.86830,1.98340,7.48130,9.46480,2.40350,0.21550,2.61900,1.04020,1.57880,1.57880,1.57880,4.38280,2.40350,20.22940,20.23100,0.08000,0.08000,4.96270,,,48.78150,9.87910,9.87910,10.76480,6.48930,0.16800,0.80980,1.16480,77.26860,1.25730,1.34150,1.09020,1.25730,6.20520,0.4309,0.4315
2009-06-30,24.64830,13.07510,11.57320,1.65520,8.46760,10.12280,1.45040,-0.14980,1.30060,0.45100,0.84960,0.84960,0.84960,3.50640,1.45040,20.22300,20.24200,0.04000,0.04000,4.63200,,,46.95350,5.88440,5.88440,5.27650,3.44680,0.17170,0.71110,1.01440,88.72170,0.68800,0.73590,0.59180,0.68800,6.10480,0.1245,0.0979
2009-03-31,23.14480,13.57250,9.57240,1.87180,9.30820,11.17990,-1.60760,0.53670,-1.07090,-0.36700,-0.70390,-0.70390,-0.70390,0.59710,-1.60760,20.22200,20.22200,-0.03000,-0.03000,4.14180,,,41.35860,-6.94590,-6.94590,-4.62710,-3.04140,0.16140,0.67090,0.97710,92.10700,-0.57610,-0.61710,-0.49080,-0.57610,6.04190,0.14620,0.11280
