Date,revenue,gross-profit,selling-general-administrative-expenses,operating-income,total-non-operating-income-expense,pre-tax-income,total-provision-income-taxes,income-after-taxes,income-from-continuous-operations,net-income,ebitda,ebit,basic-shares-outstanding,shares-outstanding,eps-basic-net-earnings-per-share,eps-earnings-per-share-diluted,current-ratio,debt-equity-ratio,gross-margin,operating-margin,ebit-margin,pre-tax-profit-margin,net-profit-margin,asset-turnover,receiveable-turnover,days-sales-in-receivables,roe,return-on-tangible-equity,roa,roi,book-value-per-share,operating-cash-flow-per-share,free-cash-flow-per-share
2024-03-31,356.81000,356.81000,269.18600,87.62400,6.89100,94.51500,11.97300,82.54200,82.54200,30.82300,99.19200,87.62400,63.48900,66.54400,0.47000,0.47000,0.17090,0.08990,100.00000,24.55760,24.55760,26.48890,8.63850,0.09420,6.28530,14.31910,4.98870,10.73120,2.17860,4.98870,14.95390,0.0253,0.0224
2023-12-31,-14.61200,-14.61200,19.15300,-33.76500,9.62300,-24.14200,-0.72300,-23.41900,-23.41900,-20.22600,-21.48800,-33.76500,64.06900,64.06900,-0.32000,-0.32000,0.17620,0.07780,100.00000,231.07720,231.07720,165.22040,138.42050,-0.00420,-0.25140,-358.01670,-1.47310,-3.37480,-0.67530,-1.47310,14.40220,0.4576,0.3864
2023-09-30,191.42200,191.42200,130.32500,61.09700,5.88300,66.98000,7.72900,59.25100,59.25100,26.22500,73.20700,61.09700,62.85800,66.19800,0.42000,0.42000,0.15310,0.07540,100.00000,31.91740,31.91740,34.99080,13.70010,0.05300,4.23150,21.26890,3.61640,8.17770,1.64200,3.61640,14.84280,1.0684,0.9658
2023-06-30,178.01100,178.01100,121.19600,56.81500,1.22800,58.04300,8.59700,49.44600,49.44600,21.26900,68.92000,56.81500,62.83500,65.73900,0.34000,0.34000,0.13550,0.06050,100.00000,31.91660,31.91660,32.60640,11.94810,0.05040,3.86220,23.30300,3.03620,7.02340,1.40040,3.03620,14.90590,0.87600,0.75800
2023-03-31,172.37400,172.37400,100.24400,72.13000,-4.62500,67.50500,10.68900,56.81600,56.81600,28.80100,84.38300,72.13000,61.88500,61.88500,0.47000,0.47000,0.13250,0.06040,100.00000,41.84510,41.84510,39.16190,16.70840,0.04930,3.87790,23.20830,3.48820,8.19150,1.62450,3.48820,14.90810,0.0038,-0.0365
2022-12-31,-4.23500,-4.23500,5.24800,-9.48300,-4.80400,-14.28700,-0.73200,-13.55500,-13.55500,-6.93800,2.69800,-9.48300,62.19300,62.19300,-0.11000,-0.11000,0.12420,0.05190,100.00000,223.91960,223.91960,337.35530,163.82530,-0.00120,-0.09900,-908.90440,-0.84440,-2.05640,-0.38690,-0.84440,14.70070,0.0663,0.0497
2022-09-30,-158.49500,-158.49500,-104.15100,-54.34400,-20.14300,-74.48700,-7.42200,-67.06500,-67.06500,-29.22100,-42.50200,-54.34400,61.40800,61.40800,-0.48000,-0.48000,0.10330,0.03850,100.00000,34.28750,34.28750,46.99640,18.43650,-0.04430,-4.61490,-19.50190,-4.08660,-9.80220,-1.87560,-4.08660,15.08680,1.4328,1.4044
2022-06-30,-77.21800,-77.21800,-68.41800,-8.80000,-11.38500,-20.18500,1.28600,-21.47100,-21.47100,-11.04000,2.83900,-8.80000,61.14400,61.14400,-0.18000,-0.18000,0.08710,0.03600,100.00000,11.39630,11.39630,26.14030,14.29720,-0.01980,-2.21310,-40.66770,-1.22740,-2.74710,-0.54970,-1.22740,16.15440,0.94010,0.93440
2022-03-31,364.69000,364.69000,273.30600,91.38400,24.45800,115.84200,12.23500,103.60700,103.60700,41.81500,103.19000,91.38400,49.83400,53.60000,0.49000,0.50000,0.07460,0.03450,100.00000,25.05800,25.05800,31.76450,11.46590,0.08710,10.68190,8.42550,5.67920,12.25160,2.47380,5.67920,16.84660,1.038,1.0254
2021-12-31,410.46500,410.46500,292.73200,117.73300,24.34700,142.08000,15.78700,126.29300,126.29300,48.34600,129.51400,117.73300,57.87600,61.48300,0.84000,0.83000,0.08420,0.03450,100.00000,28.68280,28.68280,34.61440,11.77840,0.10170,12.57510,7.15700,6.94660,15.29560,3.12870,6.94660,16.79760,0.0082,0.0103
2021-09-30,281.76500,281.76500,173.40100,108.36400,5.35300,113.71700,-14.14500,127.86200,127.86200,62.07400,110.81000,108.36400,41.74500,45.90800,1.49000,1.45000,0.10900,0.06500,100.00000,38.45900,38.45900,40.35880,22.03040,0.07350,8.22340,10.94440,7.38340,17.54780,3.33710,7.38340,16.01580,1.1857,1.1848
2021-06-30,308.60500,308.60500,173.72400,134.88100,6.06100,140.94200,14.42300,126.51900,126.51900,41.65000,136.06100,134.88100,39.04200,42.88500,1.07000,1.06000,0.34530,,100.00000,43.70670,43.70670,45.67070,13.49620,0.19020,7.34700,12.24980,16.62240,16.88110,7.79650,16.62240,8.02750,1.76590,1.73800
2021-03-31,359.06600,359.06600,205.12200,153.94410,8.92200,162.86600,11.67100,151.19500,151.19500,37.84600,159.13810,153.94400,29.65800,33.27500,1.27000,1.22000,0.33800,,100.00000,42.87350,42.87350,45.35820,10.54010,0.27190,11.18730,8.04490,22.91900,23.35380,11.44750,22.91900,6.95750,0.8086,0.8014
2020-12-31,247.15000,247.15000,136.43200,110.71800,6.21700,116.93500,9.54600,107.38900,107.38900,25.57800,112.10800,110.71800,29.23800,32.70500,0.87000,0.87000,0.48190,,100.00000,44.79790,44.79790,47.31340,10.34920,0.24840,8.94180,10.06510,20.10510,20.61130,10.79480,20.10510,5.63330,0.8441,0.839
2020-09-30,242.91300,242.91300,133.12500,109.78800,-0.53800,109.25000,0.88100,108.36900,108.36900,-0.79000,110.98300,109.78800,29.23800,29.23800,-0.03000,-0.03000,0.48960,,100.00000,45.19640,45.19640,44.97500,-0.32520,0.29710,8.83770,10.18370,25.53490,26.40290,13.25250,25.53490,4.47590,2.8341,2.8086
2020-06-30,-61.41300,-61.41300,-15.13200,-46.28100,-4.92100,-51.20200,1.15800,-52.36000,-52.36000,,-44.70900,-46.28100,,,,0.00000,,,100.00000,75.36030,75.36030,83.37320,,,,,,,,,,0.00000,
2020-03-31,,,,,,,,,,,,,,,,0.00000,,,,,,,,,,,,,,,,0,0
2019-12-31,71.21500,71.21500,51.40100,19.81400,-1.58300,18.23100,0.99700,17.23400,17.23400,,21.72100,19.81400,,,,0.00000,,,100.00000,27.82280,27.82280,25.60000,,,,,,,,,,0,0
2019-09-30,131.87200,131.87200,84.34300,47.52900,-0.11800,47.41100,1.05100,46.36000,46.36000,,47.52900,47.52900,,,,0.00000,,,100.00000,36.04180,36.04180,35.95230,,,,,,,,,,0,0
2019-03-31,,,,,,,,,,,,,,,,0.00000,,,,,,,,,,,,,,,,0,0
