Date,revenue,cost-goods-sold,gross-profit,selling-general-administrative-expenses,other-operating-income-expenses,operating-expenses,operating-income,total-non-operating-income-expense,pre-tax-income,total-provision-income-taxes,income-after-taxes,income-from-continuous-operations,income-from-discontinued-operations,net-income,ebitda,ebit,basic-shares-outstanding,shares-outstanding,eps-basic-net-earnings-per-share,eps-earnings-per-share-diluted,current-ratio,long-term-debt-capital,debt-equity-ratio,gross-margin,operating-margin,ebit-margin,pre-tax-profit-margin,net-profit-margin,asset-turnover,inventory-turnover,receiveable-turnover,days-sales-in-receivables,roe,return-on-tangible-equity,roa,roi,book-value-per-share,operating-cash-flow-per-share,free-cash-flow-per-share
2023-09-30,76.88400,64.60200,12.28200,7.28000,-3.22500,14.23700,-1.95500,-1.67300,-3.62800,-0.37500,-3.25300,-3.25300,,-3.09800,1.96300,-1.95500,31.51500,31.51500,-0.10000,-0.10000,0.92390,0.53440,1.16990,15.97470,-2.54280,-2.54280,-4.71880,-4.02940,0.26060,10.90700,6.48590,13.87620,-5.26680,-7.00260,-1.10270,-2.45240,1.97500,0.0812,-0.4063
2023-06-30,83.39300,67.99900,15.39400,8.03900,-1.80400,13.34900,2.04500,-1.64200,0.40300,-0.01300,0.41600,0.41600,,0.56800,5.73700,2.04500,31.78300,32.67300,0.02000,0.02000,1.43920,0.51060,1.05810,18.45960,2.45220,2.45220,0.48330,0.68110,0.28820,11.79510,8.45600,10.64330,0.61050,0.78740,0.14370,0.29880,2.15490,0.2014,-0.1708
2023-03-31,82.55600,65.68200,16.87400,7.48400,-1.45600,12.59600,4.27800,-1.78700,2.49100,0.16100,2.33000,2.33000,,2.60600,8.12000,4.27800,31.67700,32.99800,0.08000,0.08000,1.72100,0.50470,1.02960,20.43950,5.18190,5.18190,3.01730,3.15660,0.28600,13.14430,7.54210,11.93300,3.32840,4.26050,0.80720,1.64870,2.19580,0.20060,-0.15850
2022-12-31,88.31200,68.00500,20.30700,8.49400,-2.39000,14.44700,5.86000,-0.72600,5.13400,0.15300,4.98100,4.98100,,5.07900,9.51700,5.86000,32.40100,33.87200,0.17000,0.15000,1.71960,0.50700,1.05040,22.99460,6.63560,6.63560,5.81350,5.75120,0.30350,11.87240,5.66250,15.89410,7.26200,9.34520,1.71150,3.58000,2.16130,0.2639,-0.0712
2022-09-30,73.02000,60.41700,12.60300,6.44700,-2.73500,12.11200,0.49100,-0.43500,0.05600,-0.32100,0.37700,0.37700,,0.48200,3.51400,0.49100,32.66400,33.92100,0.01000,0.01000,0.90020,0.29780,0.43170,17.25970,0.67240,0.67240,0.07670,0.66010,0.30890,12.11250,8.26950,10.88330,0.57230,0.74510,0.15950,0.40180,2.04390,0.0416,-0.2306
2022-06-30,81.12500,64.16000,16.96500,7.26100,-1.02500,11.21200,5.75300,-0.44400,5.30900,0.86900,4.44000,4.44000,,4.30300,8.77200,5.75300,32.60100,33.96000,0.13000,0.13000,1.01980,0.25140,0.34320,20.91220,7.09150,7.09150,6.54420,5.30420,0.34490,13.55880,9.70980,9.26900,6.48300,8.34540,1.88750,4.85290,2.09770,0.1532,-0.0729
2022-03-31,74.18100,57.47200,16.70900,6.87900,-2.91300,12.50700,4.20200,-0.50800,3.69400,0.17300,3.52100,3.52100,,3.67000,7.01000,4.20200,32.23100,34.24500,0.11000,0.11000,1.04580,0.26340,0.36530,22.52460,5.66450,5.66450,4.97970,4.94740,0.31360,11.46000,8.56590,10.50670,5.45730,7.15170,1.48830,4.02000,2.00000,0.28680,0.15690
2021-12-31,84.06700,63.19000,20.87700,8.30100,-3.83800,15.16300,5.71400,-0.51800,5.19600,-0.60200,5.79800,5.79800,,5.77100,8.83200,5.71400,31.15500,33.79400,0.20760,0.17780,1.01570,0.27650,0.39050,24.83380,6.79700,6.79700,6.18080,6.86480,0.36580,16.14050,7.16560,12.56000,9.57950,12.87870,2.52270,6.93070,1.88400,0.2465,0.1431
2021-09-30,71.86900,56.37300,15.49600,5.95900,-1.90700,10.43800,5.05800,8.58700,13.64500,1.54400,12.10100,12.10100,,11.67100,7.68600,5.05800,31.99400,34.38100,0.36000,0.34000,0.88370,0.30110,0.44010,21.56150,7.03780,7.03780,18.98590,16.23930,0.33100,18.75350,8.23810,10.92490,22.47670,31.74950,5.57350,15.70870,1.67750,0.0867,0.0086
2021-06-30,70.76000,52.52700,18.23300,6.13900,-1.84300,10.47700,7.75600,7.32600,15.08200,0.97300,14.10900,14.10900,,13.83600,10.37500,7.75600,31.24900,34.02900,0.44000,0.41000,1.04840,0.52530,1.36110,25.76740,10.96100,10.96100,21.31430,19.55340,0.30470,19.66570,10.18420,8.83720,34.66330,56.86820,6.07570,16.45350,1.27730,0.365,0.2888
2021-03-31,50.48200,39.90700,10.57500,5.17400,-1.84500,9.71800,0.85700,-1.24600,-0.38900,-0.32900,-0.06000,-0.06000,,0.07000,3.69700,0.85700,29.16900,32.03100,0.00240,0.00220,0.75810,0.66500,2.72520,20.94810,1.69760,1.69760,-0.77060,0.13870,0.23120,16.02690,10.08830,8.92120,-0.26440,-0.91130,-0.02750,-0.08860,0.76600,0.21810,0.13650
2020-12-31,44.99300,36.69700,8.29600,4.68700,-5.18000,12.37600,-4.08000,-1.67900,-5.75900,-1.16900,-4.59000,-4.59000,,-4.47900,-1.44800,-4.08000,28.91000,28.91000,-0.15000,-0.15000,0.84360,0.67220,2.53460,18.43840,-9.06810,-9.06810,-12.79980,-9.95490,0.20870,14.73780,7.31240,12.30790,-20.88360,-81.00950,-2.12920,-6.84640,0.75570,0.0382,-0.0703
2020-09-30,39.56700,31.54500,8.02200,3.40000,-1.94700,8.00200,0.02000,-1.28000,-1.26000,-0.35000,-0.91000,-0.91000,,-0.87500,2.79900,0.02000,29.01000,29.01000,-0.03000,-0.03000,1.35230,0.63320,1.75000,20.27450,0.05050,0.05050,-3.18450,-2.21140,0.18240,13.98270,6.74860,13.33610,-3.48570,-9.50190,-0.41940,-1.27870,0.89930,0.1471,0.1136
2020-06-30,16.66400,16.21200,0.45200,2.43800,-0.78700,5.73500,-5.28300,-1.19500,-6.47800,-3.22800,-3.25000,-3.25000,,-2.87200,-2.64900,-5.28300,28.90800,28.90800,-0.10000,-0.10000,1.38600,0.62970,1.72450,2.71240,-31.70310,-31.70310,-38.87420,-17.23480,0.07930,7.01820,3.75150,23.99060,-12.25720,-33.27530,-1.54650,-4.53920,0.91560,-0.062,-0.0926
2020-03-31,40.71900,36.61200,4.10700,3.39700,-2.62100,8.45800,-4.35100,-1.17500,-5.52600,-0.65300,-4.87300,-4.87300,,-4.59900,-1.80300,-4.35100,28.63600,28.63600,-0.16000,-0.16000,0.78110,0.60570,1.56000,10.08620,-10.68540,-10.68540,-13.57110,-11.29450,0.20760,14.70360,7.31700,12.30020,-16.59120,-39.27940,-2.48390,-6.54150,1.01950,-0.10840,-0.13600
2019-12-31,52.20000,41.77000,10.43000,3.76600,6.09600,0.02500,10.40500,-1.65800,8.74700,-11.31100,20.05800,20.05800,,19.83900,12.89000,10.40500,28.45400,29.63600,0.69000,0.66000,0.96470,0.57150,1.35570,19.98080,19.93300,19.93300,16.75670,38.00580,0.25270,13.65930,4.88220,18.43450,59.14720,119.89960,9.70930,25.34560,1.18560,0.1825,0.1529
2019-09-30,22.10600,17.22600,4.88000,2.35200,-0.65000,4.10500,0.77500,-0.23000,0.54500,0.07600,0.46900,0.46900,,0.46000,1.89900,0.77500,28.53700,29.90100,0.02000,0.02000,0.87340,0.46950,0.96260,22.07550,3.50580,3.50580,2.46540,2.08090,0.23170,10.75280,3.44380,26.13360,3.38650,3.38650,0.49150,1.79670,0.48460,0.0242,0.0094
2019-06-30,23.59900,19.14900,4.45000,2.70400,-0.26500,3.97300,0.47700,-0.65500,-0.17800,-0.01500,-0.16300,-0.16300,,-0.32200,1.51300,0.47700,28.43300,28.43300,-0.01000,-0.01000,0.67580,0.46320,0.94460,18.85670,2.02130,2.02130,-0.75430,-1.36450,0.24720,14.02860,3.41520,26.35280,-1.25140,-1.25140,-0.17080,-0.67180,0.45670,-0.0103,-0.0427
2019-03-31,22.77600,17.74300,5.03300,2.65000,-0.30700,3.89900,1.13400,-0.26900,0.86500,0.09600,0.76900,0.76900,,0.85400,2.12600,1.13400,28.31500,29.31200,0.03000,0.03000,0.53800,0.34360,0.74470,22.09780,4.97890,4.97890,3.79790,3.74960,0.23830,14.27430,3.75280,23.98180,5.98350,5.98350,0.80450,3.92770,0.45360,0.08570,0.01550
2018-12-31,25.81300,18.22500,7.58800,3.18300,0.08700,3.34500,4.24300,-0.29100,3.95200,0.26800,3.68400,3.68400,,3.16700,4.54900,4.24300,27.65400,28.12200,0.11000,0.11000,0.64760,0.37110,0.85550,29.39600,16.43750,16.43750,15.31010,12.26900,0.46110,12.98080,3.64900,24.66430,30.54220,30.54220,6.58100,19.20750,0.42600,0.1063,0.0772
2018-09-30,19.96000,15.89700,4.06300,2.26600,-0.56500,3.72700,0.33600,-0.29400,0.04200,0.25100,-0.20900,-0.20900,,-0.30500,1.28100,0.33600,27.75200,27.75200,-0.01000,-0.01000,0.57960,0.47110,1.25190,20.35570,1.68340,1.68340,0.21040,-1.52810,0.37120,13.31410,3.24240,27.75750,-2.36290,-2.36290,-0.38870,-1.24990,0.31260,0.0385,-0.0086
2018-06-30,20.31100,15.46100,4.85000,2.61500,-0.56100,4.07700,0.77300,-0.29000,0.48300,0.16900,0.31400,0.31400,,0.18100,1.72400,0.77300,27.36600,27.65900,0.01000,0.01000,0.55560,0.52960,1.54190,23.87870,3.80580,3.80580,2.37800,0.89110,0.38820,12.89490,3.64060,24.72110,4.09650,4.09650,0.60020,1.92720,0.27930,0.078,0.0196
2018-03-31,19.51700,15.10100,4.41600,3.05500,-0.12200,3.95500,0.46100,-0.31800,0.14300,0.02500,0.11800,0.11800,,0.23100,1.29000,0.46100,27.18800,27.38800,0.01000,0.01000,0.58470,0.57730,1.83000,22.62640,2.36200,2.36200,0.73270,1.18360,0.37810,11.72440,3.71610,24.21890,1.71860,1.71860,0.22860,0.72640,0.25190,0.00630,-0.00490
2017-12-31,21.52300,15.88600,5.63700,3.41400,-1.89600,5.74000,-0.10300,-0.39600,-0.49900,0.23500,-0.73400,-0.73400,0.50300,-0.34800,0.38800,-0.10300,25.40200,25.40200,-0.01000,-0.01000,0.57680,0.60690,2.03820,26.19060,-0.47850,-0.47850,-2.31850,-1.61690,0.40600,11.33100,3.90330,23.05720,-11.20100,-11.20100,-1.38450,-4.40360,0.24130,-0.0252,-0.0436
2017-09-30,17.81200,14.39100,3.42100,2.26700,-0.71300,3.93000,-0.50900,-0.32500,-0.83400,0.17900,-1.01300,-1.01300,,-1.16600,0.48400,-0.50900,25.22800,25.22800,-0.05000,-0.05000,0.50920,0.72680,3.89760,19.20620,-2.85760,-2.85760,-4.68220,-6.54610,0.33010,12.31640,3.50010,25.71370,-24.67140,-24.67140,-1.87710,-6.73990,0.16280,0.0694,0.0624
2017-06-30,19.89800,15.56100,4.33700,3.29100,-2.00200,6.09800,-1.76100,-0.22000,-1.98100,0.20300,-2.18400,-2.18400,,-2.30000,-0.91000,-1.76100,25.14500,25.14500,-0.09000,-0.09000,0.52510,0.69180,3.08380,21.79620,-8.85010,-8.85010,-9.95580,-11.55900,0.36720,11.01980,4.40670,20.42360,-41.99360,-41.99360,-4.03080,-12.94440,0.20620,0.1577,0.0556
2017-03-31,20.42700,16.18200,4.24500,2.92100,-0.74300,4.53000,-0.28500,-0.22600,-0.51100,-0.01700,-0.49400,-0.49400,-0.10600,-0.40200,0.62800,-0.28500,25.05100,25.05100,-0.02000,-0.02000,0.69180,0.64460,2.59790,20.78130,-1.39520,-1.39520,-2.50160,-1.96800,0.37260,11.66720,3.38500,26.58800,-7.20860,-7.20860,-0.90100,-2.56190,0.27360,0.03380,-0.02020
2016-12-31,20.41380,,20.41380,3.04070,38.15050,,-2.42310,0.32590,-2.09710,13.93730,-16.03440,-16.03440,-0.09070,-16.15170,-1.53340,-2.42310,25.07800,25.07800,-0.64000,-0.64000,0.70870,0.63970,2.20260,-179.85040,-11.86980,-11.86980,-10.27310,-79.12160,0.39150,,3.79720,23.70170,-217.29820,-217.29800,-30.75030,-78.30070,0.29460,-0.0603,-0.1396
2016-09-30,18.37960,,18.37960,2.63460,-17.45580,,-2.46910,0.10050,-2.36850,-4.04700,1.67840,1.67840,-0.00290,1.48090,-1.71080,-2.46910,25.02300,25.02300,0.06000,0.06000,0.80540,0.33420,0.65030,100.00000,-13.43380,-13.43380,-12.88680,8.05710,0.27550,,3.47360,25.90960,7.00350,7.00350,2.51590,4.66270,0.95670,0.0112,-0.0917
2016-06-30,17.22670,,17.22670,2.81310,-14.83410,,-0.96790,0.07010,-0.89780,0.54560,-1.44340,-1.44340,-0.00020,-1.56030,-0.42050,-0.96790,24.99000,24.99000,-0.06000,-0.06000,0.87980,0.30460,0.60460,100.00000,-5.61860,-5.61860,-5.21150,-9.05730,0.28350,,3.54680,25.37510,-6.59380,-6.59380,-2.37580,-4.58530,0.87600,0.148,0.0537
2016-03-31,16.39400,,16.39400,2.68370,-13.67660,,-0.48890,-0.14060,-0.62960,-0.06600,-0.56360,-0.56360,0.00180,-0.45690,0.03370,-0.48890,25.25000,25.25000,-0.02000,-0.02000,1.05410,0.29190,0.58590,100.00000,-2.98250,-2.98250,-3.84020,-2.78700,0.27850,,2.97150,30.28780,-2.45370,-2.45370,-0.95730,-1.73740,0.91920,-0.01510,-0.16170
2015-12-31,18.60040,,18.60040,3.02360,-19.58610,,-4.58080,2.51080,-2.07000,-3.69700,1.62700,1.62700,-0.03270,1.64710,-4.00930,-4.58080,24.96000,24.96000,0.06000,0.06000,1.07210,0.33680,0.69420,100.00000,-24.62730,-24.62730,-11.12870,8.85530,0.33190,,3.44400,26.13270,8.29900,8.29900,2.90300,5.50380,0.78500,0.1183,-0.0653
2015-09-30,15.25390,,15.25390,2.64310,-14.18760,,-2.20700,1.24070,-0.96630,0.92240,-1.88880,-1.88880,0.06250,-2.01600,-1.57680,-2.20700,24.97300,24.97300,-0.08000,-0.08000,1.03550,0.33710,0.65070,100.00000,-14.46840,-14.46840,-6.33510,-13.21610,0.29390,,2.69740,33.36540,-10.57900,-10.57900,-3.63950,-7.01290,0.71490,-0.0187,-0.1985
2015-06-30,14.90090,,14.90090,2.61440,-13.11050,,-1.39360,4.02180,2.62820,-5.93140,8.55970,8.55970,-0.03540,8.39020,-0.82400,-1.39360,24.95500,24.95500,0.34000,0.34000,1.48080,0.23490,0.40580,100.00000,-9.35240,-9.35240,17.63820,56.30640,0.30030,,2.24500,40.08820,43.06040,43.06040,17.24810,32.94710,0.79600,0.0199,-0.0646
2015-03-31,11.77660,,11.77660,2.46930,-10.58110,,-1.69390,-0.11080,-1.80470,-0.61050,-1.19420,-1.19420,0.00310,-1.09060,-1.27380,-1.69390,24.94000,24.94000,-0.04000,-0.04000,2.11740,0.33250,0.67060,100.00000,-14.38380,-14.38380,-15.32460,-9.26090,0.28650,,2.14420,41.97410,-10.60900,-10.60900,-2.90490,-7.08190,0.45130,-0.03770,-0.13400
2014-12-31,14.39250,,14.39250,2.68440,-12.36770,,-1.09790,3.40850,2.31070,0.00370,2.30700,2.30700,-0.39820,1.59130,-0.78820,-1.09790,24.94000,24.94000,0.07000,0.07000,2.30910,0.32410,0.60620,100.00000,-7.62800,-7.62800,16.05470,11.05670,0.34800,,2.92680,30.75030,18.49600,18.49600,5.57750,12.50200,0.50010,0.0622,-0.0466
2014-09-30,12.39020,,12.39020,1.88730,-9.37330,,0.80180,0.51100,1.31280,0.46290,0.84990,0.84990,0.17710,0.74740,1.17230,0.80180,24.94000,24.94000,0.03000,0.03000,1.39580,,0.63120,100.00000,6.47110,6.47110,10.59560,6.03240,0.34660,,3.08520,29.17130,7.85860,7.85860,2.37750,7.85860,0.43360,0.0946,0.0218
2014-06-30,12.26730,,12.26730,2.26910,-9.07250,,0.57690,3.03000,3.60680,0.11550,3.49130,3.49130,-0.34630,3.01320,0.95910,0.57690,24.94000,24.97200,0.12000,0.12000,1.29360,,0.55110,100.00000,4.70250,4.70250,29.40200,24.56280,0.36530,,3.36840,26.71860,34.57380,34.57380,10.39610,34.57380,0.40490,-0.0823,-0.1252
2014-03-31,10.27290,,10.27290,1.92830,-7.84710,,0.17360,-0.05400,0.11960,0.23520,-0.11560,-0.11560,-0.92520,-0.72180,0.55000,0.17360,24.94700,24.94700,-0.03000,-0.03000,1.38360,,0.66470,100.00000,1.69020,1.69020,1.16420,-7.02630,0.29820,,2.73180,32.94480,-1.60970,-1.60970,-0.33550,-1.60970,0.28790,-0.03470,-0.10200
2013-12-31,10.85580,,10.85580,7.82900,-12.20710,,-9.43960,-8.93370,-18.37330,0.37610,-18.74940,-18.74940,-0.40750,-18.84190,-9.70030,-9.43960,14.44000,14.44000,-1.26000,-1.26000,1.58870,,0.55780,100.00000,-86.95470,-86.95480,-169.24880,-173.56510,0.30840,,3.42560,26.27290,-227.91140,-227.91150,-53.27010,-227.91150,0.32980,-0.3362,-0.2992
2013-09-30,11.08560,,11.08560,1.09900,-9.06610,,0.57900,-0.16270,0.41630,0.07850,0.33780,0.33780,-2.34670,-2.29430,0.97290,0.57900,11.63100,11.63100,-0.20000,-0.20000,,,0.03530,100.00000,5.22310,5.22310,3.75510,-20.69660,0.38500,,,,1.24190,1.24190,1.17330,1.24190,2.17620,0.0272,0.037
2013-06-30,10.98150,,10.98150,1.02900,-8.33120,,1.24140,-0.29380,0.94770,0.01590,0.93180,0.93180,-1.46610,-0.42110,1.76810,1.24140,11.63100,11.63100,-0.04000,-0.04000,0.00760,,0.03210,100.00000,11.30470,11.30470,8.62950,-3.83490,0.38130,,,,3.40600,3.40600,3.23510,3.40600,2.18850,-0.02,-0.0426
2013-03-31,10.98200,,10.98200,0.90390,-7.93980,,1.66230,0.12550,1.78780,0.04840,1.73940,1.73940,-1.89270,0.08810,2.45920,1.66230,11.63100,11.63100,0.01000,0.01000,0.01640,,0.02920,100.00000,15.13620,15.13620,16.27930,0.80260,0.38120,,,,6.33230,6.33230,6.03770,6.33230,2.19740,-0.10060,-0.21020
2012-12-31,,,,2.26320,,,-56.63450,4.02330,7.50960,,7.49580,7.49580,,-2.08310,-56.63450,3.48620,11.63100,11.63100,-0.18000,-0.17560,0.39080,0.00600,3.38140,,,,,,,,,,301.18630,301.18630,31.24890,299.38190,0.21400,0.6671,0.0459
2012-09-30,,,,0.12700,,,-0.12700,0.01000,-0.11700,,-0.11700,-0.11700,,-0.11700,-0.12700,-0.12700,12.50000,12.50000,-0.01000,-0.01000,0.02020,,0.02440,,,,,,,,,,-0.42230,-0.42230,-0.40630,-0.42230,2.21630,0.0008,0.0008
2012-06-30,,,,0.10200,,,-0.10200,0.01100,-0.09100,,-0.09100,-0.09100,,-0.09100,-0.10200,-0.10200,12.50000,12.50000,-0.01000,-0.01000,0.02280,,0.02100,,,,,,,,,,-0.32710,-0.32710,-0.31610,-0.32710,2.22570,0.0009,0.0009
2012-03-31,,,,0.05600,,,-0.05600,0.00100,-0.05500,,-0.05500,-0.05500,,-0.05500,-0.05600,-0.05600,12.50000,12.50000,0.00000,-0.00440,0.02560,,0.01880,,,,,,,,,,-0.19700,-0.19700,-0.19120,-0.19700,2.23300,0.00010,0.00010
2011-12-31,,,,0.25400,,,-0.25400,,-0.25300,0.00000,-0.25300,-0.25300,0.00000,-0.25300,-0.25400,-0.25400,8.16800,8.16800,-0.03860,-0.03860,0.02730,,0.01670,,,,,,,,,,-0.90460,-0.90460,-0.87930,-0.90460,2.23740,-0.0001,-0.0001
2011-09-30,,,,0.02400,,,-0.02400,,-0.02400,,-0.02400,-0.02400,,-0.02400,-0.02400,-0.02400,6.75000,6.75000,0.00000,0.00000,,,,,,,,,,,,,,,,,,0,0
2011-06-30,,,,0.00600,,,-0.00600,-0.00100,-0.00700,,-0.00700,-0.00700,,-0.00700,-0.00600,-0.00600,7.54400,7.54400,0.00000,0.00000,,,,,,,,,,,,,,,,,,0.0008,0.0008
2011-03-31,,,,0.01100,,,-0.01100,-0.00100,-0.01200,,-0.01200,-0.01200,,-0.01200,-0.01100,-0.01100,8.69800,8.69800,-0.00140,-0.00140,,,,,,,,,,,,,,,,,,-0.00080,-0.00080
