Date,revenue,cost-goods-sold,gross-profit,research-development-expenses,selling-general-administrative-expenses,other-operating-income-expenses,operating-expenses,operating-income,total-non-operating-income-expense,pre-tax-income,total-provision-income-taxes,income-after-taxes,income-from-continuous-operations,net-income,ebitda,ebit,basic-shares-outstanding,shares-outstanding,eps-basic-net-earnings-per-share,eps-earnings-per-share-diluted,current-ratio,long-term-debt-capital,debt-equity-ratio,gross-margin,operating-margin,ebit-margin,pre-tax-profit-margin,net-profit-margin,asset-turnover,inventory-turnover,receiveable-turnover,days-sales-in-receivables,roe,return-on-tangible-equity,roa,roi,book-value-per-share,operating-cash-flow-per-share,free-cash-flow-per-share
2023-09-30,4431.00000,2322.00000,2109.00000,519.00000,407.00000,58.00000,868.00000,1241.00000,39.00000,1280.00000,188.00000,1092.00000,1092.00000,1090.00000,1637.00000,1241.00000,905.27000,943.84200,1.20000,1.16000,2.94110,0.13490,0.16710,47.59650,28.00720,28.00720,28.88740,24.59940,0.19640,0.80910,2.41210,37.31210,7.04200,7.34860,4.84000,6.09210,17.14040,1.9948,0.7663
2023-06-30,4326.00000,2207.00000,2119.00000,555.00000,414.00000,-4.00000,973.00000,1146.00000,28.00000,1174.00000,171.00000,1003.00000,1003.00000,1001.00000,1530.00000,1146.00000,902.23400,944.48200,1.11000,1.06000,2.67430,0.14510,0.18180,48.98290,26.49100,26.49100,27.13820,23.13920,0.19750,0.72480,2.18040,41.27600,6.88260,7.20550,4.57970,5.88410,16.09430,1.3893,0.2152
2023-03-31,4247.00000,2137.00000,2110.00000,505.00000,395.00000,-9.00000,909.00000,1201.00000,32.00000,1233.00000,187.00000,1046.00000,1046.00000,1044.00000,1569.00000,1201.00000,902.91400,945.30000,1.16000,1.10000,2.58200,0.15210,0.19210,49.68210,28.27880,28.27880,29.03230,24.58210,0.20030,0.74460,2.10980,42.65840,7.54420,7.94710,4.93300,6.39640,15.37090,1.39640,0.24330
2022-12-31,4424.00000,2322.00000,2102.00000,472.00000,378.00000,34.00000,816.00000,1286.00000,31.00000,1317.00000,67.00000,1250.00000,1250.00000,1247.00000,1618.00000,1286.00000,905.60700,946.22200,1.38000,1.32000,2.55540,0.16610,0.21300,47.51360,29.06870,29.06870,29.76940,28.18720,0.22140,0.89900,2.24570,40.07690,9.79780,10.36830,6.25560,8.16990,14.11490,1.6342,0.6703
2022-09-30,4321.00000,2262.00000,2059.00000,463.00000,352.00000,28.00000,787.00000,1272.00000,14.00000,1286.00000,185.00000,1101.00000,1101.00000,1099.00000,1583.00000,1272.00000,907.20400,945.51600,1.21000,1.16000,2.42810,0.18400,0.23970,47.65100,29.43760,29.43760,29.76160,25.43390,0.23640,0.95000,1.94030,46.38510,10.02920,10.73310,6.02360,8.18340,12.11310,1.7489,0.7355
2022-06-30,3837.00000,2018.00000,1819.00000,489.00000,366.00000,40.00000,815.00000,1004.00000,4.00000,1008.00000,139.00000,869.00000,869.00000,867.00000,1295.00000,1004.00000,905.07300,946.76500,0.96000,0.92000,2.27830,0.18920,0.24640,47.40680,26.16630,26.16630,26.27050,22.59580,0.22210,0.87470,1.85000,48.64740,8.50130,9.17050,5.03010,6.89300,11.26250,1.1182,0.2569
2022-03-31,3546.00000,1891.00000,1655.00000,477.00000,358.00000,57.00000,778.00000,877.00000,-2.00000,875.00000,129.00000,746.00000,746.00000,747.00000,1160.00000,877.00000,905.35800,948.40000,0.82000,0.79000,2.59690,0.19720,0.25990,46.67230,24.73210,24.73210,24.67570,21.06600,0.21860,0.88080,1.96020,45.91370,7.59130,8.23580,4.59870,6.09430,10.86290,0.99640,0.11070
2021-12-31,3556.00000,1947.00000,1609.00000,402.00000,351.00000,29.00000,724.00000,885.00000,-6.00000,879.00000,127.00000,752.00000,752.00000,750.00000,1158.00000,885.00000,904.33200,924.84200,0.83000,0.82000,2.65450,0.20530,0.27380,45.24750,24.88750,24.88750,24.71880,21.09110,0.22880,0.98730,2.02160,44.51910,8.10960,8.82420,4.83910,6.44440,10.22930,0.9031,0.3396
2021-09-30,3197.00000,1867.00000,1330.00000,433.00000,324.00000,32.00000,725.00000,605.00000,-56.00000,549.00000,73.00000,476.00000,476.00000,474.00000,899.00000,605.00000,905.80400,905.80400,0.52000,0.51000,2.67100,0.22300,0.31090,41.60150,18.92400,18.92400,17.17240,14.82640,0.21500,0.94820,1.98450,45.35190,5.55430,6.09870,3.20110,4.31590,9.43510,1.02,0.5159
2021-06-30,2992.00000,1780.00000,1212.00000,444.00000,323.00000,44.00000,723.00000,489.00000,-11.00000,478.00000,65.00000,413.00000,413.00000,412.00000,736.00000,489.00000,927.40000,927.40000,0.46000,0.44000,2.42810,0.20850,0.36350,40.50800,16.34360,16.34360,15.97590,13.77010,0.19280,0.90360,1.90450,47.25600,4.73840,5.19370,2.66190,3.75050,9.64940,0.6534,0.1792
2021-03-31,3016.00000,1841.00000,1175.00000,444.00000,325.00000,34.00000,735.00000,440.00000,-9.00000,431.00000,66.00000,365.00000,365.00000,364.00000,707.00000,440.00000,903.37100,931.49800,0.40000,0.39000,2.49060,0.19870,0.34520,38.95890,14.58890,14.58890,14.29050,12.06900,0.20140,0.99890,2.12690,42.31430,4.23630,4.64260,2.43690,3.39440,9.55800,0.73220,0.29740
2020-12-31,3235.00000,1981.00000,1254.00000,421.00000,307.00000,131.00000,597.00000,657.00000,-11.00000,646.00000,62.00000,584.00000,584.00000,582.00000,924.00000,657.00000,894.57800,919.73000,0.65000,0.63000,2.49260,0.17670,0.30810,38.76350,20.30910,20.30910,19.96910,17.99070,0.22380,1.07600,2.20820,40.75730,6.86570,7.55400,4.04040,5.65230,9.39460,0.9656,0.5785
2020-09-30,2666.00000,1707.00000,959.00000,379.00000,273.00000,22.00000,630.00000,329.00000,-36.00000,293.00000,50.00000,243.00000,243.00000,242.00000,576.00000,329.00000,893.84650,893.84650,0.27000,0.26000,2.36560,0.19550,0.37000,35.97150,12.34060,12.34060,10.99030,9.07730,0.19370,0.88400,1.86040,48.37580,3.13790,3.47090,1.76520,2.52440,8.57410,0.4474,0.0782
2020-06-30,2087.00000,1357.00000,730.00000,373.00000,259.00000,8.00000,624.00000,106.00000,-7.00000,99.00000,8.00000,91.00000,91.00000,90.00000,348.00000,106.00000,888.44700,911.12100,0.10000,0.10000,2.08500,0.14010,0.28520,34.97840,5.07910,5.07910,4.74370,4.31240,0.17160,0.69130,1.78220,50.49830,1.26550,1.36190,0.74820,1.08810,8.05630,0.4274,0.0832
2020-03-31,2231.00000,1385.00000,846.00000,375.00000,270.00000,30.00000,615.00000,231.00000,-2.00000,229.00000,39.00000,190.00000,190.00000,192.00000,442.00000,231.00000,889.96200,916.71400,0.22000,0.21000,3.05250,0.20600,0.28320,37.92020,10.35410,10.35410,10.26450,8.60600,0.18700,0.78160,1.72410,52.20080,2.63520,2.82020,1.59260,2.09230,8.10780,0.43530,0.14510
2019-12-31,2754.00000,1673.00000,1081.00000,387.00000,285.00000,51.00000,621.00000,460.00000,-5.00000,455.00000,63.00000,392.00000,392.00000,392.00000,690.00000,460.00000,894.29800,903.64600,0.43000,0.42000,3.03150,0.21080,0.29140,39.25200,16.70300,16.70300,16.52140,14.23380,0.23210,0.98940,1.99570,45.09800,5.51260,5.89470,3.30300,4.35070,7.97700,0.854,-0.4452
2019-09-30,2553.00000,1586.00000,967.00000,362.00000,267.00000,-2.00000,631.00000,336.00000,-6.00000,330.00000,28.00000,302.00000,302.00000,302.00000,580.00000,336.00000,895.13400,900.09800,0.34000,0.34000,2.87340,0.23020,0.32430,37.87700,13.16100,13.16100,12.92600,11.82920,0.21970,0.88850,1.83930,48.93070,4.47270,4.79370,2.59850,3.44320,7.55170,0.4768,1.2465
2019-06-30,2173.00000,1343.00000,830.00000,381.00000,269.00000,16.00000,634.00000,196.00000,-3.00000,193.00000,33.00000,160.00000,160.00000,160.00000,399.00000,196.00000,893.61200,901.66600,0.18000,0.18000,2.76800,0.23580,0.33500,38.19600,9.01980,9.01980,8.88170,7.36310,0.18870,0.71060,1.87010,48.12700,2.43160,2.61400,1.38930,1.85830,7.34360,0.3599,-0.0532
2019-03-31,2076.00000,1258.00000,818.00000,368.00000,272.00000,33.00000,607.00000,211.00000,,211.00000,32.00000,179.00000,179.00000,178.00000,426.00000,211.00000,896.38100,902.98200,0.20000,0.20000,2.91050,0.23350,0.33090,39.40270,10.16380,10.16380,10.16380,8.57420,0.18230,0.71270,1.88380,47.77460,2.70680,2.90630,1.57170,2.07460,7.39370,0.37760,0.02100
2018-12-31,2647.00000,1588.00000,1059.00000,345.00000,285.00000,15.00000,615.00000,444.00000,3.00000,447.00000,29.00000,418.00000,418.00000,418.00000,665.00000,444.00000,899.36300,910.95600,0.46000,0.45000,2.76130,0.21540,0.29730,40.00760,16.77370,16.77370,16.88700,15.79150,0.24360,1.01660,2.07280,43.41900,6.50680,6.86260,3.84650,5.10500,7.20640,0.7158,1.7995
2018-09-30,2522.00000,1519.00000,1003.00000,348.00000,268.00000,11.00000,605.00000,398.00000,-3.00000,395.00000,24.00000,371.00000,371.00000,369.00000,609.00000,398.00000,908.00000,908.00000,0.41000,0.41000,2.53940,0.20980,0.28490,39.77000,15.78110,15.78110,15.66220,14.63120,0.24220,0.95780,1.92670,46.71290,6.13020,6.47130,3.56290,4.84400,,0.4182,0.145
2018-06-30,2269.00000,1358.00000,911.00000,356.00000,277.00000,11.00000,622.00000,289.00000,-5.00000,284.00000,21.00000,263.00000,263.00000,261.00000,491.00000,289.00000,897.88700,915.56100,0.29000,0.29000,,,,40.14990,12.73690,12.73690,12.51650,11.50290,,,,,,,,,,0.3939,-0.0318
2018-03-31,2226.00000,1338.00000,888.00000,349.00000,265.00000,-5.00000,619.00000,269.00000,-6.00000,263.00000,22.00000,241.00000,241.00000,239.00000,463.00000,269.00000,896.61200,914.72000,0.27000,0.26000,2.47480,0.21640,0.29680,39.89220,12.08450,12.08450,11.81490,10.73680,0.22110,0.93240,2.13630,42.12940,4.17750,4.43100,2.39370,3.27360,6.63360,0.49740,0.11370
2017-12-31,2467.00000,1463.00000,1004.00000,325.00000,263.00000,-2.00000,590.00000,414.00000,-24.00000,390.00000,80.00000,310.00000,312.00000,307.00000,414.00000,414.00000,884.70700,906.08600,0.35000,0.34000,2.52430,0.22450,0.31110,40.69720,16.78150,16.78150,15.80870,12.44430,0.25480,1.09590,2.14710,41.91730,5.70700,6.07590,3.22280,4.42550,6.08590,1.8508,0.4183
2017-09-30,2136.00000,1290.00000,846.00000,312.00000,244.00000,-9.00000,565.00000,281.00000,-15.00000,266.00000,28.00000,238.00000,236.00000,236.00000,281.00000,281.00000,901.00000,901.00000,0.27000,0.26000,2.29040,0.24700,0.42240,39.60670,13.15540,13.15540,12.45320,11.04870,0.21880,0.97650,2.02080,44.53650,4.58340,4.88210,2.41780,3.45130,5.83250,-0.7211,-0.1438
2017-06-30,1923.00000,1187.00000,736.00000,327.00000,240.00000,9.00000,558.00000,178.00000,-6.00000,172.00000,19.00000,153.00000,153.00000,151.00000,336.00000,178.00000,884.83900,911.11400,0.17000,0.17000,2.41210,0.21570,0.29900,38.27350,9.25640,9.25640,8.94440,7.85230,0.21990,0.94060,1.90020,47.36350,3.12240,3.32970,1.74940,2.44880,5.51920,0.4244,0.0719
2017-03-31,1821.00000,1135.00000,686.00000,332.00000,234.00000,12.00000,554.00000,132.00000,-7.00000,125.00000,16.00000,109.00000,109.00000,108.00000,291.00000,132.00000,883.49000,973.89000,0.12000,0.12000,2.62560,0.21940,0.30550,37.67160,7.24880,7.24880,6.86440,5.93080,0.21870,0.94500,1.92490,46.75450,2.28420,2.44010,1.30920,1.78310,5.23770,0.29670,0.07190
2016-12-31,1860.00000,1163.00000,697.00000,340.00000,229.00000,1.00000,568.00000,129.00000,-5.00000,124.00000,11.00000,113.00000,113.00000,112.00000,129.00000,129.00000,881.24700,886.25000,0.13000,0.13000,2.76260,0.22500,0.31570,37.47310,6.93550,6.93550,6.66670,6.02150,0.23240,0.99150,1.98080,45.43550,2.45870,2.63710,1.41180,1.90560,5.20260,1.1769,0.492
2016-09-30,1797.00000,1154.00000,643.00000,318.00000,224.00000,-11.00000,553.00000,90.00000,-6.00000,84.00000,12.00000,72.00000,72.00000,71.00000,90.00000,90.00000,886.70000,886.70000,0.08000,0.08000,2.81920,0.23610,0.33430,35.78190,5.00830,5.00830,4.67450,3.95100,0.21710,0.93210,1.78100,50.53420,1.55010,1.66400,0.86980,1.18400,5.25850,-0.3761,-0.1095
2016-06-30,1703.00000,1126.00000,577.00000,336.00000,229.00000,16.00000,549.00000,28.00000,3.00000,31.00000,6.00000,25.00000,25.00000,23.00000,213.00000,28.00000,879.82600,885.46700,0.03000,0.03000,2.89490,0.23880,0.35120,33.88140,1.64420,1.64420,1.82030,1.35060,0.20980,0.88940,1.92210,46.82330,0.54840,0.57750,0.30800,0.41740,5.16150,0.2156,0.0628
2016-03-31,1613.00000,1075.00000,538.00000,342.00000,229.00000,0.00000,571.00000,-33.00000,-5.00000,-38.00000,2.00000,-40.00000,-40.00000,-41.00000,156.00000,-33.00000,878.56200,878.56200,-0.05000,-0.05000,3.00560,0.22870,0.33240,33.35400,-2.04590,-2.04590,-2.35590,-2.54180,0.19250,0.82570,1.81030,49.71480,-0.83040,-0.87410,-0.47730,-0.64050,5.48260,0.16050,0.04670
2015-12-31,1668.00000,1110.00000,558.00000,352.00000,231.00000,50.00000,533.00000,25.00000,-6.00000,19.00000,17.00000,2.00000,2.00000,1.00000,25.00000,25.00000,876.51100,880.55500,0.01000,0.01000,3.00000,0.23240,0.34350,33.45320,1.49880,1.49880,1.13910,0.06000,0.20350,0.88730,2.03410,44.24460,0.04260,0.04490,0.02440,0.03270,5.34180,0.9562,0.4259
2015-09-30,1764.00000,1151.00000,613.00000,331.00000,218.00000,27.00000,522.00000,91.00000,-6.00000,85.00000,-8.00000,93.00000,93.00000,90.00000,91.00000,91.00000,880.70000,880.70000,0.10000,0.10000,2.70700,0.24750,0.36930,34.75060,5.15870,5.15870,4.81860,5.10200,0.20310,0.91860,1.78360,50.45920,1.96490,2.06940,1.07070,1.47850,5.38760,-0.4226,-0.1386
2015-06-30,1760.00000,1165.00000,595.00000,373.00000,226.00000,16.00000,583.00000,12.00000,-7.00000,5.00000,-31.00000,36.00000,36.00000,35.00000,198.00000,12.00000,874.83240,880.20550,0.04000,0.04000,2.43540,0.25530,0.38640,33.80680,0.68180,0.68180,0.28410,1.98860,0.19910,0.93800,1.79040,50.26700,0.78060,0.82660,0.40720,0.58130,5.25010,0.2521,0.0699
2015-03-31,1705.00000,1139.00000,566.00000,369.00000,222.00000,6.00000,585.00000,-19.00000,-1.00000,-20.00000,1.00000,-21.00000,-21.00000,-22.00000,161.00000,-19.00000,873.97500,873.97500,-0.03000,-0.03000,2.74420,0.24860,0.37280,33.19650,-1.11440,-1.11440,-1.17300,-1.29030,0.19570,0.95470,1.75590,51.25510,-0.44110,-0.46660,-0.24100,-0.33140,5.44730,0.17050,0.06870
2014-12-31,1829.00000,1210.00000,619.00000,376.00000,236.00000,30.00000,582.00000,37.00000,9.00000,46.00000,3.00000,43.00000,43.00000,42.00000,241.00000,37.00000,886.53200,889.81100,0.05000,0.05000,2.86010,0.24030,0.35630,33.84360,2.02300,2.02300,2.51500,2.29630,0.20310,0.95350,2.00770,44.82780,0.85060,0.89960,0.47760,0.64620,5.75390,0.3502,0.2281
2014-09-30,1886.00000,1240.00000,646.00000,377.00000,226.00000,-6.00000,609.00000,37.00000,-7.00000,30.00000,-42.00000,72.00000,72.00000,72.00000,241.00000,37.00000,891.30000,891.30000,0.08000,0.08000,3.07470,0.24400,0.36410,34.25240,1.96180,1.96180,1.59070,3.81760,0.20040,0.98180,1.80310,49.91520,1.33330,1.40730,0.76510,1.00800,6.11870,0.3153,0.1616
2014-06-30,1864.00000,1230.00000,634.00000,389.00000,237.00000,90.00000,536.00000,98.00000,-55.00000,43.00000,7.00000,36.00000,36.00000,38.00000,306.00000,98.00000,891.23700,891.23700,0.04000,0.04000,2.43460,0.14140,0.20560,34.01290,5.25750,5.25750,2.30690,2.03860,0.21000,0.92970,1.69760,53.01500,0.65510,0.69480,0.40550,0.56250,6.15280,0.0785,-0.0774
2014-03-31,1825.00000,1226.00000,599.00000,378.00000,228.00000,3.00000,603.00000,-4.00000,-9.00000,-13.00000,9.00000,-22.00000,-22.00000,-24.00000,201.00000,-4.00000,890.65200,890.65200,-0.03000,-0.03000,2.46070,0.13790,0.19960,32.82190,-0.21920,-0.21920,-0.71230,-1.31510,0.20240,0.92110,1.64120,54.83840,-0.38770,-0.41070,-0.24400,-0.33420,6.37150,0.05950,-0.06620
2013-12-31,2015.00000,1353.00000,662.00000,407.00000,249.00000,-17.00000,673.00000,-11.00000,-15.00000,-26.00000,8.00000,-34.00000,-34.00000,-35.00000,214.00000,-11.00000,889.54200,889.54200,-0.04000,-0.04000,2.41190,0.13970,0.20170,32.85360,-0.54590,-0.54590,-1.29030,-1.73700,0.21970,1.01270,1.92090,46.85360,-0.59470,-0.62850,-0.37070,-0.51170,6.54160,0.3036,0.1536
2013-09-30,2013.00000,1361.00000,652.00000,423.00000,253.00000,-42.00000,718.00000,-66.00000,-10.00000,-76.00000,49.00000,-125.00000,-125.00000,-142.00000,158.00000,-66.00000,890.54400,890.54400,-0.16000,-0.16000,2.30660,0.09630,0.13550,32.38950,-3.27870,-3.27870,-3.77550,-7.05410,0.21590,1.03420,1.70450,52.80180,-2.15290,-2.27730,-1.34060,-1.94550,6.51930,0.0167,-0.1692
2013-06-30,2045.00000,1373.00000,672.00000,453.00000,285.00000,-41.00000,779.00000,-107.00000,-82.00000,-189.00000,-16.00000,-173.00000,-173.00000,-152.00000,117.00000,-107.00000,888.99800,888.99800,-0.17000,-0.17000,2.05880,0.10290,0.16980,32.86060,-5.23230,-5.23230,-9.24210,-7.43280,0.21210,1.02770,1.82920,49.20290,-3.04740,-3.26910,-1.79400,-2.73390,6.37540,0.0168,-0.1192
2013-03-31,2009.00000,1381.00000,628.00000,533.00000,279.00000,-97.00000,909.00000,-281.00000,-20.00000,-301.00000,-4.00000,-297.00000,-297.00000,-171.00000,-44.00000,-281.00000,887.96200,887.96200,-0.19000,-0.19000,2.23760,0.09810,0.15080,31.25930,-13.98710,-13.98710,-14.98260,-8.51170,0.20860,1.05740,1.96000,45.91840,-4.99330,-5.30360,-3.08350,-4.50340,6.69840,0.07430,-0.05070
2012-12-31,2162.00000,1464.00000,698.00000,585.00000,290.00000,-553.00000,1428.00000,-730.00000,-19.00000,-749.00000,40.00000,-789.00000,-789.00000,-429.00000,-458.00000,-730.00000,886.70000,886.70000,-0.49000,-0.49000,2.15340,0.09540,0.20440,32.28490,-33.76500,-33.76500,-34.64390,-19.84270,0.20720,1.08200,2.15120,41.83630,-12.39790,-13.12810,-7.56180,-11.21540,7.16700,0.2847,0.751
2012-09-30,2166.00000,1413.00000,753.00000,578.00000,274.00000,-693.00000,1545.00000,-792.00000,-12.00000,-804.00000,25.00000,-829.00000,-829.00000,-478.00000,-526.00000,-792.00000,887.78390,887.78390,-0.54000,-0.54000,1.57000,0.04500,0.24620,34.76450,-36.56510,-36.56510,-37.11910,-22.06830,0.20220,0.95220,2.08270,43.21330,-13.09840,-15.33770,-7.73900,-12.50940,7.12780,0.1651,-0.0631
2012-06-30,2148.00000,1412.00000,736.00000,617.00000,292.00000,-34.00000,943.00000,-207.00000,-8.00000,-215.00000,20.00000,-235.00000,-235.00000,-75.00000,74.00000,-207.00000,886.05640,886.05640,-0.08000,-0.08000,1.56220,0.04910,0.21900,34.26440,-9.63690,-9.63690,-10.00930,-3.49160,0.18600,0.94830,2.00370,44.91620,-3.35240,-4.36880,-2.03520,-3.18770,7.89480,-0.0421,-0.1209
2012-03-31,2017.00000,1421.00000,596.00000,633.00000,310.00000,-5.00000,948.00000,-352.00000,-17.00000,-369.00000,-34.00000,-335.00000,-335.00000,-176.00000,-64.00000,-352.00000,884.99880,884.99880,-0.20000,-0.20000,1.85440,0.04460,0.18380,29.54880,-17.45170,-17.45170,-18.29450,-8.72580,0.16970,0.94230,2.07720,43.32670,-4.27080,-5.42770,-2.81870,-4.08040,8.84090,0.28250,0.14120
2011-12-31,2191.00000,1458.00000,733.00000,615.00000,280.00000,30.00000,865.00000,-132.00000,-8.00000,-140.00000,70.00000,-210.00000,-210.00000,-11.00000,183.00000,-132.00000,883.61900,904.46500,-0.01000,-0.01000,2.17210,0.09360,0.19580,33.45500,-6.02460,-6.02460,-6.38980,-0.50210,0.18120,0.95230,2.09460,42.96670,-2.62630,-3.33760,-1.73640,-2.38040,9.03510,0.1525,1.4865
2011-09-30,2442.00000,1569.00000,873.00000,596.00000,302.00000,2.00000,896.00000,-23.00000,-9.00000,-32.00000,-3.00000,-29.00000,-29.00000,71.00000,302.00000,-23.00000,905.60000,905.60000,0.08000,0.08000,1.96830,0.09310,0.20190,35.74940,-0.94190,-0.94190,-1.31040,2.90750,0.18500,0.92240,1.33590,67.37100,-0.34270,-0.43180,-0.21970,-0.31080,9.56290,0.3056,-0.1199
2011-06-30,2567.00000,1590.00000,977.00000,579.00000,316.00000,1.00000,894.00000,83.00000,311.00000,394.00000,83.00000,311.00000,311.00000,420.00000,405.00000,83.00000,875.00000,907.00000,0.48000,0.46000,1.94400,0.11420,0.23070,38.06000,3.23330,3.23330,15.34870,16.36150,0.18120,0.90600,1.25160,71.90880,3.83670,4.92710,2.19480,3.39850,9.16610,0.1292,-0.7506
2011-03-31,2535.00000,1544.00000,991.00000,562.00000,312.00000,1.00000,873.00000,118.00000,-4.00000,114.00000,31.00000,83.00000,83.00000,170.00000,435.00000,118.00000,881.70020,907.38610,0.19000,0.19000,2.11880,0.11420,0.21840,39.09270,4.65480,4.65480,4.49700,6.70610,0.18530,0.92400,1.32450,67.95270,1.03650,1.33250,0.60660,0.91810,9.08240,0.38570,0.38570
2010-12-31,2833.00000,1703.00000,1130.00000,604.00000,311.00000,-3.00000,918.00000,212.00000,-26.00000,186.00000,49.00000,137.00000,-9.00000,219.00000,539.00000,212.00000,880.37500,911.11200,0.25000,0.25000,2.11400,0.11000,0.20830,39.88710,7.48320,7.48320,6.56550,7.73030,0.21220,1.13760,2.30330,39.07520,-0.10590,-0.13410,-0.06740,-0.09430,9.63720,0.492,0.5239
2010-09-30,2657.00000,1616.00000,1041.00000,558.00000,281.00000,-9.00000,848.00000,193.00000,-11.00000,182.00000,44.00000,138.00000,138.00000,198.00000,487.00000,193.00000,881.49190,881.49190,0.22000,0.22000,1.93770,0.13890,0.25880,39.17950,7.26380,7.26380,6.84980,7.45200,0.19390,1.12850,1.23520,72.86040,1.87780,2.49010,1.00690,1.61710,8.33600,0.6193,0.6193
2010-06-30,2531.00000,1563.00000,968.00000,593.00000,302.00000,18.00000,877.00000,91.00000,257.00000,348.00000,66.00000,282.00000,356.00000,356.00000,400.00000,91.00000,879.11600,879.11600,0.40000,0.39000,1.86030,0.15290,0.29840,38.24580,3.59540,3.59540,13.74950,14.06560,0.19070,1.20050,1.20930,74.42510,5.23530,7.13710,2.68230,4.43500,7.71320,0.4103,0.4103
2010-03-31,2325.00000,1449.00000,876.00000,595.00000,281.00000,-20.00000,896.00000,-20.00000,-5.00000,-25.00000,-10.00000,-15.00000,57.00000,57.00000,290.00000,-20.00000,878.35100,878.35100,0.07000,0.06000,1.90300,0.15700,0.31720,37.67740,-0.86020,-0.86020,-1.07530,2.45160,0.17680,1.14550,1.13190,79.50970,0.82510,1.13030,0.43350,0.69550,7.86450,0.44740,0.44740
2009-12-31,2582.00000,1626.00000,956.00000,603.00000,303.00000,-56.00000,962.00000,-6.00000,-77.00000,-83.00000,47.00000,-130.00000,-341.00000,-71.00000,337.00000,-6.00000,876.92820,876.92820,-0.08000,-0.08000,2.78250,0.24470,0.34870,37.02560,-0.23240,-0.23240,-3.21460,-2.74980,0.18910,1.27530,1.21790,73.89620,-4.77120,-6.48660,-2.49730,-3.60350,8.13700,0.5126,0.5126
2009-09-30,2275.00000,1562.00000,713.00000,595.00000,290.00000,-24.00000,909.00000,-196.00000,-38.00000,-234.00000,15.00000,-249.00000,-201.00000,-201.00000,150.00000,-196.00000,878.30300,878.30300,-0.23000,-0.23000,2.70230,0.25170,0.36800,31.34070,-8.61540,-8.61540,-10.28570,-8.83520,0.16020,1.20250,0.91880,97.95160,-2.75460,-3.74720,-1.41530,-2.06110,8.30800,0.2559,0.2559
2009-06-30,1993.00000,1473.00000,520.00000,610.00000,286.00000,-52.00000,948.00000,-428.00000,-61.00000,-489.00000,-62.00000,-427.00000,-318.00000,-318.00000,-89.00000,-428.00000,876.60000,876.60000,-0.36000,-0.36000,2.80020,0.25280,0.36200,26.09130,-21.47520,-21.47520,-24.53590,-15.95590,0.14030,1.01660,0.87450,102.91520,-4.32950,-5.93390,-2.23790,-3.23500,8.36280,0.178,0.178
2009-03-31,1660.00000,1223.00000,437.00000,557.00000,280.00000,7.00000,830.00000,-393.00000,-297.00000,-690.00000,-95.00000,-595.00000,-541.00000,-541.00000,-54.00000,-393.00000,874.29600,874.29600,-0.62000,-0.62000,3.09630,0.24790,0.35110,26.32530,-23.67470,-23.67470,-41.56630,-32.59040,0.11700,0.73850,0.83120,108.27110,-7.17320,-9.78830,-3.81230,-5.39490,8.62610,-0.01600,-0.01600
