Date,revenue,gross-profit,research-development-expenses,selling-general-administrative-expenses,operating-income,total-non-operating-income-expense,pre-tax-income,income-after-taxes,income-from-continuous-operations,net-income,ebitda,ebit,basic-shares-outstanding,shares-outstanding,eps-basic-net-earnings-per-share,eps-earnings-per-share-diluted,current-ratio,gross-margin,operating-margin,ebit-margin,pre-tax-profit-margin,net-profit-margin,asset-turnover,receiveable-turnover,days-sales-in-receivables,roe,return-on-tangible-equity,roa,roi,book-value-per-share,operating-cash-flow-per-share,free-cash-flow-per-share
2023-09-30,3.30800,3.30800,20.27100,10.27100,-27.23400,2.69200,-24.54200,-24.54200,-24.54200,-24.54200,-26.71900,-27.23400,44.26600,44.26600,-0.55000,-0.55000,9.12740,100.00000,-823.27690,-823.27690,-741.89840,-741.89840,0.01380,34.45830,2.61190,-14.18620,-14.18620,-10.23060,-14.18620,3.90580,-0.3883,-0.3968
2023-06-30,-2.48100,-2.48100,20.55100,10.23000,-33.26200,2.60800,-30.65400,-30.65400,-30.65400,-30.65400,-32.79700,-33.26200,44.18800,44.18800,-0.69000,-0.69000,11.27590,100.00000,1340.66900,1340.66900,1235.55000,1235.55000,-0.00970,-18.24270,-4.93350,-16.11710,-16.11710,-11.93140,-16.11710,4.30280,-0.4745,-0.4935
2023-03-31,5.15200,5.15200,19.63100,10.21100,-24.69000,2.14500,-22.54500,-22.54500,-22.54500,-22.54500,-24.06100,-24.69000,42.53600,42.53600,-0.53000,-0.53000,8.57160,100.00000,-479.23140,-479.23140,-437.59700,-437.59700,0.01830,10.47150,8.59470,-10.54380,-10.54380,-8.00050,-10.54380,4.84030,-0.50210,-0.50590
2022-12-31,3.26900,3.26900,21.06100,9.38300,-27.17500,1.52000,-25.65500,-25.65500,-25.65500,-25.65500,-26.71700,-27.17500,38.89700,38.89700,-0.65000,-0.65000,7.77440,100.00000,-831.29390,-831.29430,-784.79660,-784.79660,0.01280,5.55950,16.18840,-13.87890,-13.87890,-10.01890,-13.87890,4.68680,-0.5784,-0.5902
2022-09-30,2.90500,2.90500,20.10900,9.94400,-27.14800,1.03700,-26.11100,-26.11100,-26.11100,-26.11100,-26.86200,-27.14800,39.42000,39.42000,-0.66000,-0.66000,9.18910,100.00000,-934.52660,-934.52660,-898.82970,-898.82970,0.01050,7.35440,12.23750,-12.79050,-12.79050,-9.40510,-12.79050,5.17790,-0.5608,-0.6121
2022-06-30,3.23100,3.23100,18.35800,10.11100,-25.23800,0.58600,-24.65200,-24.65200,-24.65200,-24.65200,-25.12900,-25.23800,39.25800,39.25800,-0.63000,-0.63000,10.45820,100.00000,-781.12040,-781.12040,-762.98360,-762.98360,0.01070,9.23140,9.74930,-10.98960,-10.98960,-8.17840,-10.98960,5.69600,-0.5476,-0.564
2022-03-31,3.00000,3.00000,18.30900,9.48600,-24.79500,0.14600,-24.64900,-24.64900,-24.64900,-24.64900,-24.31300,-24.79500,37.44800,37.44800,-0.66000,-0.66000,13.34950,100.00000,-826.50010,-826.50010,-821.63340,-821.63340,0.00950,11.32080,7.95000,-10.27140,-10.27140,-7.80180,-10.27140,6.14620,0.86760,0.84520
2021-12-31,,,15.80200,8.72400,-24.52600,0.07800,-24.44800,-24.44800,-24.44800,-24.44800,-24.23400,-24.52600,36.73900,36.73900,-0.67000,-0.67000,13.37410,,,,,,,,,-11.22620,-11.22620,-10.23510,-11.22620,5.90150,-0.4432,-0.4488
2021-09-30,,,14.35800,8.32500,-22.68300,0.08600,-22.59700,-22.59700,-22.59700,-22.59700,-22.38000,-22.68300,36.75900,36.75900,-0.61000,-0.61000,20.61030,,,,,,,,,-9.51400,-9.51400,-8.90450,-9.51400,6.45770,-0.3981,-0.4055
2021-06-30,,,14.09500,7.93400,-22.02900,0.06200,-21.96700,-21.96700,-21.96700,-21.96700,-21.74300,-22.02900,36.70800,36.70800,-0.60000,-0.60000,31.74740,,,,,,,,,-8.61220,-8.61220,-8.30670,-8.61220,6.94580,-0.4303,-0.4444
2021-03-31,,,9.91300,6.91400,-16.82700,0.03400,-16.79300,-16.79300,-16.79300,-16.79300,-16.59100,-16.82700,36.64300,36.64300,-0.46000,-0.46000,45.05650,,,,,,,,,-6.16340,-6.16340,-6.02100,-6.16340,7.42450,-0.54950,-0.55510
2020-12-31,,,8.90500,5.68100,-14.58600,0.02500,-14.56100,-14.56100,-14.56100,-14.56100,-14.34900,-14.58600,33.48800,33.48800,-0.42000,-0.42000,25.72690,,,,,,,,,-5.08990,-5.08990,-4.88750,-5.08990,7.82130,-0.3204,-0.3229
2020-09-30,,,8.10900,5.60200,-13.71100,0.02700,-13.68400,-13.68400,-13.68400,-13.68400,-13.47700,-13.71100,33.27400,33.27400,-0.41000,-0.41000,29.02090,,,,,,,,,-7.10730,-7.10730,-6.84420,-7.10730,5.77130,-0.3227,-0.3306
2020-06-30,,,7.96800,5.04400,-13.01200,0.05300,-12.95900,-12.95900,-12.95900,-12.95900,-12.78800,-13.01200,33.05500,33.05500,-0.39000,-0.39000,35.40810,,,,,,,,,-6.37120,-6.37120,-6.16470,-6.37120,6.12410,-0.2903,-0.2926
2020-03-31,,,7.21500,4.52000,-11.73500,0.69600,-11.03900,-11.03900,-11.03900,-11.03900,-11.54200,-11.73500,32.89700,32.89700,-0.34000,-0.34000,39.55530,,,,,,,,,-5.15020,-5.15020,-4.99860,-5.15020,6.50170,-0.32740,-0.34600
2019-12-31,,,7.09000,3.97900,-11.06900,0.90900,-10.16000,-10.16000,-10.16000,-10.16000,-10.93000,-11.06900,17.97100,17.97100,6.89000,6.89000,55.11660,,,,,,,,,-4.52710,-4.52710,-4.44150,-4.52710,6.82940,-1.0905,-1.1489
2019-09-30,,,6.51800,3.32400,-9.84200,1.23800,-8.60400,-8.60400,-8.60400,-8.60400,-9.71600,-9.84200,32.70800,32.70800,-0.26000,-0.26000,48.14480,,,,,,,,,-3.68190,-3.68190,-3.60260,-3.68190,7.14100,1.8813,1.9436
2019-06-30,,,6.02300,2.42200,-8.44500,0.62600,-7.81900,-7.81900,-7.81900,-7.81900,-8.34000,-8.44500,5.08400,5.08400,-1.54000,-1.54000,50.73580,,,,,,,,,-3.23720,-3.23720,-3.17370,-3.23720,7.39210,5.3226,5.3359
2019-03-31,,,4.13300,2.18900,-6.32200,0.58000,-5.74200,-5.74200,-5.74200,-5.74200,-6.24200,-6.32200,0.83300,0.83300,-6.89000,-6.89000,,,,,,,,,,,,,,,-7.84150,-7.94960
2018-12-31,,,,,,,,,,,,,,,,0.00000,,,,,,,,,,,,,,,10.6567,11.8612
2018-09-30,,,2.22700,1.09000,-3.31700,,-3.31700,-3.31700,-3.31700,-3.31700,-3.25300,-3.31700,0.69900,0.69900,-4.75000,-4.75000,,,,,,,,,,,,,,,-4.2775,-5.0103
2018-06-30,,,1.88800,1.12200,-3.01000,,-3.01000,-3.01000,-3.01000,-3.01000,-3.01000,-3.01000,0.69100,0.69100,-4.36000,-4.36000,,,,,,,,,,,,,,,-6.3792,-6.8509
