Date,revenue,gross-profit,research-development-expenses,selling-general-administrative-expenses,operating-income,total-non-operating-income-expense,pre-tax-income,total-provision-income-taxes,income-after-taxes,income-from-continuous-operations,net-income,ebitda,ebit,basic-shares-outstanding,shares-outstanding,eps-basic-net-earnings-per-share,eps-earnings-per-share-diluted,current-ratio,long-term-debt-capital,debt-equity-ratio,gross-margin,operating-margin,ebit-margin,pre-tax-profit-margin,net-profit-margin,asset-turnover,receiveable-turnover,days-sales-in-receivables,roe,return-on-tangible-equity,roa,roi,book-value-per-share,operating-cash-flow-per-share,free-cash-flow-per-share
2023-09-30,16.92400,16.92400,45.66900,15.26900,-44.01400,-3.43100,-47.44500,1.83900,-49.28400,-49.28400,-49.28400,-44.66900,-44.01400,60.59900,60.59900,-0.81000,-0.81000,5.17970,,0.06350,100.00000,-260.06850,-260.06850,-280.34150,-291.20780,0.03920,1.01790,88.42060,-43.86770,-43.86770,-11.41540,-43.86770,1.84470,-0.5463,-0.5515
2023-06-30,10.41200,10.41200,41.59200,14.99900,-46.17900,7.80600,-38.37300,0.15100,-38.52400,-38.52400,-38.52400,-46.29000,-46.17900,60.33900,60.33900,-0.64000,-0.64000,6.13760,,0.06590,100.00000,-443.51710,-443.51710,-368.54590,-369.99620,0.02240,1.04130,86.43010,-24.90000,-24.90000,-8.28650,-24.90000,2.55850,-0.4892,-0.5153
2023-03-31,12.67400,12.67400,39.39900,15.51200,-42.23700,-7.41800,-49.65500,0.39500,-50.05000,-50.05000,-50.05000,-42.40800,-42.23700,58.72300,58.72300,-0.85000,-0.85000,5.11150,,0.07140,100.00000,-333.25700,-333.25700,-391.78630,-394.90300,0.03540,1.28370,70.10970,-26.99380,-26.99380,-13.97980,-26.99380,3.08190,-1.03860,-1.05470
2022-12-31,8.63200,8.63200,43.13500,14.71900,-49.22200,14.62800,-34.59400,,-34.59400,-34.59400,-34.59400,-48.86800,-49.22200,50.73900,50.73900,-0.59000,-0.59000,5.30680,0.01710,0.07500,100.00000,-570.22680,-570.22670,-400.76450,-400.76450,0.02120,1.21200,74.25620,-15.93840,-15.93840,-8.50090,-15.66620,3.77470,-0.4538,0.0436
2022-09-30,25.14700,25.14700,31.71400,14.64300,-21.21000,1.72200,-19.48800,0.00000,-19.48800,-19.48800,-19.48800,-19.87500,-21.21000,52.34600,52.34600,-0.37000,-0.37000,5.94550,0.02870,0.08390,100.00000,-84.34410,-84.34410,-77.49630,-77.49630,0.06280,2.23710,40.23100,-8.48320,-8.48320,-4.86350,-8.23990,4.20500,1.3423,1.3365
2022-06-30,28.09600,28.09600,32.33200,15.14300,-19.37900,-4.13300,-23.51200,2.50000,-26.01200,-26.01200,-26.01200,-17.61500,-19.37900,46.95700,46.95700,-0.55000,-0.55000,7.43770,0.04470,0.10660,100.00000,-68.97420,-68.97420,-83.68450,-92.58260,0.07290,0.28770,312.86980,-12.44250,-12.44250,-6.74550,-11.88650,4.29510,-0.0604,-0.107
2022-03-31,5.89700,5.89700,29.99000,15.03900,-39.13200,0.02200,-39.11000,0.00000,-39.11000,-39.11000,-39.11000,-37.25900,-39.13200,46.50000,46.50000,-0.84000,-0.84000,5.90150,0.05470,0.11460,100.00000,-663.59170,-663.59170,-663.21860,-663.21860,0.01940,0.50460,178.35170,-17.74730,-17.74730,-12.87890,-16.77580,4.69610,-0.75820,-0.79160
2021-12-31,10.65400,10.65400,29.92700,15.76300,-35.03600,-3.08900,-38.12500,,-38.12500,-38.12500,-38.12500,-32.92200,-35.03600,46.11900,46.11900,-0.83000,-0.83000,5.23560,0.05870,0.09940,100.00000,-328.85310,-328.85300,-357.84680,-357.84680,0.03120,0.85550,105.20560,-15.09520,-15.09520,-11.16700,-14.20970,5.45180,-0.4691,-0.5244
2021-09-30,8.51700,8.51700,26.60200,16.58900,-34.67400,3.77200,-30.90200,,-30.90200,-30.90200,-30.90200,-32.76800,-34.67400,46.16300,46.16300,-0.67000,-0.67000,7.07180,0.06190,0.08800,100.00000,-407.11520,-407.11520,-362.82730,-362.82730,0.02290,0.69080,130.29230,-10.89710,-10.89710,-8.31880,-10.22250,6.13000,-0.5279,-0.636
2021-06-30,28.04900,28.04900,25.30900,12.54500,-9.80500,3.65300,-6.15200,,-6.15200,-6.15200,-6.15200,-7.98700,-9.80500,46.11600,46.11600,-0.13000,-0.13000,10.62640,0.06590,0.08070,100.00000,-34.95670,-34.95670,-21.93310,-21.93310,0.07800,3.06210,29.39140,-2.00070,-2.00070,-1.70990,-1.86880,6.66440,-0.1112,-0.2283
2021-03-31,14.66000,14.66000,22.56200,11.10700,-19.00900,-11.35000,-30.35900,,-30.35900,-30.35900,-30.35900,-17.22200,-19.00900,45.90800,45.90800,-0.66000,-0.66000,11.73880,0.07430,0.08030,100.00000,-129.66580,-129.66580,-207.08730,-207.08730,0.04090,2.02850,44.36770,-9.87800,-9.87800,-8.46770,-9.14380,6.66620,-0.66280,-0.71460
2020-12-31,8.27800,8.27800,22.73800,10.38300,-24.84300,-34.59800,-59.44100,,-59.54400,-59.54400,-59.54400,-23.47400,-24.84300,32.57300,32.57300,-1.61000,-1.54000,12.77770,0.06880,0.07390,100.00000,-300.10870,-300.10870,-718.05990,-719.30420,0.02100,1.48910,60.43850,-17.93240,-17.93240,-15.10840,-16.69800,7.25760,-0.7899,-0.8635
2020-09-30,17.82300,17.82300,19.36100,9.07900,-10.61700,27.75600,17.13900,,17.13900,17.13900,17.13900,-9.41100,-10.61700,36.88700,37.87800,0.46000,0.45000,9.77260,0.09090,0.10000,100.00000,-59.56910,-59.56910,96.16230,96.16230,0.05800,2.38180,37.78660,7.02080,7.02080,5.57840,6.38250,6.40850,-0.3087,-0.3744
2020-06-30,9.46900,9.46900,17.24300,8.64300,-16.41700,46.28900,29.87200,,29.87200,29.87200,29.87200,-15.26300,-16.41700,29.90090,31.77800,1.00000,0.94000,7.28960,0.10510,0.11740,100.00000,-173.37630,-173.37630,315.47150,315.47150,0.03410,1.85590,48.49300,14.44790,14.44790,10.76320,12.92950,5.76260,-0.1753,-0.222
2020-03-31,7.15200,7.15200,17.61900,8.71300,-19.18000,-0.41500,-19.59500,,-19.59500,-19.59500,-19.59500,-18.12200,-19.18000,23.19800,23.19800,-0.84000,-0.84000,3.98210,0.22740,0.29430,100.00000,-268.17680,-268.17680,-273.97930,-273.97930,0.04650,0.78780,114.24920,-23.87160,-23.87160,-12.73440,-18.44410,3.53400,-0.80760,-0.84050
2019-12-31,11.30500,11.30500,17.39200,8.69500,-14.78200,-0.00700,-14.78900,,-14.78900,-14.78900,-14.78900,-13.69400,-14.78200,22.95900,22.95900,-0.65000,-0.65000,3.89990,0.08320,0.10100,100.00000,-130.75620,-130.75620,-130.81820,-130.81820,0.07230,1.79500,50.13890,-15.12340,-15.12340,-9.45770,-13.86490,4.23350,-0.5718,-0.6611
2019-09-30,12.27700,12.27700,16.89700,8.11500,-12.73500,-0.17700,-12.91200,,-12.91200,-12.91200,-12.91200,-11.56900,-12.73500,22.94700,22.94700,-0.56000,-0.56000,3.78060,0.04770,0.10320,100.00000,-103.73050,-103.73050,-105.17230,-105.17230,0.07150,1.63020,55.20810,-11.74820,-11.74820,-7.52110,-11.18830,4.75990,-0.7011,-0.7301
2019-06-30,10.52500,10.52500,16.14300,8.06700,-13.68500,-0.10800,-13.79300,,-13.79300,-13.79300,-13.79300,-13.15600,-13.68500,22.92600,22.92600,-0.60000,-0.60000,4.49380,0.05530,0.10710,100.00000,-130.02380,-130.02380,-131.04990,-131.04990,0.05570,1.61920,55.58200,-11.53700,-11.53700,-7.30520,-10.89880,5.21460,-0.6782,-0.6995
2019-03-31,8.62900,8.62900,15.18000,7.71500,-14.26600,0.01600,-14.25000,,-14.25000,-14.25000,-14.25000,-13.72900,-14.26600,22.86510,22.86510,-0.62000,-0.62000,5.67090,0.06110,0.10910,100.00000,-165.32620,-165.32620,-165.14080,-165.14080,0.04260,2.58510,34.81520,-10.90130,-10.90130,-7.03850,-10.23580,5.70200,-0.88100,-0.89310
2018-12-31,19.08600,19.08600,14.78700,7.57400,-3.27500,1.78200,-1.49300,,-1.49300,-1.49300,-1.49300,-2.50100,-3.27500,5.75900,5.75900,65.05000,65.05000,5.76410,0.07070,0.11190,100.00000,-17.15920,-17.15920,-7.82250,-7.82250,0.08550,7.66810,11.73690,-1.13500,-1.13500,-0.66910,-1.05480,5.75710,-36.4243,-35.12
2018-09-30,7.83600,7.83600,12.64200,5.35100,-10.15700,-0.08000,-10.23700,,-10.23700,-10.23700,-10.23700,-9.20400,-10.15700,0.48200,0.48200,-21.26000,-21.26000,3.45130,0.20070,0.32050,100.00000,-129.61970,-129.61970,-130.64060,-130.64060,0.05400,3.20750,28.05900,7.23800,-22.34570,-7.05870,-17.86190,94.45770,99.2019,98.464
2018-06-30,5.70400,5.70400,13.75100,4.04100,-12.08800,0.54700,-11.54100,,-11.54100,-11.54100,-11.54100,-11.00300,-12.08800,0.47800,0.47800,-24.17000,-24.17000,,,,100.00000,-211.92140,-211.92140,-202.33170,-202.33170,,,,,,,,,-28.5026,-28.5617
2018-03-31,5.79300,5.79300,13.08200,4.41400,-11.70300,-0.34300,-12.04600,,-12.04600,-12.04600,-12.04600,-10.50300,-11.70300,0.46800,0.46800,-25.75000,-25.75000,,,,100.00000,-202.01970,-202.01970,-207.94060,-207.94060,,,,,,,,,-32.07270,-32.85040
2017-12-31,,,,,,,,,,,,,,,,,0.00000,,,,,,,,,,,,,,,,,71.3852,77.2738
2017-09-30,17.49900,17.49900,13.66900,4.89500,-1.06500,-0.35300,-1.41800,,-1.41800,-1.41800,-1.41800,-1.06500,-1.06500,0.45160,0.45160,-3.14000,-3.14000,,,,100.00000,-6.08610,-6.08610,-8.10330,-8.10330,,,,,,,,,-71.3852,-77.2738
2016-12-31,,,,,,,,,,,,,,,,,0.00000,,,,,,,,,,,,,,,,,0,0
