Date,revenue,cost-goods-sold,gross-profit,research-development-expenses,selling-general-administrative-expenses,operating-expenses,operating-income,total-non-operating-income-expense,pre-tax-income,income-after-taxes,income-from-continuous-operations,net-income,ebitda,ebit,basic-shares-outstanding,shares-outstanding,eps-basic-net-earnings-per-share,eps-earnings-per-share-diluted,current-ratio,gross-margin,operating-margin,ebit-margin,pre-tax-profit-margin,net-profit-margin,asset-turnover,inventory-turnover,receiveable-turnover,days-sales-in-receivables,roe,return-on-tangible-equity,roa,roi,book-value-per-share,operating-cash-flow-per-share,free-cash-flow-per-share
2024-03-31,21.00600,1.20200,19.80400,53.62200,60.11300,113.73500,-93.93100,6.54600,-87.38500,-87.38500,-87.38500,-87.38500,-93.20200,-93.93100,73.76900,73.76900,-1.18000,-1.18000,6.84590,94.27780,-447.16270,-447.16270,-416.00020,-416.00020,0.03200,0.23040,1.35270,66.53380,-15.39990,-15.39990,-13.30400,-15.39990,7.66180,-1.07000,-1.07780
2023-12-31,,,,43.65200,59.83600,,-103.91000,4.14100,-94.32200,-94.32200,-94.32200,-94.32200,-103.37200,-98.46300,63.12400,63.12400,-1.45000,-1.45000,6.40800,,,,,,,,,,-15.06210,-15.06210,-12.99580,-15.06210,8.52150,-0.969,-0.931
2023-09-30,,,,37.45300,46.54600,,-83.99900,4.56200,-79.43700,-79.43700,-79.43700,-79.43700,-83.50500,-83.99900,62.52200,62.52200,-1.27000,-1.27000,8.59900,,,,,,,,,,-20.11580,-20.11580,-16.98630,-20.11580,6.31080,-0.8054,-0.8633
2023-06-30,,,,35.85800,46.99400,,-82.85200,4.92700,-77.92500,-77.92500,-77.92500,-77.92500,-82.47000,-82.85200,62.46400,62.46400,-1.25000,-1.25000,11.54620,,,,,,,,,,-17.26140,-17.26140,-15.06300,-17.26140,7.21570,-0.7633,-0.8126
2023-03-31,,,,33.52400,44.17500,,-77.69900,4.27900,-73.42000,-73.42000,-73.42000,-73.42000,-77.44600,-77.69900,62.32700,62.32700,-1.18000,-1.18000,14.24140,,,,,,,,,,-14.48340,-14.48340,-12.89890,-14.48340,8.10780,-0.99180,-1.03960
2022-12-31,,,,37.92800,40.52600,,-78.45400,4.27600,-74.17800,-74.17800,-74.17800,-74.17800,-78.19900,-78.45400,53.29100,53.29100,-1.17000,-1.17000,11.74870,,,,,,,,,,-13.28900,-13.28900,-11.76980,-13.28900,8.66450,-1.0022,-1.0339
2022-09-30,,,,36.06700,35.67300,,-71.74000,-0.64800,-72.38800,-72.38800,-72.38800,-72.38800,-71.52800,-71.74000,52.90100,52.90100,-1.37000,-1.37000,13.28010,,,,,,,,,,-11.82040,-11.82040,-10.62100,-11.82040,9.81680,-0.2411,-0.3006
2022-06-30,,,,38.02400,30.98700,,-69.01100,-0.03900,-69.05000,-69.05000,-69.05000,-69.05000,-68.82100,-69.01100,49.07200,49.07200,-1.41000,-1.41000,9.79550,,,,,,,,,,-21.19830,-21.19830,-18.87030,-21.19830,6.58900,-0.7935,-0.8448
2022-03-31,,,,34.10300,27.36600,,-61.46900,-0.33200,-61.80100,-61.80100,-61.80100,-61.80100,-61.36100,-61.46900,48.93800,48.93800,-1.26000,-1.26000,15.31760,,,,,,,,,,-16.40140,-16.40140,-15.23770,-16.40140,7.62640,-0.99490,-1.04370
2021-12-31,,,,29.34400,26.45200,,-55.79600,-0.27600,-56.07200,-56.07200,-56.07200,-56.07200,-55.65000,-55.79600,48.49800,48.49800,-1.16000,-1.16000,12.77690,,,,,,,,,,-13.27480,-13.27480,-12.39180,-13.27480,8.57690,-0.9583,-0.9894
2021-09-30,,,,22.86600,18.02900,,-40.89500,-0.14600,-41.04100,-41.04100,-41.04100,-41.04100,-40.77600,-40.89500,48.59500,48.59500,-0.84000,-0.84000,15.41030,,,,,,,,,,-8.79430,-8.79430,-8.28650,-8.79430,9.48380,-0.5502,-0.557
2021-06-30,,,,32.09100,14.93000,,-47.02100,0.01100,-47.01000,-47.01000,-47.01000,-47.01000,-46.90600,-47.02100,48.42300,48.42300,-0.97000,-0.97000,20.29250,,,,,,,,,,-9.46670,-9.46670,-9.03290,-9.46670,10.11310,-0.6906,-0.6934
2021-03-31,,,,17.37500,12.38100,,-29.75600,-0.03100,-29.78700,-29.78700,-29.78700,-29.78700,-29.64600,-29.75600,48.23000,48.23000,-0.62000,-0.62000,25.70950,,,,,,,,,,-5.57080,-5.57080,-5.37100,-5.57080,10.90680,-0.43760,-0.43850
2020-12-31,,,,15.26200,8.51900,,-23.78100,0.05300,11.27200,11.27200,11.27200,11.27200,-23.67100,11.21900,43.30000,43.30000,0.30000,0.30000,29.15380,,,,,,,,,,2.02350,2.02350,1.95630,2.02350,11.41050,0.3778,0.3768
2020-09-30,,,,13.92300,7.66900,,-21.59200,-0.06700,-21.65900,-21.65900,-21.65900,-21.65900,-21.49700,-21.59200,42.14900,42.14900,-0.51000,-0.51000,21.87120,,,,,,,,,,-7.94080,-7.94080,-7.57040,-7.94080,6.32420,-0.345,-0.3489
2020-06-30,,,,12.94700,6.87400,,-19.82100,-0.07200,-19.89300,-19.89300,-19.89300,-19.89300,-19.74700,-19.82100,41.94500,41.94500,-0.47000,-0.47000,30.76080,,,,,,,,,,-6.83900,-6.83900,-6.60850,-6.83900,6.76180,-0.3838,-0.39
2020-03-31,,,,9.72700,6.40300,,-16.13000,0.83600,-15.29400,-15.29400,-15.29400,-15.29400,-16.06000,-16.13000,41.78900,41.78900,-0.37000,-0.37000,36.54650,,,,,,,,,,-4.96340,-4.96340,-4.81840,-4.96340,7.16520,-0.39240,-0.39620
2019-12-31,,,,12.17200,5.19900,,-17.37100,1.15400,-16.21700,-16.21700,-16.21700,-16.21700,-17.30600,-17.37100,13.27500,13.27500,19.12000,19.12000,27.68260,,,,,,,,,,-5.03520,-5.03520,-4.84330,-5.03520,7.48900,-0.2661,-0.2502
2019-09-30,,,,10.74500,4.58400,,-15.32900,-1.50400,-16.83300,-16.83300,-16.83300,-16.83300,-15.26600,-15.32900,9.48700,9.48700,-1.77000,-1.77000,33.79250,,,,,,,,,,-4.99020,-4.99020,-4.83160,-4.99020,7.80240,19.7502,20.305
2019-06-30,,,,11.20500,3.64600,,-14.85100,1.00400,-13.84700,-13.84700,-13.84700,-13.84700,-14.80800,-14.85100,0.87900,0.87900,-15.75000,-15.75000,,,,,,,,,,,,,,,,-12.5036,-12.741
2019-03-31,,,,8.42300,3.26500,,-11.68800,0.27900,-11.40900,-11.40900,-11.40900,-3.68000,-11.66700,-11.68800,0.68000,0.68000,-5.41000,-5.41000,,,,,,,,,,,,,,,,-10.55440,-10.93820
2018-12-31,,,,,,,,,,,,,,,,,,0.00000,,,,,,,,,,,,,,,,25.8675,25.8675
2018-09-30,,,,3.40600,1.82400,,-5.23000,0.22600,-5.00400,-5.00400,-5.00400,-5.00400,-5.23000,-5.23000,0.43340,0.43340,-11.55000,-11.55000,,,,,,,,,,,,,,,,-25.8675,-25.8675
