Date,revenue,cost-goods-sold,gross-profit,selling-general-administrative-expenses,operating-expenses,operating-income,total-non-operating-income-expense,pre-tax-income,total-provision-income-taxes,income-after-taxes,income-from-continuous-operations,net-income,basic-shares-outstanding,shares-outstanding,eps-basic-net-earnings-per-share,eps-earnings-per-share-diluted,long-term-debt-capital,debt-equity-ratio,pre-tax-profit-margin,net-profit-margin,asset-turnover,roe,return-on-tangible-equity,roa,roi,book-value-per-share,operating-cash-flow-per-share,free-cash-flow-per-share
2023-09-30,111.82100,27.61000,84.21100,47.98700,49.47700,34.73400,,34.73400,7.64200,27.09200,27.09200,27.09200,29.22300,29.33600,0.93000,0.92000,0.03200,0.62220,42.65190,33.26780,0.01030,3.35750,4.51420,0.34280,3.25020,27.51830,1.1088,1.0836
2023-06-30,105.92300,22.13400,83.78900,46.65400,48.15000,35.63900,,35.63900,7.97500,27.66400,27.66400,27.66400,29.22300,29.34000,0.95000,0.94000,0.03180,0.71350,43.76160,33.96900,0.01050,3.42340,4.60630,0.35780,3.31460,27.55700,1.1633,1.1177
2023-03-31,101.51400,16.39500,85.11900,46.43600,47.93900,37.18000,,37.18000,8.13200,29.04800,29.04800,29.04800,29.17800,29.36500,1.00000,0.99000,0.03220,0.52970,45.06990,35.21230,0.01080,3.65670,4.95620,0.37880,3.53890,27.08940,0.33240,0.27360
2022-12-31,98.29200,9.88700,88.40500,47.62300,49.32100,39.08400,,39.08400,9.17400,29.91000,29.91000,29.81700,28.67200,28.92200,1.05000,1.04000,0.03350,0.28730,45.96490,35.06640,0.01130,3.93330,5.42440,0.39900,3.80160,25.98970,1.3412,1.6192
2022-09-30,92.27400,5.03400,87.24000,47.97800,49.67600,37.56400,,37.56400,9.02400,28.54000,28.54000,28.45500,29.14400,29.40400,0.98000,0.97000,0.03470,0.21870,45.56690,34.51730,0.01090,3.90560,5.57080,0.37780,3.77020,24.98970,1.6772,2.0789
2022-06-30,81.04800,2.12400,78.92400,42.77500,44.47500,34.44900,,34.44900,7.54700,26.90200,26.90200,26.79400,29.13100,29.34600,0.92000,0.91000,0.03370,0.26180,43.53800,33.86330,0.01040,3.58620,5.06850,0.35480,3.46540,25.65270,0.6133,0.1856
2022-03-31,69.18700,1.22400,67.96300,38.27500,39.07600,28.88700,-19.50000,9.38700,1.44500,7.94200,7.94200,7.90600,27.23000,27.48500,0.29000,0.29000,0.03310,0.23270,14.29120,12.03640,0.00840,1.04330,1.46840,0.10210,1.00880,26.05130,0.12810,0.09370
2021-12-31,66.11200,1.32600,64.78600,32.34400,32.74900,32.03700,0.00000,32.11400,7.52500,24.58900,24.58900,24.58900,24.89800,25.15600,0.96000,0.94000,,0.12700,48.15700,36.87280,0.01000,3.63810,4.60090,0.37000,3.63810,25.41240,1.6965,1.6357
2021-09-30,64.56200,1.46500,63.09700,32.16500,32.50800,30.58900,-0.52500,30.06400,6.90200,23.16200,23.16200,23.16200,26.48500,26.72600,0.87000,0.87000,,0.14360,46.52290,35.84230,0.01050,3.49060,4.43850,0.37470,3.49060,24.95950,0.4272,0.3777
2021-06-30,58.89000,1.51800,57.37200,33.86600,34.22400,23.14800,-18.10000,5.04800,0.86400,4.18400,4.18400,4.18400,24.14000,24.37900,0.17000,0.17000,,0.13040,9.48430,7.86100,0.00870,0.64260,0.82140,0.06870,0.64260,24.48810,0.7439,0.6966
2021-03-31,53.36200,1.69300,51.66900,22.99000,23.02100,28.64800,-0.47700,28.17100,5.46100,22.71000,22.71000,22.71000,22.62200,22.86500,1.00000,0.99000,,0.19070,53.00880,42.73300,0.01110,5.12370,5.29580,0.47370,5.12370,19.45620,1.19110,1.16660
2020-12-31,52.03700,2.08700,49.95000,26.25100,29.52900,20.42100,,20.42100,2.68500,17.73600,17.73600,17.73600,22.56300,22.76800,0.79000,0.78000,,0.20670,41.29630,35.86650,0.01070,4.02450,4.16120,0.38480,4.02450,19.42100,1.7305,1.6693
2020-09-30,49.18700,2.44900,46.73800,30.56200,30.61400,16.12400,,16.12400,1.59100,14.53300,14.53300,14.53300,22.58200,22.80200,0.64000,0.64000,,0.24770,38.60190,34.79290,0.00960,3.39080,3.51000,0.33290,3.39080,18.88760,0.3956,0.329
2020-06-30,49.12800,2.97800,46.15000,30.38100,30.43400,15.71600,,15.71600,2.34800,13.36800,13.36800,13.36800,22.56000,22.73900,0.59000,0.59000,,0.26780,40.16870,34.16740,0.00900,3.18110,3.29590,0.30840,3.18110,18.53930,0.7028,0.6605
2020-03-31,49.41800,4.43600,44.98200,29.46400,29.50000,15.48200,,15.48200,2.25000,13.23200,13.23200,13.23200,22.51600,22.73600,0.59000,0.58000,,0.27170,39.63950,33.87870,0.01030,3.22970,3.35000,0.34960,3.22970,18.07640,0.55850,0.54340
2019-12-31,50.81800,5.07500,45.74300,24.00300,24.84000,20.90300,,19.59000,2.94100,16.64900,16.64900,16.64900,22.59800,22.86500,0.74000,0.73000,,0.30210,42.82630,36.39680,0.01230,4.09770,4.25260,0.44700,4.09770,17.97460,0.8173,0.7924
2019-09-30,51.21800,5.90300,45.31500,24.16100,24.29800,21.01700,,21.01700,3.78300,17.23400,17.23400,17.23400,22.55000,22.81000,0.76000,0.76000,,0.31590,46.79280,38.37030,0.01270,4.35080,4.52160,0.48770,4.35080,17.52940,0.7842,0.856
2019-06-30,49.22000,6.19400,43.02600,25.40100,25.45300,17.57300,,17.57300,1.03000,16.54300,16.54300,16.54300,22.68900,22.94900,0.73000,0.72000,,0.33410,40.84270,38.44880,0.01240,4.24870,4.42230,0.47760,4.24870,17.13680,0.4724,0.4151
2019-03-31,46.06400,5.37200,40.69200,23.16000,23.21200,17.48000,,17.48000,1.83900,15.64100,15.64100,15.64100,22.66100,22.94600,0.69000,0.68000,,0.25050,43.59970,39.01280,0.01220,4.13790,4.13790,0.47670,4.13790,16.56200,0.48180,0.39640
2018-12-31,46.45900,5.09200,41.36700,23.26500,24.44400,16.92300,,16.92300,2.26500,14.65800,14.65800,14.65800,22.61900,22.94400,0.65000,0.65000,,0.25790,40.90940,35.43400,0.01250,3.99950,4.01850,0.44380,3.99950,16.11060,0.7696,0.6762
2018-09-30,44.44700,4.50000,39.94700,22.51600,22.51600,17.43100,,17.43100,3.55500,13.87600,13.87600,13.87600,22.63600,22.96800,0.61000,0.60000,,0.94550,44.45320,35.38710,0.01180,3.93110,3.93110,0.41730,3.93110,15.51830,0.5313,0.4345
2018-06-30,43.43900,3.33000,40.10900,23.31300,23.37100,16.73800,,16.73800,3.15900,13.57900,13.57900,13.57900,22.62500,22.96700,0.60000,0.59000,,1.14060,43.05710,34.93080,0.01170,3.93010,3.93010,0.40850,3.93010,15.19010,1.0789,1.0107
2018-03-31,40.65300,2.43500,38.21800,21.76200,21.76200,16.45600,,16.45600,3.05200,13.40400,13.40400,13.40400,22.57700,22.93100,0.59000,0.58000,,0.98390,43.90260,35.76020,0.01140,3.96920,3.96920,0.40800,3.96920,14.85710,0.49190,0.45280
2017-12-31,40.50500,2.06900,38.43600,22.67100,27.94800,10.48800,,10.48800,5.54200,4.94600,4.94600,4.94600,22.53200,22.98300,0.22000,0.22000,,0.84310,27.94120,13.17670,0.01160,1.48240,1.48240,0.15270,1.48240,14.71160,0.1767,0.1309
2017-09-30,39.06500,1.94700,37.11800,20.70200,21.31800,15.80000,,15.80000,4.09600,11.70400,11.70400,11.70400,22.54200,22.96400,0.52000,0.51000,,0.84950,42.73970,31.65980,0.01170,3.50150,3.50150,0.37090,3.50150,14.74500,0.8835,0.8355
2017-06-30,38.55100,1.78100,36.77000,21.19400,21.80900,14.96100,,14.96100,4.35900,10.60200,10.60200,10.60200,22.53800,22.99600,0.47000,0.46000,,0.84810,41.36300,29.31160,0.01160,3.24720,3.24720,0.33910,3.24720,14.40740,0.5975,0.5834
2017-03-31,37.27700,1.44900,35.82800,21.27900,21.89500,13.93300,,13.93300,3.14200,10.79100,10.79100,10.79100,22.49200,23.00200,0.48000,0.47000,,0.39860,39.89060,30.89500,0.01150,3.37550,3.37550,0.35570,3.37550,14.10740,0.67780,0.66440
2016-12-31,37.10500,1.29300,35.81200,19.77500,21.18700,14.62500,,14.62500,4.00900,10.61600,10.61600,10.61600,22.35600,22.79200,0.48000,0.45000,,0.52900,41.41650,30.06340,0.01160,3.38230,3.38230,0.34930,3.38230,13.87770,0.6108,0.5928
2016-09-30,37.30000,1.18200,36.11800,20.75300,21.76800,14.35000,,14.35000,3.88300,10.46700,10.46700,10.46700,22.38500,22.80300,0.47000,0.46000,,0.62610,41.15520,30.01890,0.01190,3.35940,3.35940,0.35620,3.35940,13.80890,0.6641,0.6126
2016-06-30,35.94000,1.21200,34.72800,19.92700,20.94300,13.78500,,13.78500,3.67600,10.10900,10.10900,10.10900,22.33600,22.70400,0.45000,0.45000,,0.70350,40.57040,29.75160,0.01170,3.31390,3.31390,0.34740,3.31390,13.55180,0.7197,0.5663
2016-03-31,34.78200,1.23100,33.55100,19.02500,20.04000,13.51100,,13.51100,3.67600,9.83500,9.83500,9.83500,22.25400,22.59200,0.44000,0.44000,,0.43230,40.87930,29.75700,0.01170,3.31900,3.31900,0.34830,3.31900,13.18310,0.78100,0.72920
2015-12-31,34.11200,1.21700,32.89500,18.16300,18.32200,14.57300,,13.82300,4.17700,9.64600,9.64600,9.64600,22.08800,22.45900,0.43000,0.42670,,0.45540,43.00200,30.00780,0.01140,3.36660,3.36660,0.34240,3.36660,19.20500,0.3962,0.3817
2015-09-30,33.26900,1.20300,32.06600,18.27200,18.43000,13.63600,,13.63600,4.35200,9.28400,9.28400,9.28400,22.13100,22.47900,0.42000,0.41000,,0.61700,42.52480,28.95280,0.01220,3.30450,3.30450,0.35370,3.30450,12.59660,0.865,0.8422
2015-06-30,33.21900,1.19900,32.02000,18.70800,18.86700,13.15300,,13.15300,4.15100,9.00200,9.00200,9.00200,22.06500,22.40400,0.41000,0.40000,,0.42790,41.07750,28.11370,0.01290,3.30490,3.30490,0.36260,3.30490,12.22650,0.363,0.3239
2015-03-31,32.52000,1.23300,31.28700,17.62100,17.77900,13.50800,,13.50800,4.25300,9.25500,9.25500,9.25500,21.97050,22.27800,0.42000,0.41330,,0.41500,43.17450,29.58100,0.01250,3.45850,3.45850,0.36840,3.45850,12.05820,0.29800,0.22040
2014-12-31,32.55100,1.26700,31.28400,18.16000,18.16000,13.12400,,12.02900,3.30700,8.72200,8.72200,8.72200,21.83900,22.14400,0.39670,0.38330,,0.59170,38.45100,27.88010,0.01220,3.35600,3.35600,0.34020,3.35600,11.75070,0.4438,0.3983
2014-09-30,32.54200,1.32900,31.21300,16.60900,16.60900,14.60400,,14.60400,4.71500,9.88900,9.88900,9.88900,21.86100,22.12200,0.45330,0.44670,,0.47790,43.83870,29.68510,0.01380,3.93290,3.93290,0.41070,3.93290,11.40030,0.398,0.384
2014-06-30,32.07000,1.35800,30.71200,19.05100,19.05100,11.66100,,11.66100,3.62700,8.03400,8.03400,8.03400,21.81750,22.05600,0.36670,0.36670,,0.62210,39.71460,27.36190,0.01220,3.29780,3.29780,0.33320,3.29780,11.07460,0.6349,0.6034
2014-03-31,31.07900,1.37600,29.70300,17.89400,17.89400,11.80900,,11.80900,3.63200,8.17700,8.17700,8.17700,21.75900,22.05150,0.37330,0.37330,,0.44510,40.23100,27.85750,0.01250,3.45060,3.45060,0.34730,3.45060,10.77730,0.32450,0.31700
2013-12-31,31.88000,2.22600,29.65400,20.95500,20.95500,8.69900,,8.69900,2.38600,6.31300,6.31300,6.31300,21.33450,21.52950,0.29330,0.28000,,0.66350,30.98050,22.48300,0.01180,2.75140,2.75140,0.26420,2.75140,10.47040,0.4892,0.4621
2013-09-30,31.91900,2.25000,29.66900,18.89600,18.89600,10.77300,,10.77300,3.09100,7.68200,7.68200,7.68200,21.61200,21.83400,0.35330,0.35330,0.12000,0.66840,38.00800,27.10270,0.01240,3.39110,3.39110,0.33550,2.98410,10.37680,0.8737,0.8277
2013-06-30,31.60400,2.31800,29.28600,18.59900,18.59900,10.68700,-1.54800,9.13900,2.73200,6.40700,6.40700,6.40700,21.30450,21.36450,0.30000,0.30000,0.12300,0.67210,32.68480,22.91410,0.01240,2.90760,2.90760,0.28370,2.55000,10.12480,0.2755,0.2556
2013-03-31,30.06300,2.37200,27.69100,17.90400,17.90400,9.78700,,9.78700,3.01900,6.76800,6.76800,6.76800,20.72100,20.77650,0.32670,0.32670,0.12890,0.72030,38.58310,26.68140,0.01200,3.23990,3.23990,0.31910,2.82240,9.97740,1.07090,1.05400
2012-12-31,32.16100,3.72400,28.43700,19.65800,19.65800,8.77900,,8.77900,2.26500,6.51400,6.51400,6.51400,20.81250,20.89800,0.31330,0.30670,0.13090,0.67480,33.81480,25.09050,0.01210,3.17640,3.17640,0.30320,2.76050,9.82510,-0.5922,-0.5957
2012-09-30,31.48700,2.89700,28.59000,19.52000,19.52000,9.07000,,9.07000,2.38800,6.68200,6.68200,6.68200,20.82450,20.94900,0.32000,0.32000,0.13300,0.81800,34.73100,25.58680,0.01240,3.31740,3.31740,0.31780,2.87620,9.66400,0.2993,0.2846
2012-06-30,30.65300,3.06800,27.58500,18.98300,18.98300,8.60200,,8.60200,2.49900,6.10300,6.10300,6.10300,20.81100,20.91150,0.29330,0.29330,0.13600,0.91060,34.25730,24.30510,0.01210,3.10900,3.10900,0.29290,2.68620,9.42990,0.3031,0.2645
2012-03-31,31.05700,3.26200,27.79500,18.81100,18.81100,8.98400,,8.98400,2.48200,6.50200,6.50200,6.50200,20.76600,20.83500,0.31330,0.31330,0.13870,0.89390,37.87520,27.41150,0.01160,3.38960,3.38960,0.31860,2.91930,9.21870,0.69780,0.59680
2011-12-31,30.79800,3.55300,27.24500,19.82700,19.82700,7.41800,,7.41800,1.07600,6.34200,6.34200,6.34200,20.67900,20.75100,0.30670,0.30670,0.17890,1.09030,30.72270,26.26630,0.01180,3.37900,3.37910,0.30890,2.77440,9.05450,0.9023,0.8073
2011-09-30,29.47400,3.82600,25.64800,17.40200,17.40200,8.24600,,8.24600,2.47200,5.77400,5.77400,5.77400,20.69850,20.75700,0.28000,0.28000,0.18220,1.01240,38.26810,26.79600,0.01080,3.14570,3.14570,0.29040,2.57250,8.86670,0.3404,0.266
2011-06-30,29.71800,3.95500,25.76300,17.32500,17.32500,8.43800,,8.43800,2.44100,5.99700,5.99700,5.99700,20.68350,20.81850,0.28670,0.28670,0.18610,1.06450,36.42880,25.89040,0.01190,3.35360,3.35360,0.30860,2.72930,8.63950,0.2814,0.1585
2011-03-31,29.29300,3.97300,25.32000,17.62700,17.62700,7.69300,,7.69300,2.20200,5.49100,5.49100,5.49100,20.62050,20.75550,0.26670,0.26670,0.19090,1.06520,34.16070,24.38280,0.01170,3.16740,3.16740,0.28610,2.56280,8.38710,0.61700,0.51210
2010-12-31,31.30100,4.39900,26.90200,18.77800,18.77800,8.12400,,8.12400,2.07300,6.05100,6.05100,6.05100,20.53350,20.66850,0.29330,0.30000,0.19410,1.11180,35.00670,26.07400,0.01220,3.56230,3.56230,0.31800,2.87100,8.24350,0.8524,0.7779
2010-09-30,30.28000,4.80400,25.47600,16.60400,16.60400,8.87200,,8.87200,2.50700,6.36500,6.36500,6.36500,20.55150,20.71050,0.30670,0.30670,0.19620,1.23360,38.94470,27.94000,0.01210,3.79750,3.79750,0.33840,3.05260,8.15200,-0.3134,-0.472
2010-06-30,29.37100,4.90100,24.47000,16.76500,16.76500,7.70500,,7.70500,2.14900,5.55600,5.55600,5.55600,20.53500,20.68500,0.27330,0.26670,0.20150,1.14190,34.88640,25.15620,0.01190,3.42890,3.42890,0.29880,2.73780,7.88780,-0.1785,-0.2253
2010-03-31,28.93300,5.16300,23.77000,16.45300,16.45300,7.31700,,7.31700,2.33600,4.98100,4.98100,4.98100,20.46750,20.57700,0.24670,0.24000,0.20630,1.11590,34.71890,23.63460,0.01170,3.16580,3.16580,0.27640,2.51270,7.66580,1.41240,1.39390
2009-12-31,28.52700,5.78400,22.74300,18.84300,18.84300,3.90000,,3.90000,1.01600,2.88400,2.88400,2.88400,20.34150,20.53350,0.14000,0.14000,0.21040,1.13290,22.58510,16.70140,0.00960,1.87740,1.87740,0.16100,1.48240,7.52620,-0.2122,-0.2241
2009-09-30,29.42600,6.50800,22.91800,16.50300,16.50300,6.41500,,6.41500,2.01600,4.39900,4.39900,4.39900,20.37600,20.55300,0.21330,0.21330,0.21080,1.39360,32.99390,22.62510,0.01100,2.87020,2.87020,0.24940,2.26520,7.51960,0.7449,0.665
2009-06-30,28.86100,6.48000,22.38100,16.23000,16.23000,6.15100,,6.15100,1.86300,4.28800,4.28800,4.28800,20.34600,20.59350,0.21330,0.20670,0.21490,1.50630,30.47920,21.24770,0.01160,2.86780,2.86780,0.24550,2.25150,7.34040,-0.2071,-0.2332
2009-03-31,27.07800,6.40900,20.66900,13.89400,13.89400,6.77500,,6.77500,2.03800,4.73700,4.73700,4.73700,20.25000,20.45550,0.23330,0.23330,0.21790,1.10150,35.57550,24.87400,0.01170,3.22400,3.22400,0.29050,2.52160,7.23380,0.30980,0.30080
