Date,revenue,cost-goods-sold,gross-profit,research-development-expenses,selling-general-administrative-expenses,other-operating-income-expenses,operating-expenses,operating-income,total-non-operating-income-expense,pre-tax-income,total-provision-income-taxes,income-after-taxes,income-from-continuous-operations,net-income,ebitda,ebit,basic-shares-outstanding,shares-outstanding,eps-basic-net-earnings-per-share,eps-earnings-per-share-diluted,current-ratio,long-term-debt-capital,debt-equity-ratio,gross-margin,operating-margin,ebit-margin,pre-tax-profit-margin,net-profit-margin,asset-turnover,inventory-turnover,receiveable-turnover,days-sales-in-receivables,roe,return-on-tangible-equity,roa,roi,book-value-per-share,operating-cash-flow-per-share,free-cash-flow-per-share
2023-12-31,237.00000,128.00000,109.00000,82.00000,39.70000,,126.90000,-17.90000,-6.10000,-24.00000,-15.00000,-9.00000,-9.00000,-9.00000,7.20000,-17.90000,39.20000,39.20000,-0.23000,-0.23000,4.52980,0.44250,0.79870,45.99160,-7.55270,-7.55270,-10.12660,-3.79750,0.09210,1.02320,1.87200,48.07600,-0.73750,-6.74160,-0.34970,-0.41110,31.06040,0.9881,0.7245
2023-09-30,237.70000,130.60000,107.10000,86.50000,42.30000,,142.30000,-35.20000,-5.40000,-40.60000,15.00000,-55.60000,-55.60000,-55.60000,-4.70000,-35.20000,38.80000,38.80000,-1.43000,-1.43000,4.51570,0.44600,0.81010,45.05680,-14.80860,-14.80860,-17.08040,-23.39080,0.09330,0.99160,2.13760,42.10350,-4.61680,-56.04850,-2.18150,-2.55760,30.73530,1.17010,0.99740
2023-06-30,227.30000,126.10000,101.20000,84.50000,46.20000,,139.20000,-38.00000,-6.30000,-44.30000,-20.90000,-23.40000,-23.40000,-23.40000,5.20000,-38.00010,39.60000,40.20000,-0.57000,-0.57000,4.89040,0.43870,0.78660,44.52270,-16.71800,-16.71800,-19.48970,-10.29480,0.08700,0.91910,1.38680,64.89660,-1.88190,-18.21010,-0.89610,-1.05620,32.23670,2.3065,2.1825
2023-03-31,326.60000,154.30000,172.30000,87.90000,41.70000,,138.10000,34.20000,-7.00000,27.20000,16.80000,10.40000,10.40000,10.40000,89.10000,34.20000,39.40000,39.90000,0.26000,0.26000,4.96210,0.42410,0.74100,52.75570,10.47150,10.47150,8.32820,3.18430,0.12030,1.04400,1.49680,60.12860,0.78720,6.00120,0.38310,0.45340,33.43540,2.7433,2.4021
2022-12-31,353.10000,166.40000,186.70000,89.30000,42.40000,,140.60000,46.10000,-6.70000,39.40000,17.40000,22.00000,22.00000,22.00000,84.70000,46.10000,39.80000,40.20000,0.55000,0.55000,4.42370,0.42820,0.75350,52.87450,13.05580,13.05580,11.15830,6.23050,0.12960,0.93750,1.38470,64.99580,1.69180,14.63740,0.80730,0.96730,32.85330,1.2678,1.0395
2022-09-30,448.10000,192.40000,255.70000,89.50000,44.70000,,143.70000,112.00000,-8.30000,103.70000,39.10000,64.60000,64.60000,64.60000,151.20000,112.00000,39.80000,40.70000,1.62000,1.59000,3.86480,0.42380,0.74020,57.06320,24.99440,24.99440,23.14220,14.41640,0.15860,1.07250,1.57730,57.06090,4.87510,40.00000,2.28690,2.80880,33.13990,1.92870,1.77640
2022-06-30,476.40000,210.30000,266.10000,94.10000,38.30000,,142.00000,124.09990,-8.90000,115.20000,32.30000,82.90000,82.90000,82.90000,168.29990,124.09990,39.00000,40.70000,2.13000,2.04000,3.02850,0.43520,0.77520,55.85640,26.04950,26.04950,24.18140,17.40140,0.16670,1.23920,1.47900,60.85010,6.54610,118.76760,2.90050,3.69740,31.96290,3.7912,3.688
2022-03-31,470.10000,216.30000,253.80000,98.20000,44.20000,,165.70000,88.10000,-1.30000,86.80000,24.40000,62.40000,64.90000,64.90000,137.50000,88.10000,39.50000,40.70000,1.64000,1.59000,3.17350,0.45910,0.84880,53.98850,18.74070,18.74070,18.46420,13.80560,0.17420,1.48250,1.57590,57.10910,5.60590,-97.88830,2.40550,3.03230,29.23630,3.1376,4.1744
2021-12-31,420.50000,195.40000,225.10000,88.90000,44.30000,,147.50000,77.60000,-5.70000,71.90000,2.00000,69.90000,69.50000,69.50000,118.60000,77.60000,39.40000,40.70000,1.76000,1.71000,2.94280,0.48040,0.92440,53.53150,18.45420,18.45420,17.09870,16.52790,0.16380,1.46590,1.34690,66.82050,6.53260,-33.04800,2.70700,3.39450,26.92120,3.0038,2.7953
2021-09-30,372.70000,174.60000,198.10000,86.10000,41.60000,,137.50000,60.60000,-14.00000,46.60000,5.90000,40.70000,40.20000,40.20000,97.70000,60.60000,37.50000,40.60000,1.07000,0.99000,2.46920,0.28260,0.39390,53.15270,16.25970,16.25970,12.50340,10.78620,0.20910,1.96840,1.38190,65.12750,4.01440,25.91880,2.25560,2.87990,25.53090,1.43600,1.32020
2021-06-30,327.80000,157.00000,170.79990,77.70000,33.30000,,119.90020,50.89980,-9.20000,41.70000,15.00000,26.70000,19.00000,19.00000,98.89980,50.89990,34.80000,38.30000,0.55000,0.45000,1.49960,0.28970,0.91140,52.10500,15.52770,15.52770,12.72120,5.79620,0.14720,1.91460,1.43580,62.68150,1.96440,19.85370,0.85320,1.39540,27.37460,2.8534,2.6989
2021-03-31,325.80000,170.30000,155.50000,77.50000,36.80000,,123.90000,31.60000,-7.00000,24.60000,10.40000,14.20000,13.80000,13.80000,71.60000,31.60000,35.00000,39.10000,0.39000,0.35000,3.95070,0.48980,0.96000,47.72870,9.69920,9.69920,7.55060,4.23570,0.14940,2.45740,1.39410,64.55800,1.47970,37.80820,0.63270,0.75500,26.50940,3.3466,2.3474
2020-12-31,357.60000,207.20000,150.40000,77.30000,39.50000,34.20000,91.90000,58.50000,-6.00000,52.50000,2.40000,50.10000,49.60000,49.60000,102.60000,58.50000,34.80000,36.50000,1.43000,1.36000,2.97830,0.40170,0.67130,42.05820,16.35910,16.35910,14.68120,13.87020,0.19950,2.83450,1.43440,62.74330,5.58560,-140.90900,2.76750,3.34210,25.42370,1.9441,2.661
2020-09-30,328.40000,193.90000,134.50000,80.90000,35.30000,,128.50000,6.00000,-4.70000,1.30000,3.60000,-2.30000,-2.80000,-2.80000,43.20000,6.00000,34.20000,34.20000,-0.08000,-0.08000,2.40780,0.41350,0.70510,40.95620,1.82700,1.82700,0.39590,-0.85260,0.18500,1.69200,1.44160,62.43000,-0.33390,2.36490,-0.15780,-0.19580,24.36740,0.19010,0.07600
2020-06-30,277.60010,155.60000,122.00010,63.70000,36.40000,,109.80010,12.20000,99.60000,111.80000,21.30000,90.50000,90.00000,90.00000,32.80000,12.20000,33.60000,34.80000,2.68000,2.57000,4.41460,0.41730,0.71620,43.94810,4.39480,4.39480,40.27380,32.42070,0.16390,1.52550,1.42140,63.31770,10.98770,24.66430,5.31350,6.40250,24.00500,1.565,5.4165
2020-03-31,328.10000,192.50000,135.60000,75.80000,31.60000,,116.60000,19.00000,-3.20000,15.80000,10.20000,5.60000,5.00000,5.00000,41.50000,19.00000,34.00000,35.00000,0.15000,0.14000,3.48200,0.40340,0.67610,41.32890,5.79090,5.79090,4.81560,1.52390,0.22150,2.01570,1.37630,65.39470,0.70140,2.02680,0.33760,0.41840,20.96460,1.3202,1.2243
2019-12-31,388.30000,229.00000,159.30000,77.00000,31.50000,,124.80000,34.50000,-2.30000,32.20000,12.00000,20.20000,19.80000,19.80000,58.40000,34.50000,33.50000,34.40000,0.59000,0.58000,3.30190,0.40850,0.69060,41.02500,8.88490,8.88490,8.29260,5.09920,0.26650,2.78930,1.57590,57.11050,2.86420,9.29580,1.35880,1.69420,20.39290,2.0807,1.9911
2019-09-30,339.90000,213.70000,126.20000,86.00000,27.50000,,123.00000,3.20000,-3.60000,-0.40000,-4.90000,4.50000,4.00000,4.00000,33.20000,3.20000,33.00000,33.60000,0.12000,0.12000,2.97820,0.41930,0.72210,37.12860,0.94150,0.94150,-0.11770,1.17680,0.23860,1.54630,1.46380,61.48280,0.61090,2.57400,0.28080,0.35470,19.84060,1.40770,1.25890
2019-06-30,295.09990,204.70000,90.40000,85.90000,27.60000,,123.70000,-33.30000,-4.00000,-37.30000,8.40000,-45.70000,-46.20000,-46.20000,-2.30000,-33.30010,34.60000,34.60000,-1.33000,-1.32000,2.87950,0.41600,0.71250,30.63370,-11.28430,-11.28430,-12.63980,-15.65570,0.20930,1.28990,1.28300,70.14570,-7.02880,-33.07090,-3.27710,-4.10450,19.70920,1.2909,1.1117
2019-03-31,334.00000,218.00000,116.00000,82.60000,34.20000,,119.80000,-3.80000,-4.30000,-8.10000,-15.30000,7.20000,6.70000,6.70000,27.10000,-3.80000,34.40000,35.00000,0.19000,0.19000,3.19410,0.38960,0.63820,34.73050,-1.13770,-1.13770,-2.42520,2.00600,0.22740,1.42390,1.25190,71.89220,0.92200,3.51150,0.45620,0.56280,21.09310,1.3566,1.17
2018-12-31,425.50000,275.70000,149.80000,84.20000,35.60000,,124.80000,25.00000,-4.30000,20.70000,7.50000,13.20000,12.80000,12.80000,56.70000,25.00000,34.50000,35.10000,0.37000,0.36000,2.63880,0.39480,0.65240,35.20560,5.87540,5.87540,4.86490,3.00820,0.28370,1.89220,1.30520,68.95420,1.81770,8.52200,0.85360,1.10000,20.52220,1.6817,1.5509
2018-09-30,417.60000,276.70000,140.90000,90.00000,33.90000,,135.10000,5.80000,-1.90000,3.90000,-0.30000,4.20000,3.80000,3.80000,40.30000,5.80000,35.10000,36.10000,0.11000,0.11000,2.42250,0.39060,0.64090,33.74040,1.38890,1.38890,0.93390,0.91000,0.27390,1.71650,1.25560,71.68100,0.53510,2.75160,0.24920,0.32610,20.56590,0.12740,-0.06090
2018-06-30,388.50000,260.90000,127.60010,90.20000,38.40000,,136.29990,-8.69990,-4.50000,-13.20000,-12.10000,-1.10000,-1.50000,-1.50000,27.80020,-8.69990,34.20000,34.20000,-0.02000,-0.02000,2.60570,0.38190,0.61800,32.84430,-2.23930,-2.23930,-3.39770,-0.38610,0.25900,1.98860,1.34380,66.97300,-0.20570,-1.09250,-0.10000,-0.12710,20.68940,0.2659,0.0659
2018-03-31,394.00000,271.10000,122.90000,93.70000,37.90000,,135.20000,-12.30000,-4.70000,-17.00000,-3.90000,-13.10000,-13.70000,-13.70000,19.30000,-12.30000,34.50000,34.50000,-0.40000,-0.40000,2.49570,0.39080,0.64160,31.19290,-3.12180,-3.12180,-4.31470,-3.47720,0.27290,2.49860,1.52590,58.97970,-1.96870,-16.64640,-0.94900,-1.19920,20.11620,0.9475,0.7223
2017-12-31,430.40000,315.20000,115.20000,92.20000,37.40000,,139.20000,-24.00000,-4.70000,-28.70000,53.30000,-82.00000,-82.40000,-82.40000,12.20000,-24.00000,34.10000,34.10000,-2.42000,-2.42000,2.35800,0.39220,0.64540,26.76580,-5.57620,-5.57620,-6.66820,-19.14500,0.29930,2.24180,1.82060,49.43310,-12.02570,-154.30700,-5.73020,-7.30890,19.98080,1.8383,1.6067
2017-09-30,417.40000,303.00000,114.40000,87.10000,40.30000,,131.30000,-16.90000,-6.00000,-22.90000,3.20000,-26.10000,-26.50000,-26.50000,20.10000,-16.90000,33.50000,33.50000,-0.79000,-0.79000,2.34860,0.37000,0.58740,27.40780,-4.04890,-4.04890,-5.48630,-6.34880,0.28260,1.68710,1.64590,54.68140,-3.55320,-27.89480,-1.79410,-2.23840,22.10700,1.18810,0.84780
2017-06-30,426.50000,299.70000,126.80000,73.80000,32.60000,,108.79990,18.00010,-1.60000,16.40000,-1.70000,18.10000,17.80000,17.80000,40.70010,18.00000,34.80000,35.60000,0.51000,0.50000,2.55150,0.21440,0.29320,29.73040,4.22040,4.22040,3.84530,4.17350,0.33670,2.28080,1.67120,53.85230,2.40480,4.11660,1.40520,1.88920,21.36960,1.3429,1.1982
2017-03-31,444.20000,309.50000,134.70000,71.60000,38.10000,-10.00000,122.40000,12.30000,-1.50000,10.80000,6.30000,4.50000,4.50000,4.50000,34.90000,12.30000,34.80000,35.40000,0.13000,0.13000,2.27950,0.22780,0.31640,30.32420,2.76900,2.76900,2.43130,1.01310,0.35010,1.97130,1.80130,49.96400,0.64370,1.19300,0.35470,0.49710,20.37960,1.4924,1.3205
2016-12-31,461.30000,322.60000,138.70000,73.50000,32.30000,,109.90000,28.80000,0.60000,29.40000,6.60000,22.80000,22.80000,22.80000,51.60000,28.80000,35.10000,35.90000,0.65000,0.64000,2.44820,0.22070,0.30350,30.06720,6.24320,6.24320,6.37330,4.94260,0.35420,2.02000,1.77630,50.66770,3.07980,5.63800,1.75050,2.40000,20.97050,1.4596,1.0543
2016-09-30,386.20000,262.80000,123.40000,73.40000,34.60000,,117.80000,5.60000,-0.90000,4.70000,1.00000,3.70000,3.70000,3.70000,31.20000,5.60000,34.80000,35.60000,0.11000,0.10000,2.38110,0.23380,0.32660,31.95240,1.45000,1.45000,1.21700,0.95810,0.31120,1.71880,1.61250,55.81310,0.52950,1.06200,0.29810,0.40570,20.05050,0.00000,-0.16010
2016-06-30,323.90000,215.80000,108.10000,78.20000,36.90000,-6.70000,133.09970,-24.99970,1.20000,-23.80000,-16.70000,-7.10000,-7.10000,-7.10000,0.50030,-24.99970,36.60000,37.90000,-0.20000,-0.18000,2.22380,0.23510,0.33400,33.37450,-7.71830,-7.71830,-7.34790,-2.19200,0.24910,1.47400,1.28230,70.18830,-1.00710,-2.10120,-0.54610,-0.77030,20.02160,2.9868,2.7519
2016-03-31,402.50000,258.10000,144.40000,73.90000,43.60000,-1.10000,123.30000,21.10000,0.80000,21.90000,1.40000,20.50000,20.50000,20.50000,47.00000,21.10000,36.80000,37.90000,0.56000,0.54000,2.53930,0.21570,0.29370,35.87580,5.24220,5.24220,5.44100,5.09320,0.27770,1.94500,1.25780,71.55280,2.55990,5.00490,1.41430,2.00780,21.73860,0.9507,0.8315
2015-12-31,470.50000,305.30000,165.20000,78.60000,41.00000,4.30000,119.90000,45.30000,-0.80000,44.50000,9.50000,35.00000,35.00000,35.00000,72.00000,45.30000,36.40000,37.70000,0.96000,0.93000,2.24140,0.22650,0.31250,35.11160,9.62810,9.62810,9.45800,7.43890,0.32370,2.23500,1.39610,64.46330,4.58240,9.85640,2.40830,3.54430,20.84000,2.5109,2.3696
2015-09-30,470.00000,306.20000,163.80000,80.50000,40.20000,-2.70000,130.00000,33.80000,-0.80000,33.00000,9.20000,23.80000,23.80000,23.80000,60.90000,33.80000,36.80000,38.20000,0.65000,0.62000,1.94860,0.24380,0.34090,34.85110,7.19150,7.19150,7.02130,5.06380,0.33710,2.09010,1.34630,66.84890,3.37250,8.55500,1.70720,2.55040,19.56370,0.32200,0.06280
2015-06-30,478.90000,311.60010,167.30000,79.70000,39.40000,5.10000,123.29990,44.00000,-0.90000,43.10000,11.80000,31.30000,31.30000,31.30000,70.70000,44.00000,36.90000,38.90000,0.84000,0.79000,2.05060,0.22560,0.30560,34.93420,9.18770,9.18770,8.99980,6.53580,0.31520,2.22250,1.47540,61.00230,3.94650,8.91990,2.06000,3.05600,21.13240,0.7663,0.4918
2015-03-31,477.60000,313.30000,164.30000,78.70000,35.80000,2.10000,112.40000,51.90000,-1.00000,50.90000,19.40000,31.50000,31.50000,31.50000,79.70000,51.90000,36.70000,38.50000,0.86000,0.82000,2.21320,0.23870,0.32600,34.40120,10.86680,10.86680,10.65750,6.59550,0.31600,2.05770,1.49450,60.21990,4.20960,11.30280,2.08440,3.20490,20.33460,3.3182,3.1564
2014-12-31,463.70000,336.90000,126.80000,77.30000,22.00000,7.10000,96.80000,30.00000,-0.70000,29.30000,8.30000,21.00000,21.00000,21.00000,80.20000,30.00000,36.50000,38.20000,0.57000,0.55000,2.13780,0.24990,0.34370,27.34530,6.46970,6.46970,6.31870,4.52880,0.30840,2.32000,1.38410,65.02500,2.93880,9.68700,1.39670,2.20430,19.49100,-0.3785,-0.7764
2014-09-30,282.80000,162.50000,120.30000,57.50000,30.70000,4.50000,84.00000,36.30000,0.60000,36.90000,10.30000,26.60000,26.60000,26.60000,44.80000,36.30000,37.00000,39.20000,0.72000,0.68000,2.90950,,,42.53890,12.83590,12.83590,13.04810,9.40590,0.27620,2.12560,1.45410,61.89510,3.70600,4.59510,2.59750,3.70600,19.48210,1.54080,1.04080
2014-06-30,314.85900,175.01300,139.84600,56.91500,30.17500,-13.16900,100.47410,39.37200,0.58700,39.95900,5.47600,34.48300,34.48300,34.48300,45.86000,39.37200,34.80000,37.10000,0.89000,0.90000,2.91860,,,44.41540,12.50460,12.50460,12.69110,10.95190,0.30860,2.12650,1.61380,55.76780,4.91770,6.17860,3.37970,4.91770,19.02130,0.9942,0.8568
2014-03-31,204.27100,111.84100,92.43000,49.41200,25.85600,-53.04300,128.57300,-36.14300,0.51600,-35.62700,4.42900,-40.05600,-40.05600,-40.05600,-29.87700,-36.14300,35.68500,35.68500,-1.12000,-1.12000,3.32310,,,45.24870,-17.69370,-17.69370,-17.44110,-19.60920,0.22830,1.59340,1.36470,65.95080,-6.37230,-8.29630,-4.47650,-6.37230,17.46830,0.1743,-0.2561
2013-12-31,205.76300,111.21800,94.54500,45.93100,22.84500,-3.43000,72.46700,22.07800,0.47100,22.54900,5.21500,17.33400,17.33400,17.33400,27.41800,22.07800,33.99000,36.05900,0.51000,0.48000,3.82650,,0.00370,45.94850,10.72980,10.72980,10.95870,8.42430,0.25030,2.14930,1.54680,58.18340,2.77340,3.62680,2.10870,2.77340,17.87140,1.5529,1.3634
2013-09-30,222.60700,113.32800,109.27900,40.44200,21.12400,-0.25800,62.08600,47.19300,0.42600,47.61900,12.68000,34.93900,34.93900,34.93900,50.69900,47.19300,32.95800,35.02000,1.06000,1.00000,3.86700,0.00440,0.00440,49.09060,21.20010,21.20010,21.39150,15.69540,0.32550,1.97800,1.44610,62.23750,6.69990,7.16050,5.10830,6.67040,16.04860,0.82580,0.53990
2013-06-30,230.19500,115.07800,115.11700,40.90100,21.50100,1.30000,61.33900,53.77800,0.37300,54.15100,8.86400,45.28700,45.28700,45.28700,56.61000,53.77800,32.70000,34.20000,1.38000,1.31000,3.74550,0.00440,0.00440,50.00850,23.36190,23.36190,23.52400,19.67330,0.33300,2.30400,1.55060,58.04150,8.67810,9.27920,6.55130,8.63990,15.67600,0.946,0.7753
2013-03-31,163.32400,82.24100,81.08300,36.74000,20.18300,-0.23700,57.42200,23.66100,0.19300,23.85400,-12.59200,36.44600,36.44600,36.44600,26.25300,23.66100,32.23400,34.13500,1.13000,1.07000,3.70880,0.00500,0.00510,49.64550,14.48720,14.48720,14.60530,22.31520,0.27150,1.87290,1.53070,58.79720,8.01590,8.66510,6.05930,7.97540,14.02360,0.6923,0.4402
2012-12-31,143.04000,74.01000,69.03000,34.25700,19.00800,-0.57600,54.10200,14.92800,0.22000,15.14800,4.03400,11.11400,11.11400,11.11400,17.60200,14.92800,32.47800,33.31300,0.34000,0.33000,4.00290,0.00570,0.00570,48.25920,10.43620,10.43620,10.59000,7.76990,0.26270,2.30390,1.44410,62.32300,2.76390,3.02190,2.04150,2.74820,12.56000,0.4765,0.3224
2012-09-30,127.04100,66.47100,60.57000,32.80200,18.90800,-0.28700,52.23700,8.33300,0.21400,8.54700,2.49400,6.05300,6.05300,6.05300,11.03500,8.33300,32.94100,34.01400,0.18000,0.18000,4.06050,0.00560,0.00560,47.67750,6.55930,6.55930,6.72770,4.76460,0.22720,2.12800,1.29580,69.45470,1.48000,1.61670,1.08240,1.47170,12.41620,0.87060,0.39780
2012-06-30,137.60700,74.20300,63.40400,30.47600,17.58400,,48.06000,15.34400,0.25400,15.59800,3.29800,12.30000,12.30000,12.30000,17.77500,15.34400,33.03000,34.43500,0.37000,0.34000,4.22520,0.00580,0.00580,46.07610,11.15060,11.15060,11.33520,8.93850,0.25410,2.34320,1.32140,68.11140,3.09990,3.36990,2.27140,3.08200,12.06200,0.6781,0.5997
2012-03-31,131.70500,69.52500,62.18000,29.41500,18.03100,,47.44600,14.73400,0.27300,15.00700,3.56100,11.44600,11.44600,11.44600,17.17900,14.73400,33.38900,35.17900,0.34000,0.33000,4.76270,0.00570,0.00570,47.21160,11.18710,11.18710,11.39440,8.69060,0.25170,2.48530,1.37920,65.25470,2.84450,2.85820,2.18760,2.82830,11.94950,0.4953,0.4482
2011-12-31,145.47000,76.74700,68.72300,29.83700,17.72100,,47.55800,21.16500,0.23900,21.40400,4.02100,17.38300,17.38300,17.38300,23.83000,21.16500,32.56900,34.00500,0.53000,0.51000,4.34790,0.00630,0.00630,47.24200,14.54940,14.54940,14.71370,11.94950,0.30190,2.62630,1.67690,53.66960,4.77700,4.80240,3.60720,4.74690,11.07160,0.8516,0.7841
2011-09-30,133.44600,72.18600,61.26000,28.22600,16.70900,,44.93500,16.32500,0.21600,16.54100,3.52600,13.01500,13.01500,13.01500,19.19300,16.32500,32.87500,33.77700,0.40000,0.39000,3.63680,0.00700,0.00710,45.90620,12.23340,12.23340,12.39530,9.75300,0.29550,2.50690,1.39970,64.29950,4.00160,4.02550,2.88240,3.97350,10.10770,0.91950,0.81160
2011-06-30,143.36600,82.77800,60.58810,27.48700,16.79900,,44.28600,16.30210,0.26700,16.56900,2.64600,13.92300,13.92300,13.92300,19.28710,16.30210,34.04200,35.45400,0.41000,0.40000,4.03390,0.00670,0.00680,42.26110,11.37090,11.37090,11.55710,9.71150,0.31430,2.86930,1.52830,58.88930,4.09510,4.11840,3.05190,4.06750,10.15940,0.706,0.652
2011-03-31,142.40600,84.79000,57.61600,25.95600,17.24400,,43.20000,14.41600,0.24800,14.66400,1.16800,13.49600,13.49600,13.49600,17.30500,14.41600,33.99200,35.34600,0.40000,0.38000,3.85410,0.00660,0.00670,40.45900,10.12320,10.12320,10.29730,9.47710,0.30540,2.59900,1.45820,61.72140,3.91530,3.93730,2.89420,3.88920,10.08550,0.5956,0.5197
2010-12-31,159.58100,94.54300,65.03800,26.64000,18.95800,,45.59800,19.44000,0.22100,19.66100,1.98300,17.67800,17.67800,17.67800,22.19800,19.44000,33.95400,35.36000,0.52000,0.50000,3.09800,0.00740,0.00740,40.75550,12.18190,12.18190,12.32040,11.07780,0.35160,4.11020,1.27010,70.85980,5.68870,5.72420,3.89480,5.64690,9.25190,0.6956,0.6058
2010-09-30,153.18500,90.35700,62.82800,24.92000,15.54800,,40.46800,22.36000,0.21700,22.57700,3.87800,18.69900,18.69900,18.69900,24.89700,22.36000,34.40200,35.90000,0.54000,0.52000,3.39630,0.00720,0.00720,41.01450,14.59670,14.59670,14.73840,12.20680,0.34060,5.97840,1.32100,68.12940,5.86360,5.89920,4.15730,5.82150,9.23170,0.53320,0.42660
2010-06-30,145.76300,86.51600,59.24700,22.92300,15.05300,,37.97600,21.27100,0.20000,21.47100,2.14300,19.32800,19.32800,19.32800,23.62800,21.27100,33.83600,35.42300,0.57000,0.55000,3.15660,0.00800,0.00800,40.64610,14.59290,14.59290,14.73010,13.25990,0.35150,4.63470,1.43600,62.67580,6.74600,6.79170,4.66100,6.69220,8.42160,1.0087,0.9312
2010-03-31,116.21200,68.91000,47.30200,21.21200,14.63500,,35.84700,11.45500,0.19600,11.65100,0.04500,11.60600,11.60600,11.60600,13.60400,11.45500,33.52600,35.09500,0.35000,0.33000,3.40160,0.00900,0.00910,40.70320,9.85700,9.85700,10.02560,9.98690,0.32720,3.78460,1.32070,68.14510,4.59740,4.63280,3.26740,4.55580,7.51530,0.6173,0.558
2009-12-31,133.32300,79.49200,53.83100,22.44200,16.57500,,39.01700,14.81400,-0.72700,14.08700,1.86000,12.22700,12.22700,12.22700,17.78300,14.81400,33.61100,34.93600,0.36000,0.35000,2.91710,0.01020,0.01030,40.37640,11.11140,11.11140,10.56610,9.17100,0.39830,5.01940,1.32920,67.70910,5.45930,5.50670,3.65250,5.40370,6.72650,0.7607,0.6995
2009-09-30,119.59200,71.27000,48.32200,19.97500,13.76400,,33.73900,14.58300,-1.53500,13.04800,3.24400,9.80400,9.80400,9.80400,17.97200,14.58300,34.34100,35.96800,0.29000,0.27000,2.03290,,0.29600,40.40570,12.19400,12.19400,10.91040,8.19790,0.30820,4.54590,1.31330,68.52950,4.50130,4.54150,2.52690,4.50130,6.41190,0.83180,0.77380
2009-06-30,115.32700,68.92400,46.40300,18.99500,12.94400,,31.93900,14.46400,-0.78700,13.67700,1.29000,12.38700,12.38700,12.38700,17.62100,14.46400,33.98100,35.57700,0.35000,0.34000,2.18240,,0.28410,40.23600,12.54170,12.54170,11.85930,10.74080,0.30660,4.61030,1.36100,66.12940,5.56450,5.61310,3.29310,5.56450,6.41680,0.1534,0.0985
2009-03-31,100.59500,59.88800,40.70700,17.28600,12.78600,,30.07200,10.63500,-3.73000,6.90500,1.49900,5.40600,5.40600,5.40600,13.61700,10.63500,34.06200,35.24300,0.16000,0.15000,2.12650,,0.34460,40.46620,10.57210,10.57210,6.86420,5.37400,0.30420,3.77630,1.45450,61.87850,2.85290,2.88220,1.63490,2.85290,5.55470,2.14,1.9332
