Date,revenue,cost-goods-sold,gross-profit,research-development-expenses,selling-general-administrative-expenses,operating-expenses,operating-income,total-non-operating-income-expense,pre-tax-income,total-provision-income-taxes,income-after-taxes,income-from-continuous-operations,net-income,ebitda,ebit,basic-shares-outstanding,shares-outstanding,eps-basic-net-earnings-per-share,eps-earnings-per-share-diluted,current-ratio,long-term-debt-capital,debt-equity-ratio,gross-margin,operating-margin,ebit-margin,pre-tax-profit-margin,net-profit-margin,asset-turnover,receiveable-turnover,days-sales-in-receivables,roe,return-on-tangible-equity,roa,roi,book-value-per-share,operating-cash-flow-per-share,free-cash-flow-per-share
2023-09-30,360.22100,259.56200,100.65900,35.89000,83.50300,119.39300,-18.73400,-4.40200,-23.13600,,-23.13600,-23.13600,-23.13600,6.91100,-18.73400,307.39200,307.39200,-0.07000,-0.07000,1.28390,0.11730,0.18260,27.94370,-5.20070,-5.20070,-6.42270,-6.42270,0.20800,1.55190,57.99390,-2.16810,-6.25390,-1.33600,-1.91370,3.54880,0.1053,0.074
2023-06-30,332.00400,234.94700,97.05700,34.00100,88.05600,122.05700,-25.00000,-3.82700,-28.82700,2.48700,-31.31400,-31.31400,-31.31400,-1.81700,-25.00000,306.38640,306.38640,-0.09000,-0.09000,1.54680,0.14990,0.17910,29.23370,-7.53000,-7.53000,-8.68270,-9.43180,0.19280,1.52690,58.94310,-2.87200,-8.30200,-1.81880,-2.44140,3.62670,0.0424,0.0283
2023-03-31,327.68600,238.09400,89.59200,31.98500,86.40500,118.39000,-28.79800,-3.15400,-31.95200,-0.63900,-31.31300,-31.31300,-31.31300,-5.69700,-28.79800,333.42400,333.42400,-0.09000,-0.09000,1.53020,0.14810,0.20360,27.34080,-8.78830,-8.78830,-9.75080,-9.55580,0.18540,1.54320,58.32150,-2.82440,-8.24990,-1.77120,-2.40610,3.23210,0.05260,0.03350
2022-12-31,371.26700,238.09300,133.17400,28.54800,79.59100,108.13900,25.03500,-3.17600,21.85900,6.67500,15.18400,15.18400,15.18400,48.54800,25.03500,254.28500,254.28500,0.05000,0.06000,1.61290,0.21090,0.27090,35.87020,6.74310,6.74310,5.88770,4.08980,0.24270,1.44630,62.22940,1.81950,16.96350,0.99270,1.43570,3.28380,0.0793,0.0536
2022-09-30,332.46200,229.77400,102.68800,36.23700,87.90100,124.13800,-21.45000,-3.57000,-25.02000,1.00600,-26.02600,-26.02600,-26.02600,2.06300,-21.45000,255.16100,255.16100,-0.10000,-0.10000,1.73610,0.26180,0.35840,30.88710,-6.45190,-6.45190,-7.52570,-7.82830,0.21960,1.79910,50.02520,-3.24710,-67.01510,-1.71920,-2.39700,3.24040,0.0903,0.0435
2022-06-30,342.69500,226.33400,116.36100,34.07900,91.83300,125.91200,-9.55100,4.76400,-4.78700,0.23400,-5.02100,-5.02100,-5.02100,13.61900,-9.55100,250.77790,250.77790,-0.02000,-0.02000,1.73670,0.26050,0.35600,33.95470,-2.78700,-2.78700,-1.39690,-1.46520,0.22500,1.71670,52.42480,-0.62150,-13.22810,-0.32970,-0.45960,3.35650,0.0095,-0.0288
2022-03-31,354.72600,242.69600,112.03000,30.41200,89.31700,119.72900,-7.69900,11.19500,3.49600,-0.39200,3.88800,3.88800,3.88800,15.33500,-7.69900,247.37800,260.03700,0.02000,0.01000,1.73060,0.26420,0.36280,31.58210,-2.17040,-2.17040,0.98550,1.09610,0.23060,1.77990,50.56580,0.48970,47.39760,0.25270,0.36040,3.32440,0.03120,0.00470
2021-12-31,407.66790,264.02600,143.64190,34.04400,90.95200,124.99620,18.64570,-1.78400,16.86200,16.27700,0.58500,0.58500,0.58500,41.98970,18.64580,142.88300,142.88300,0.76000,0.89000,1.57020,0.27100,0.37570,35.23510,4.57370,4.57380,4.13620,0.14350,0.25520,1.66240,54.14000,0.07620,-1.73430,0.03660,0.05560,3.27980,0.2882,0.1257
2021-09-30,338.76800,231.08300,107.68500,29.94600,77.86300,107.80900,-0.12400,13.96000,13.83600,-3.46000,17.29600,17.29600,17.29600,13.15500,-0.12400,229.02500,259.26300,0.08000,0.07000,1.62760,0.27730,0.38780,31.78720,-0.03660,-0.03660,4.08420,5.10560,0.22500,1.77680,50.65420,2.32170,-25.46190,1.14870,1.67790,3.21600,-0.1317,0.204
2021-06-30,329.07200,228.82700,100.24500,30.05000,123.60400,153.65400,-53.40900,-0.08500,-53.49400,7.92200,-61.41600,-61.41600,-67.44500,-44.76300,-53.40900,48.51800,48.51800,-1.39000,-1.39000,2.78480,,,30.46290,-16.23020,-16.23020,-16.25600,-20.49550,0.35460,2.36710,38.02120,-11.22090,-11.68700,-6.61770,-11.22090,2.59160,0.4093,0.0363
2021-03-31,302.95000,213.45100,89.49900,23.89300,43.98400,67.87700,21.62200,-0.79800,20.82400,2.23700,18.58700,18.58700,12.67200,29.86600,21.62200,44.14120,75.13180,0.29000,0.17000,0.02560,,,29.54250,7.13720,7.13720,6.87370,4.18290,1.16580,,,371.73940,371.73890,7.15240,371.73940,0.45550,-0.12120,-0.19490
2020-12-31,,,,,,,,,,,,,,,,,,,0.00000,,,,,,,,,,,,,,,,,-1.3553,-1.1281
2020-09-30,290.58500,200.98900,89.59600,21.48500,46.57000,68.05500,21.54100,-0.84400,20.69700,4.00900,16.68800,16.68800,10.86900,29.56200,21.54100,38.10130,60.22150,0.29000,0.18000,,,3.75000,30.83300,7.41300,7.41300,7.12250,3.74040,640.90210,,,83440.00000,83440.08000,3680.63500,83440.00000,0.00310,0.5592,0.509
2020-06-30,267.66800,183.56400,84.10400,21.90800,43.97200,65.88000,18.22400,-0.65400,17.57000,4.66500,12.90500,12.90500,7.25900,18.22400,18.22400,37.89520,60.09660,0.19000,0.12000,,,,31.42100,6.80840,6.80840,6.56410,2.71190,,,,,,,,,0.7961,0.6191
2019-12-31,,,,,,,,,,,,,,,,,,,0.00000,,,,,,,,,,,,,,,,,0,0
