Date,revenue,gross-profit,research-development-expenses,selling-general-administrative-expenses,other-operating-income-expenses,operating-income,total-non-operating-income-expense,pre-tax-income,income-after-taxes,income-from-continuous-operations,net-income,ebitda,ebit,basic-shares-outstanding,shares-outstanding,eps-basic-net-earnings-per-share,eps-earnings-per-share-diluted,current-ratio,long-term-debt-capital,debt-equity-ratio,gross-margin,operating-margin,ebit-margin,pre-tax-profit-margin,net-profit-margin,asset-turnover,receiveable-turnover,days-sales-in-receivables,roe,return-on-tangible-equity,roa,roi,book-value-per-share,operating-cash-flow-per-share,free-cash-flow-per-share
2023-09-30,,,3.65600,3.57800,-1.01100,-8.66400,0.18800,-8.47600,-8.47600,-8.47600,-8.47600,-7.98500,-8.66400,16.01110,16.01110,-0.59970,-0.59970,2.75210,,,,,,,,,,,-60.97830,-60.97840,-43.60080,-60.97840,0.86610,-0.397,-0.3969
2023-06-30,0.00400,0.00400,5.18600,3.04500,0.24500,-7.98200,-0.79100,-8.77300,-8.77300,-8.77300,-8.77300,-6.41600,-7.98200,15.99450,15.99450,-0.59970,-0.59970,3.71690,,,100.00000,-199550.00000,-199550.00000,-219325.00000,-219325.00000,0.00010,1.00000,90.00000,-40.52190,-40.52190,-31.41400,-40.52190,1.34890,-0.4375,-0.446
2023-03-31,,,6.50400,3.16800,,-9.67200,-0.37600,-10.04800,-10.04800,-10.04800,-10.04800,-8.50400,-9.67200,15.98660,15.98660,-0.59970,-0.59970,2.23780,,0.37240,,,,,,,,,-34.05060,-34.05060,-20.65870,-34.05060,1.83860,-0.58680,-0.58820
2022-12-31,0.01100,0.01100,5.60800,2.92600,,-8.52300,-0.63600,-9.15900,-9.15900,-9.15900,-9.15900,-7.48200,-8.52300,14.48260,14.48260,-0.44980,-0.44980,2.22620,,0.43480,100.00000,-77482.43000,-77482.41000,-83264.24000,-83264.24000,0.00020,2.75000,32.72750,-23.75570,-23.75570,-14.10440,-23.75570,2.40440,-0.4779,-0.4843
2022-09-30,2.91100,2.91100,7.89300,3.28200,0.00000,-8.26400,-0.58700,-8.85100,-8.85100,-8.85100,-8.85100,-7.34400,-8.26400,14.34710,14.34710,-0.59970,-0.59970,1.68870,,0.70590,100.00000,-283.88870,-283.88870,-304.05360,-304.05360,0.04320,1.00000,90.00000,-27.56210,-27.56200,-13.14300,-27.56210,2.22710,-0.4278,-0.4288
2022-06-30,,,5.93700,3.42900,0.13300,-9.23300,-0.69900,-9.93200,-9.93200,-9.93200,-9.93200,-8.34100,-9.23300,14.34040,14.34040,-0.74960,-0.74960,2.29170,0.10020,0.61030,,,,,,,,,-24.71880,-24.71880,-13.43420,-22.24310,2.78660,-0.5707,-0.5747
2022-03-31,,,5.58000,3.50500,,-9.08500,-0.70300,-9.78800,-9.78800,-9.78800,-9.78800,-8.19800,-9.08500,14.33700,14.33700,-0.74960,-0.74960,3.28590,0.17370,0.49500,,,,,,,,,-19.92590,-19.92590,-11.51650,-16.46560,3.41030,-0.54200,-0.54400
2021-12-31,,,8.21600,2.09500,,-11.05100,-0.74300,-11.79400,-11.79400,-11.79400,-11.79400,-10.11100,-11.05100,14.30040,14.30040,-0.74960,-0.74960,4.91430,0.21870,0.41540,,,,,,,,,-20.31450,-20.31490,-12.43240,-15.87200,4.02740,-1.0599,-1.0851
2021-09-30,0.39800,0.39800,14.52100,8.17300,,-22.29600,-0.43700,-22.73300,-22.73300,-22.73300,-22.73300,-21.47500,-22.29600,14.31000,14.31000,-1.64920,-1.64920,3.42720,0.15050,0.35240,100.00000,-5602.01000,-5602.01000,-5711.80900,-5711.80900,0.00350,0.26360,341.45730,-33.08690,-33.08690,-19.98300,-28.10670,4.76570,-0.6678,-0.6936
2021-06-30,,,13.57000,9.06900,,-22.63900,-0.03100,-22.67000,-22.67000,-22.67000,-22.67000,-21.96000,-22.63900,14.30220,14.30220,-1.64920,-1.64920,6.57740,,,,,,,,,,,-25.67940,-25.67940,-21.23360,-25.67940,6.14010,-1.4976,-1.6287
2021-03-31,,,13.33600,8.22700,,-21.56300,0.00900,-21.55400,-21.55400,-21.55400,-21.55400,-21.02300,-21.56300,14.27080,14.27080,-1.49930,-1.49930,5.94430,,,,,,,,,,,-20.40310,-20.40310,-16.77720,-20.40310,7.35780,-1.07300,-1.12330
2020-12-31,,,13.97100,8.80300,,-22.77400,0.00200,-22.77200,-22.77200,-22.77200,-22.77200,-22.35400,-22.77400,13.98270,13.98270,-1.49930,-1.49930,7.10960,,,,,,,,,,,-18.36720,-18.36720,-15.56050,-18.36720,8.66200,-1.2614,-1.5372
2020-09-30,,,13.96800,6.35300,,-20.32100,0.00600,-20.31500,-20.31500,-20.31500,-20.31500,-20.00300,-20.32100,14.19620,14.19620,-1.49930,-1.49930,8.02600,,,,,,,,,,,-14.01830,-14.01830,-12.24580,-14.01830,10.14490,-1.1313,-1.2729
2020-06-30,,,12.05100,6.55500,,-18.60600,0.01000,-18.59600,-18.59600,-18.59600,-18.59600,-18.35800,-18.60600,14.19320,14.19320,-1.34930,-1.34930,10.12020,,,,,,,,,,,-11.37970,-11.37970,-10.23560,-11.37970,11.43290,-0.9414,-1.1848
2020-03-31,,,12.70600,5.95400,,-18.66000,0.36700,-18.29300,-18.29300,-18.29300,-18.29300,-18.51800,-18.66000,13.32770,13.32770,-1.34930,-1.34930,11.55800,,,,,,,,,,,-10.14380,-10.14380,-9.22590,-10.14380,12.61730,-0.74330,-0.78180
2019-12-31,,,10.21600,5.82000,,-16.03600,0.29000,-15.74600,-15.74600,-15.74600,-15.74600,-15.86000,-16.03600,11.20240,11.20240,-1.49930,-1.49930,8.42180,,,,,,,,,,,-16.57300,-16.57300,-14.43080,-16.57300,7.83510,-1.0769,-1.0862
2019-09-30,,,8.64100,4.80700,,-13.44800,-60.54800,-73.99600,-73.99600,-73.99600,-73.99600,-13.29100,-13.44800,11.38000,11.38000,-6.44680,-6.44680,10.34350,,,,,,,,,,,-69.72470,-69.72470,-62.73560,-69.72470,8.78910,-0.8619,-0.8708
2019-06-30,,,9.99800,4.75500,,-14.75300,0.13300,-14.62000,-14.62000,-14.62000,-14.62000,-14.59700,-14.75300,10.72460,10.72460,-1.34930,-1.34930,6.33260,,,,,,,,,,,-23.58260,-23.58260,-19.98010,-23.58260,5.72050,-0.7532,-0.7594
2019-03-31,,,9.47600,4.14500,,-13.62100,0.18700,-13.43400,-13.43400,-13.43400,-13.43400,-13.48100,-13.62100,10.71480,10.71480,-1.19940,-1.19940,8.88510,,,,,,,,,,,-18.10120,-18.10120,-16.08810,-18.10120,6.85630,-0.95490,-0.95590
2018-12-31,,,8.19900,4.56300,,-12.76200,0.28100,-12.48100,-12.48100,-12.48100,194.53800,-12.59900,-12.76200,9.57210,9.58550,20.38980,20.38980,8.88800,,,,,,,,,,,-14.58670,-14.58670,-13.13080,-14.58670,7.96460,-1.1628,-1.1528
2018-09-30,,,8.26300,4.30700,,-12.57000,-0.01500,-12.58500,-12.58500,-12.58500,-18.65900,-12.41300,-12.57000,9.41700,9.41700,-1.94900,-1.94900,0.78360,,,,,,,,,,,8.04600,8.04600,-18.83950,8.04600,-16.47030,-0.8997,-0.9176
2018-06-30,,,7.48900,4.88900,,-12.37800,0.34700,-12.03100,-12.03100,-12.03100,-17.49300,-12.24000,-12.37800,9.40590,9.40590,-1.79910,-1.79910,5.68960,,,,,,,,,,,8.64080,8.64080,-15.75090,8.64080,-14.66130,-1.0793,-1.1033
2018-03-31,0.14600,0.14600,10.18300,6.15900,,-16.19600,0.17600,-16.02000,-16.02000,-16.02000,-21.14000,-16.07900,-16.19600,9.39490,9.39490,-2.24890,-2.24890,7.16710,,,100.00000,-11093.15000,-11093.15000,-10972.60000,-14479.45000,0.00170,8.11110,11.09590,13.00860,13.00860,-18.31670,13.00860,-12.96580,-2.01780,-2.03380
2017-12-31,1.59700,1.59700,11.18100,3.85200,,-13.43600,0.16300,-13.27300,-13.27300,-13.27300,-18.27200,-13.32600,-13.43600,9.13380,9.13380,-1.79910,-1.79910,4.35280,,,100.00000,-841.32760,-841.32760,-831.12110,-1144.14500,0.01510,84.05260,1.07080,13.71090,13.71090,-12.56840,13.71090,-10.17370,-1.4532,-1.4847
2017-09-30,1.59800,1.59800,11.10500,3.57100,,-13.07800,0.37700,-12.70100,-12.70100,-12.70100,-17.60400,-12.98600,-13.07800,9.38020,9.38020,-1.94900,-1.94900,6.31630,,,100.00000,-818.39790,-818.39790,-794.80600,-1101.62700,0.01370,122.92310,0.73220,15.91700,15.91700,-10.89660,15.91700,-8.42700,-1.2381,-1.2448
2017-06-30,1.59700,1.59700,10.83100,3.78000,,-13.01400,0.15200,-12.86200,-12.86200,-12.86200,-17.72700,-12.92600,-13.01400,9.04650,9.04650,-1.94900,-1.94900,7.82650,,,100.00000,-814.90300,-814.90300,-805.38500,-1110.01900,0.01260,36.29550,2.47960,20.01120,20.01120,-10.14250,20.01120,-6.78790,-1.6563,-1.6578
2017-03-31,1.59700,1.59700,11.96700,3.59500,,-13.96500,-1.52200,-15.48700,-15.48700,-15.48700,-19.65800,-13.88600,-13.96500,8.71740,8.71740,-2.24890,-2.24890,5.31090,,,100.00000,-874.45210,-874.45210,-969.75590,-1230.93300,0.01690,23.83580,3.77580,16.31880,16.31890,-16.38940,16.31880,-10.74790,-1.63780,-1.67880
2016-12-31,1.59700,1.59700,9.38900,3.31900,,-11.11100,-0.11300,-11.22400,-11.22400,-11.22400,-14.75600,-11.04800,-11.11100,8.69710,8.69710,-1.64920,-1.64920,6.63440,,,100.00000,-695.74260,-695.74300,-702.81850,-923.98300,0.01500,76.04760,1.18350,14.52050,14.52040,-10.55400,14.52040,-8.75450,-1.5063,-1.5157
2016-09-30,1.59800,1.59800,8.97500,3.53700,,-10.91400,0.06000,-10.85400,-10.85400,-10.85400,-14.44500,-10.84200,-10.91400,8.70410,8.70410,-1.64920,-1.64920,7.34740,,,100.00000,-682.97870,-682.97870,-679.22400,-903.94240,0.01360,63.92000,1.40800,16.84990,16.84990,-9.26730,16.84990,-7.33120,-1.6179,-1.6423
2016-06-30,1.69700,1.69700,129.22800,3.71100,,-131.24200,0.04200,-131.20000,-131.20000,-131.20000,-131.20000,-131.15900,-131.24200,8.69670,8.69670,-15.14240,-15.14240,7.90200,,,100.00000,-7733.76500,-7733.76500,-7731.29000,-7731.29100,0.01330,113.13330,0.79550,252.35620,252.35620,-102.49040,252.35620,-5.91700,-1.73,-1.7414
2016-03-31,1.96900,1.96900,10.19900,3.81000,,-12.04000,0.02100,-12.01900,-12.01900,-12.01900,-12.01900,-11.96800,-12.04000,8.68150,8.68150,-1.34930,-1.34930,8.12720,,,100.00000,-611.47800,-611.47800,-610.41140,-610.41140,0.01390,1.85750,48.45100,-15.44600,-15.44600,-8.48310,-15.44600,8.85120,-1.85210,-1.87020
2015-12-31,1.91900,1.91900,8.14200,3.25900,,-9.48200,0.00600,-9.47600,-9.47600,-9.47600,-9.47600,-9.42000,-9.48200,8.36520,8.36520,-0.29990,-0.29990,8.41590,,,100.00000,-494.11170,-494.11210,-493.79920,-493.79880,0.01250,4.30270,20.91720,-10.84570,-10.84570,-6.16430,-10.84570,9.94470,-2.7507,-2.797
2015-09-30,1.86900,1.86900,16.97000,3.06500,,-18.16600,-0.00400,-18.17000,-18.17000,-18.17000,-18.17000,-18.10700,-18.16600,8.65310,8.65310,-2.09900,-2.09900,5.82170,,,100.00000,-971.96370,-971.96370,-972.17770,-972.17770,0.01080,5.06500,17.76890,-19.36250,-19.36250,-10.48100,-19.36250,10.74900,5.2493,5.249
2015-06-30,0.27200,0.27200,7.42400,7.07300,,-14.22500,0.01400,-14.21100,-14.21100,-14.21100,-14.21100,-14.11100,-14.22500,8.56510,8.56510,-1.64920,-1.64920,9.38830,,,100.00000,-5229.77900,-5229.77900,-5224.63200,-5224.63200,0.00220,3.05620,29.44850,-12.86750,-12.86750,-11.45700,-12.86750,12.65680,-1.2152,-1.2156
2015-03-31,0.27200,0.27200,74.24900,4.25000,,-78.22700,-0.00400,-78.23100,-78.23100,-78.23100,-78.23100,-78.10500,-78.22700,7.56440,7.56440,-10.34480,-10.34480,12.44790,,,100.00000,-28759.92000,-28759.92000,-28761.39000,-28761.39000,0.00210,4.38710,20.51470,-64.86660,-64.86660,-59.42440,-64.86660,14.10040,-1.28460,-1.28680
2014-12-31,0.34000,0.34000,8.08500,2.85100,,-10.59600,0.19500,-10.40100,-10.40100,-10.40100,-10.40100,-10.47300,-10.59600,6.74540,6.74540,-1.34930,-1.34930,4.07230,,,100.00000,-3116.47100,-3116.47100,-3059.11700,-3059.11700,0.00750,2.34480,38.38240,-30.73490,-30.73490,-22.99220,-30.73490,4.85740,-1.4355,-1.4352
2014-09-30,0.63300,0.63300,9.73300,2.84200,,-11.94200,5.84900,-6.09300,-6.09300,-6.09300,-6.09300,-11.82000,-11.94200,6.69860,6.69860,-0.89960,-0.89960,4.08670,,,100.00000,-1886.57200,-1886.57200,-962.55920,-962.55920,0.01290,3.04330,29.57350,-16.70370,-16.70370,-12.40710,-16.70370,5.32590,-1.566,-1.5801
2014-06-30,0.20000,0.20000,8.34600,3.03100,,-11.17700,5.60100,-5.57600,-5.57600,-5.57600,-5.57600,-11.08400,-11.17700,6.69820,6.69820,-0.89960,-0.89960,5.00780,,,100.00000,-5588.50000,-5588.50000,-2788.00000,-2788.00000,0.00360,6.25000,14.40000,-14.78420,-14.78420,-10.07440,-14.78420,5.61390,-1.1373,-1.1518
2014-03-31,0.20000,0.20000,6.54200,3.44200,,-9.78400,0.07300,-9.71100,-9.71100,-9.71100,-9.71100,-9.66000,-9.78400,6.68530,6.68530,-1.49930,-1.49930,8.43090,,,100.00000,-4892.00000,-4892.00000,-4855.50000,-4855.50000,0.00320,7.40740,12.15000,-23.26990,-23.26990,-15.33520,-23.26990,6.21930,-1.29450,-1.29480
2013-12-31,0.20000,0.20000,2.71800,4.20100,,-6.71900,-2.18400,-8.90300,-8.90300,-8.90300,-8.90300,-6.56300,-6.71900,5.73240,5.73240,-1.34930,-1.34930,9.02280,,,100.00000,-3359.49900,-3359.50000,-4451.49900,-4451.49900,0.00280,1.37930,65.25000,-18.02850,-18.02850,-12.40770,-18.02850,7.39190,-1.2835,-1.285
2013-09-30,0.20000,0.20000,6.24700,3.06800,,-9.11500,-7.59800,-16.71300,-16.71300,-16.71300,-16.71300,-8.92900,-9.11500,5.54690,5.54690,-2.99850,-2.99850,2.04120,,,100.00000,-4557.50000,-4557.50000,-8356.49900,-8356.49900,0.00680,0.44540,202.05000,-460.28490,-460.28630,-56.69650,-460.28640,0.65050,-2.7884,-2.7889
2013-06-30,0.20000,0.20000,14.77500,3.72100,,-18.29600,-0.39600,-18.69200,-18.69200,-18.69200,-18.69200,-18.09900,-18.29600,5.54160,5.54160,-3.29840,-3.29840,2.04930,,,100.00000,-9148.00000,-9148.00000,-9346.00000,-9346.00000,0.00440,6.45160,13.95000,-96.68940,-96.68940,-40.98850,-96.68940,3.46940,-3.0103,-3.0105
2013-03-31,0.20000,0.20000,19.11200,4.67100,,-23.58300,10.78400,-12.79900,-12.79900,-12.79900,-12.79900,-23.38400,-23.58300,5.52980,5.52980,-2.24890,-2.24890,2.97420,,,100.00000,-11791.50000,-11791.50000,-6399.50000,-6399.50000,0.00320,2.77780,32.40000,-33.77670,-33.77670,-20.20490,-33.77670,6.78900,-3.29900,-3.31960
2012-12-31,0.20000,0.20000,34.98200,4.06100,,-38.84300,8.61800,-30.22500,-30.22500,-30.22500,-30.22500,-38.65100,-38.84300,5.23900,5.23900,-5.54720,-5.54720,4.25550,,,100.00000,-19421.50000,-19421.50000,-15112.50000,-15112.50000,0.00240,3.44830,26.10000,-62.39040,-62.39040,-36.23930,-62.39040,8.72580,-4.1211,-4.1362
2012-09-30,0.20000,0.20000,16.21500,5.71200,,-21.72700,3.90300,-17.82400,-17.82400,-17.82400,-17.82400,-21.52600,-21.72700,5.24730,5.24730,-3.44830,-3.44830,4.71940,,,100.00000,-10863.50000,-10863.50000,-8912.00000,-8912.00000,0.00190,15.38460,5.85000,-30.19590,-30.19580,-16.87240,-30.19580,11.11500,-2.7867,-2.8578
2012-06-30,0.20000,0.20000,18.26400,4.90200,,-22.96600,-0.64700,-23.61300,-23.61300,-23.61300,-23.61300,-22.81900,-22.96600,5.23700,5.23700,-4.49780,-4.49780,6.71930,,,100.00000,-11483.00000,-11483.00000,-11806.50000,-11806.50000,0.00160,,,-31.21930,-31.21930,-19.29480,-31.21930,14.24140,-3.0123,-3.1931
2012-03-31,0.20000,0.20000,13.98500,4.84800,,-18.63300,-5.83700,-24.47000,-24.47000,-24.47000,-24.47000,-18.51500,-18.63300,5.04390,5.04390,-4.79760,-4.79760,9.68670,,,100.00000,-9316.49900,-9316.49900,-12235.00000,-12235.00000,0.00140,,,-25.04610,-25.04610,-17.37030,-25.04610,18.41710,-5.12700,-5.15760
2011-12-31,0.20000,0.20000,12.65000,3.96700,,-16.41700,3.17300,-13.24400,-13.24400,-13.24400,-13.24400,-16.32100,-16.41700,4.40250,4.40250,-2.24890,-2.24890,7.94020,,,100.00000,-8208.49900,-8208.50000,-6622.00100,-6622.00100,0.00190,2.53160,35.55000,-18.49540,-18.49540,-12.25070,-18.49540,15.51270,-3.299,-3.3842
2011-09-30,0.20000,0.20000,10.66700,3.74200,,-14.20900,13.40700,-0.80200,-0.80200,-0.80200,-0.80200,-14.13200,-14.20900,4.54260,4.54260,-0.14990,-0.14990,10.23080,,,100.00000,-7104.50000,-7104.50000,-401.00000,-401.00000,0.00160,2.53160,35.55000,-0.95350,-0.95350,-0.65590,-0.95350,18.42270,-2.4026,-2.4925
2011-06-30,0.20000,0.20000,9.12500,3.92300,,-12.84800,2.12400,-10.72400,-10.72400,-10.72400,-10.72400,-12.79000,-12.84800,4.48420,4.48420,-2.39880,-2.39880,15.10740,,,100.00000,-6424.00000,-6424.00000,-5362.00000,-5362.00000,0.00150,,,-12.74720,-12.74720,-8.07400,-12.74720,18.46370,-1.0928,-1.124
2011-03-31,0.06700,0.06700,24.64100,3.35200,,-27.92600,-11.08200,-39.00800,-39.00800,-39.00800,-39.00800,-27.88900,-27.92600,4.02950,4.02950,-9.74510,-9.74510,19.86110,,,100.00000,-41680.60000,-41680.60000,-58220.89000,-58220.89000,0.00050,0.01340,6716.41700,-47.59860,-47.59860,-29.80850,-47.59860,18.60770,-2.02680,-2.08310
2010-12-31,,,3.03800,3.32300,,-6.36100,-5.49000,-11.85100,-11.85100,-11.85100,-11.85100,-6.32600,-6.36100,3.06850,3.06850,-3.29840,-2.99850,16.83720,,,,,,,,,,,-38.78830,-38.78830,-19.26370,-38.78830,9.45110,-2.0207,-2.0408
2010-09-30,,,5.71100,2.78900,,-8.50000,-3.70500,-12.20500,-12.20500,-12.20500,-12.20500,-8.46300,-8.50000,3.16340,3.16340,-3.89810,-3.89810,16.27450,,,,,,,,,,,-28.91910,-28.91910,-18.09490,-28.91910,13.03070,-1.9089,-1.9255
2010-06-30,,,2.22200,2.89400,,-5.11600,14.15500,9.03900,9.03900,9.03900,9.03900,-5.06700,-5.11600,2.82570,3.25650,3.14840,2.84860,32.07850,,,,,,,,,,,16.51930,16.51920,12.14010,16.51920,16.80140,-1.0737,-1.0947
2010-03-31,,,1.93900,2.63000,,-4.56900,-13.08400,-17.65300,-17.65300,-17.65300,-17.65300,-4.50200,-4.56900,2.67800,2.67800,-6.59670,-6.59670,16.00990,,,,,,,,,,,-155.04130,-155.04130,-38.51000,-155.04130,4.09260,-1.41490,-1.41780
2009-12-31,,,1.21600,2.81200,,-4.02800,4.99200,0.96400,0.96400,0.96400,0.96400,-3.95000,-4.02800,1.54130,1.54130,1.04950,1.04950,15.89440,,,,,,,,,,,3.43010,3.43010,1.93820,3.43010,10.13250,-1.8434,-1.8484
2009-09-30,,,1.23100,1.33900,,-2.57000,-0.30500,-2.87500,-2.87500,-2.87500,-2.87500,-2.48700,-2.57000,1.45130,1.45130,-1.94900,-1.94900,2.12010,,,,,,,,,,,-73.28580,-73.28580,-35.48070,-73.28570,2.30010,-1.3236,-1.325
2009-06-30,,,0.50100,1.69200,,-2.19300,-0.20600,-2.39900,-2.39900,-2.39900,-2.39900,-2.10700,-2.19300,1.42120,1.42120,-1.64920,-1.64920,1.39140,,,,,,,,,,,-142.96770,-142.96780,-44.17230,-142.96780,1.15450,-1.5652,-1.5651
2009-03-31,,,1.60800,1.72400,,-3.33200,-0.00700,-3.33900,-3.33900,-3.33900,-3.33900,-3.24900,-3.33200,1.42100,1.42100,-2.39880,-2.39880,1.77100,,,,,,,,,,,-89.34980,-89.34980,-42.41080,-89.34980,2.56440,-3.24420,-3.24500
