Date,revenue,cost-goods-sold,gross-profit,selling-general-administrative-expenses,other-operating-income-expenses,operating-expenses,operating-income,total-non-operating-income-expense,pre-tax-income,total-provision-income-taxes,income-after-taxes,income-from-continuous-operations,net-income,ebitda,ebit,basic-shares-outstanding,shares-outstanding,eps-basic-net-earnings-per-share,eps-earnings-per-share-diluted,current-ratio,long-term-debt-capital,debt-equity-ratio,gross-margin,operating-margin,ebit-margin,pre-tax-profit-margin,net-profit-margin,asset-turnover,inventory-turnover,receiveable-turnover,days-sales-in-receivables,roe,return-on-tangible-equity,roa,roi,book-value-per-share,operating-cash-flow-per-share,free-cash-flow-per-share
2023-12-31,214.89900,89.68200,125.21700,112.33500,-0.97900,124.84600,0.37100,-5.15100,-4.78000,1.65100,-6.43100,-6.43100,-6.43100,11.90300,0.37100,49.59100,49.59100,-0.13000,-0.13000,1.21200,0.44360,0.82110,58.26780,0.17260,0.17260,-2.22430,-2.99260,0.22370,0.54990,7.48150,12.02970,-2.85970,-247.25270,-0.66940,-1.59110,4.53480,0.1196,-0.1079
2023-09-30,219.73100,93.06400,126.66700,109.88500,-24.22300,144.49100,-17.82400,-5.23800,-23.06200,0.59100,-23.65300,-23.65300,-23.65300,-7.44100,-17.82400,49.46200,49.46200,-0.48000,-0.48000,1.13630,0.42860,0.77180,57.64640,-8.11170,-8.11170,-10.49560,-10.76450,0.22660,0.53660,8.46810,10.62810,-10.53990,-487.19200,-2.43970,-6.02270,4.52530,0.479,0.2141
2023-06-30,207.11200,92.56300,114.54900,111.85400,-2.63900,125.00500,-10.45600,-4.96700,-15.42300,-3.58600,-11.83700,-11.83700,-11.83700,0.05600,-10.45600,49.25300,49.25300,-0.24000,-0.24000,1.24890,0.42400,0.74430,55.30780,-5.04850,-5.04850,-7.44670,-5.71530,0.20960,0.54290,9.07030,9.92250,-4.75230,-206.32740,-1.19810,-2.73740,5.04300,-0.06070,-0.24130
2023-03-31,259.71610,106.71200,153.00410,125.14700,-198.70000,334.24500,-181.24090,-4.77600,-186.01700,3.23300,-189.25000,-189.25000,-189.25000,-170.84290,-181.24100,49.54000,49.54000,-3.81000,-3.81000,1.20970,0.38390,0.64030,58.91200,-69.78430,-69.78430,-71.62320,-72.86800,0.26360,0.62540,9.71700,9.26210,-72.18190,-1083.90600,-19.20980,-44.46980,5.33090,0.8158,0.461
2022-12-31,252.23600,108.79500,143.44100,122.36500,-0.44000,132.75700,10.68400,-4.38900,6.29500,2.12700,4.16800,4.16800,4.16800,20.63600,10.68400,49.26300,49.45300,0.08000,0.08000,1.25730,0.28410,0.41960,56.86780,4.23570,4.23570,2.49570,1.65240,0.20860,0.57170,7.84630,11.47030,0.92720,57.05690,0.34470,0.66380,9.14290,-0.1508,-0.4557
2022-09-30,272.67200,118.24200,154.43000,119.19100,-0.66300,129.40300,25.02700,-3.78300,21.24400,5.49700,15.74700,15.74700,15.74700,34.57600,25.02700,50.00100,50.35100,0.31000,0.31000,1.15340,0.26270,0.39170,56.63580,9.17840,9.17840,7.79100,5.77510,0.22470,0.62190,9.10940,9.87990,3.54120,339.44540,1.29750,2.61080,8.87500,0.4691,0.1835
2022-06-30,262.63400,112.54600,150.08800,123.11000,-0.03700,132.15300,17.93500,-3.22300,14.71200,4.23300,10.47900,10.47900,10.47900,26.94100,17.93500,49.72000,50.31300,0.21000,0.21000,1.17580,0.28580,0.43150,57.14720,6.82890,6.82890,5.60170,3.99000,0.21450,0.59000,8.39780,10.71700,2.41670,-114.08820,0.85580,1.72600,8.68240,0.06300,-0.28720
2022-03-31,305.54610,131.51900,174.02710,128.21200,0.02700,137.06200,36.96510,-3.17600,33.78900,10.63100,23.15800,23.15800,23.15800,45.84210,36.96500,49.44800,50.29400,0.46000,0.46000,1.10570,0.27030,0.37950,56.95610,12.09800,12.09800,11.05860,7.57920,0.25510,0.68220,9.57460,9.39980,5.40950,-128.64860,1.93370,3.94740,8.62490,0.8231,0.638
2021-12-31,267.30400,114.95600,152.34800,121.47200,-0.01100,130.15000,22.19800,-3.21300,18.98500,5.29200,13.69300,13.69300,13.69300,30.86500,22.19800,49.61100,50.29800,0.28000,0.27000,1.21430,0.32590,0.48870,56.99430,8.30440,8.30440,7.10240,5.12260,0.22260,0.58460,7.95070,11.31970,3.36740,-33.62060,1.14010,2.26980,8.19520,-0.1383,-0.3254
2021-09-30,275.95400,112.41600,163.53800,115.14800,-0.07200,123.76400,39.77400,-3.18600,36.58800,9.39300,27.19500,27.19500,27.19500,48.31800,39.77400,49.46800,50.21800,0.55000,0.54000,1.11830,0.29380,0.42150,59.26280,14.41330,14.41330,13.25870,9.85490,0.24570,0.64930,8.65740,10.39580,6.88970,-76.44830,2.42120,4.86570,7.96690,0.3742,0.2338
2021-06-30,245.31500,98.99100,146.32400,111.01700,-0.58900,119.80700,26.51700,-3.18500,23.33200,5.66000,17.67200,17.67200,17.67200,34.71800,26.51700,49.08100,50.44800,0.36000,0.35000,1.02540,0.30700,0.45010,59.64740,10.80940,10.80940,9.51100,7.20380,0.22620,0.68250,8.34830,10.78060,4.78210,-28.64970,1.62950,3.31380,7.47820,0.07410,-0.07580
2021-03-31,314.68300,127.99000,186.69300,126.27400,-0.94200,135.67700,51.01600,-3.72800,47.28800,12.20400,35.08400,35.08400,35.08400,59.47700,51.01600,48.53800,49.71300,0.72000,0.70000,0.94610,0.31660,0.46930,59.32730,16.21190,16.21190,15.02720,11.14900,0.29180,0.97990,10.83540,8.30610,9.92000,-45.67340,3.25310,6.77970,7.24170,0.3923,0.2824
2020-12-31,275.47800,115.99100,159.48700,118.04700,-0.10000,126.64500,32.84200,-4.99200,27.85000,8.18100,19.66900,19.66900,19.66900,41.34000,32.84200,48.57100,49.51300,0.40000,0.40000,0.94940,0.36930,0.59240,57.89460,11.92180,11.92180,10.10970,7.14000,0.24860,0.83450,8.63780,10.41930,6.09820,-17.80600,1.77490,3.84590,6.64020,0.4875,0.3938
2020-09-30,248.24100,102.18300,146.05800,103.17000,-0.30100,112.29400,33.76400,-4.49100,29.27300,9.07300,20.20000,20.20000,20.20000,42.58700,33.76400,48.51400,48.78300,0.42000,0.41000,1.01760,0.45030,0.84700,58.83720,13.60130,13.60130,11.79220,8.13730,0.22400,0.86810,8.51720,10.56690,6.98250,-14.42010,1.82300,3.83850,5.95620,1.3399,1.28
2020-06-30,151.68600,73.44700,78.23900,87.09700,-0.81100,96.85700,-18.61800,-4.95000,-23.56800,-6.89800,-16.67000,-16.67000,-16.67000,-9.66900,-18.61800,48.38900,48.38900,-0.34000,-0.34000,1.15950,0.52970,1.17360,51.57960,-12.27400,-12.27400,-15.53740,-10.98980,0.13660,0.67270,5.27420,17.06420,-6.33770,10.11010,-1.50120,-2.98080,5.42430,0.52930,0.44860
2020-03-31,241.34400,98.85500,142.48900,105.91800,-2.95900,119.37800,23.11100,-5.29600,17.81500,5.28700,12.52800,12.52800,12.52800,33.61200,23.11100,48.82000,48.96500,0.25000,0.25000,1.22200,0.53880,1.22740,59.03980,9.57600,9.57590,7.38160,5.19090,0.20680,0.79590,8.19640,10.98040,4.61080,-8.14160,1.07370,2.12630,5.62340,0.6462,0.5653
2019-12-31,228.65700,94.29200,134.36500,112.77100,-2.47300,124.93300,9.43200,-5.13400,4.29800,1.88600,2.41200,2.41200,2.41200,19.12100,9.43200,48.31400,48.37000,0.05000,0.05000,1.04960,0.52700,1.14000,58.76270,4.12490,4.12490,1.87970,1.05490,0.20020,0.67550,7.46200,12.06120,0.89940,-1.51130,0.21120,0.42550,5.55020,-0.1424,-0.3031
2019-09-30,236.43200,99.62800,136.80400,114.94300,-2.73400,126.41900,10.38500,-5.40200,4.98300,1.33700,3.64600,3.64600,3.64600,19.12700,10.38500,48.29200,48.41700,0.08000,0.08000,0.87950,0.50820,1.10180,57.86190,4.39240,4.39240,2.10760,1.54210,0.20730,0.74800,8.25730,10.89940,1.40580,-2.18780,0.31970,0.69140,5.36890,0.2914,0.0271
2019-06-30,209.52000,89.71300,119.80700,109.84000,-0.44600,119.99200,-0.18500,-5.70900,-5.89400,-1.79500,-4.09900,-4.09900,-4.09900,9.52100,-0.18500,48.23110,48.23110,-0.08000,-0.08000,0.91270,0.51060,1.10810,57.18170,-0.08830,-0.08830,-2.81310,-1.95640,0.18680,0.74440,7.23860,12.43340,-1.56930,2.45760,-0.36550,-0.76790,5.40990,-0.17250,-0.35290
2019-03-31,253.18010,104.90000,148.28000,110.90700,-0.28600,120.14600,28.13410,-5.98200,22.15200,6.27000,15.88200,15.88200,15.88200,37.08710,28.13410,48.14000,48.40000,0.33000,0.33000,1.16350,0.49060,1.01060,58.56700,11.11230,11.11230,8.74950,6.27300,0.33810,0.96550,9.52840,9.44540,6.00020,-9.72730,2.12120,3.05630,5.49820,0.7658,0.5106
2018-12-31,221.63700,91.58000,130.05700,109.32000,-0.44700,118.65400,11.40300,-6.00800,5.39500,-3.92600,9.32100,9.32100,9.32100,20.29000,11.40300,48.14000,48.38100,0.19000,0.19000,1.37140,0.54230,1.21270,58.68020,5.14490,5.14490,2.43420,4.20550,0.28710,0.78940,7.34160,12.25880,3.70710,-5.22560,1.20730,1.69680,5.22280,0.2007,-0.0014
2018-09-30,224.45300,93.87800,130.57500,106.42500,-0.90500,116.45800,14.11700,-9.45900,4.65800,1.41700,3.24100,3.24100,3.24100,23.24500,14.11700,48.13900,48.51900,0.07000,0.07000,1.23320,0.53950,1.20540,58.17480,6.28950,6.28950,2.07530,1.44400,0.29870,0.84730,7.79510,11.54570,1.34500,-1.71680,0.43130,0.61940,5.00580,0.2367,0.1094
2018-06-30,195.82300,81.05200,114.77100,107.19100,-0.57900,117.10700,-2.33600,-7.90800,-10.24400,-3.48000,-6.76400,-6.76400,-6.76400,7.00100,-2.33600,48.13900,48.13900,-0.14000,-0.14000,1.24190,0.55230,1.27050,58.60960,-1.19290,-1.19290,-5.23130,-3.45410,0.26030,0.77830,7.63380,11.78960,-2.86740,3.49490,-0.89900,-1.28370,4.90020,-0.06900,-0.16150
2018-03-31,232.76410,96.24800,136.51610,105.29200,-1.48500,116.17500,20.34110,-7.61500,12.72600,13.12500,-0.39900,-0.39900,-0.39900,29.73910,20.34100,48.06200,48.14800,-0.01000,-0.01000,1.21860,0.52730,1.14660,58.65000,8.73890,8.73890,5.46730,-0.17140,0.31060,0.98860,9.11260,9.87640,-0.16040,0.21740,-0.05320,-0.07580,5.17360,0.4736,0.3183
2017-12-31,222.98600,92.42500,130.56100,104.47900,-2.70600,116.66200,13.89900,-7.30000,6.59900,-21.78000,28.37900,28.37900,28.37900,23.37600,13.89900,48.06800,48.16800,0.59000,0.59000,1.34380,0.54760,1.24810,58.55120,6.23310,6.23310,2.95940,12.72680,0.28430,0.83730,7.19360,12.51120,11.27660,-15.63310,3.61790,5.10140,5.23510,0.3401,0.196
2017-09-30,218.41000,92.03600,126.37400,106.84200,-2.14300,118.49000,7.88400,-8.24200,-0.35800,0.51700,-0.87500,-0.87500,-0.87500,17.38900,7.88400,48.05800,48.05800,-0.02000,-0.02000,1.26410,0.57480,1.39380,57.86090,3.60970,3.60970,-0.16390,-0.40060,0.28290,0.84220,7.93090,11.34800,-0.39260,0.41580,-0.11330,-0.16690,4.63730,0.5772,0.4122
2017-06-30,183.06800,79.45800,103.61000,97.13400,-4.97100,111.64700,-8.03700,-4.22500,-12.26200,-4.58500,-7.67700,-7.67700,-7.67700,1.50500,-8.03700,48.04800,48.04800,-0.16000,-0.16000,1.38910,0.59000,1.47600,56.59650,-4.39020,-4.39020,-6.69810,-4.19350,0.23770,0.75670,6.50150,13.84310,-3.49130,3.62240,-0.99670,-1.43160,4.57600,-0.09950,-0.20730
2017-03-31,221.04200,93.72400,127.31800,100.54500,-0.52900,110.13700,17.18100,-4.25300,12.92800,4.55100,8.37700,8.37700,8.37700,26.24400,17.18100,47.99700,48.01600,0.17000,0.17000,1.43900,0.58450,1.43140,57.59900,7.77270,7.77270,5.84870,3.78980,0.29010,0.90890,8.04020,11.19370,3.77700,-4.03300,1.09960,1.56930,4.61630,0.4325,0.2762
2016-12-31,216.38000,90.67800,125.70200,100.80500,-3.10000,113.14100,12.56100,-4.11900,8.44200,3.35000,5.09200,5.09200,5.09200,21.79700,12.56100,48.00000,48.02200,0.11000,0.11000,1.47760,0.61160,1.60050,58.09320,5.80510,5.80510,3.90150,2.35330,0.27740,0.83180,6.90340,13.03710,2.40910,-2.34120,0.65270,0.93560,4.40320,0.2177,0.0971
2016-09-30,205.06000,86.70500,118.35500,95.90900,-2.69600,108.08300,10.27200,-4.20500,6.06700,2.52600,3.54100,3.54100,3.54100,19.75000,10.27200,47.99100,48.00100,0.07000,0.07000,1.35620,0.60770,1.58240,57.71730,5.00930,5.00930,2.95860,1.72680,0.26430,0.76790,7.35090,12.24340,1.68250,-1.60440,0.45640,0.66010,4.38510,0.2934,0.1435
2016-06-30,177.44800,72.75300,104.69500,92.67800,-1.64200,103.66700,1.02800,-4.11000,-3.08200,-1.02500,-2.05700,-2.05700,-2.05700,10.37500,1.02800,47.98700,47.98700,-0.04000,-0.04000,1.30020,0.61260,1.63650,59.00040,0.57930,0.57930,-1.73680,-1.15920,0.22990,0.69860,6.87650,13.08810,-0.99600,0.91430,-0.26650,-0.38590,4.30380,-0.01390,-0.18080
2016-03-31,232.07410,97.78000,134.29400,102.81400,-2.16000,108.64710,25.64700,-4.20300,14.22100,4.82200,3.74400,3.74400,9.39900,34.17200,10.05200,47.98600,47.98600,0.20000,0.20000,,,,57.86690,11.05120,4.33140,6.12780,4.05000,,,,,,,,,,0.8817,-0.0817
2016-02-29,,,,,,,,,,,,,,,,,,,0.00000,,,,,,,,,,,,,,,,,,-0.4598,0.2088
2015-12-31,212.83600,87.40200,125.43400,104.35500,-1.84200,115.27800,10.15600,-4.20900,5.94700,2.02300,3.92400,3.92400,3.92400,19.23800,10.15600,47.98700,47.98700,0.08000,0.08000,1.53520,0.62670,1.71690,58.93460,4.77180,4.77180,2.79420,1.84370,0.27070,0.85770,7.44130,12.09470,1.91370,-1.73070,0.49910,0.71440,4.27300,0.5385,0.6253
2015-11-30,197.24100,81.13700,116.10400,102.43600,-3.04600,114.31600,1.78800,-4.21300,-2.42500,-0.69400,-1.73100,-1.73100,-1.73100,10.87000,1.78800,47.98700,47.98700,-0.04000,-0.04000,1.41610,0.64100,1.85500,58.86400,0.90650,0.90650,-1.22950,-0.87760,0.24990,0.74240,7.64290,11.77560,-0.88070,0.74000,-0.21930,-0.31620,4.09600,-0.0444,-0.315
2015-09-30,204.41200,86.13900,118.27300,96.44100,-3.52900,108.36300,9.91000,-4.23200,5.67800,2.33600,3.34200,3.34200,3.34200,18.49600,9.91000,47.98600,47.98700,0.07000,0.07000,1.40350,0.62810,1.75050,57.86010,4.84810,4.84810,2.77770,1.63490,0.26040,0.76830,7.97740,11.28190,1.65970,-1.44860,0.42570,0.61720,4.19610,0.1902,0.2396
2015-08-31,195.48200,81.65700,113.82500,93.92800,-2.82700,105.13300,8.69200,-4.23000,4.46200,1.78900,2.67300,2.67300,2.67300,17.27800,8.69200,47.98500,48.02800,0.06000,0.06000,1.41120,0.63480,1.81470,58.22790,4.44640,4.44640,2.28260,1.36740,0.24790,0.77240,7.21120,12.48050,1.33760,-1.15310,0.33890,0.48840,4.16440,0.1174,-0.1665
2015-06-30,169.95800,70.44700,99.51100,94.61100,-1.65000,104.49200,-4.98100,-4.17300,-9.15400,-3.36600,-5.78800,-5.78800,-5.78800,3.05600,-4.98100,47.98400,47.98400,-0.12000,-0.12000,1.38990,0.63250,1.80050,58.55040,-2.93070,-2.93070,-5.38600,-3.40550,0.21860,0.64480,7.51990,11.96820,-2.92250,2.46810,-0.74440,-1.07390,4.12750,-0.34190,-0.59220
2015-05-31,169.83300,70.50500,99.32800,94.26900,-1.06100,103.36700,-4.03900,-4.16800,-8.20700,-3.00800,-5.19900,-5.19900,-5.19900,3.99800,-4.03900,47.98400,47.98400,-0.11000,-0.11000,1.27700,0.62970,1.76530,58.48570,-2.37820,-2.37820,-4.83240,-3.06120,0.22060,0.68040,7.43670,12.10210,-2.65060,2.20980,-0.67520,-0.98150,4.08770,-0.28350,-0.55740
2015-02-28,,,,,,,,,,,,,,,,,,,0.00000,,,,,,,,,,,,,,,,,,-0.3234,0.4906
2014-11-30,190.92200,77.06300,113.85900,94.24600,1.91900,100.10300,13.75600,-4.26500,9.49100,3.24200,6.24900,6.24900,6.24900,21.53200,13.75600,47.98000,48.43200,0.13000,0.13000,1.41710,0.63960,1.85440,59.63640,7.20500,7.20500,4.97110,3.27310,0.24180,0.74210,7.00860,12.84130,3.18290,-2.59250,0.79140,1.14700,4.09180,0.093,-0.0842
2014-08-31,193.24700,79.58100,113.66600,90.53000,-2.75500,100.85200,12.81400,-4.38300,8.43100,1.47600,6.95500,6.95500,6.95500,20.38100,12.81400,47.97700,48.54000,0.14000,0.14000,1.28740,0.63710,1.87170,58.81900,6.63090,6.63090,4.36280,3.59900,0.24570,0.83150,6.44390,13.96660,3.55650,-2.83790,0.88420,1.29080,4.07590,0.3923,0.0354
2014-05-31,173.43800,72.58600,100.85200,91.18900,-3.61200,102.05700,-1.20500,-4.30200,-5.50700,-1.92800,-3.57900,-3.57900,-3.57900,6.05100,-1.20500,47.94700,47.94700,-0.07000,-0.07000,1.17980,0.63420,1.88620,58.14870,-0.69480,-0.69480,-3.17520,-2.06360,0.22370,0.76710,5.80700,15.49850,-1.86700,1.42510,-0.46170,-0.68300,3.99570,-0.16190,-0.44180
2014-02-28,,,,,,,,,,,,,,,,,,,0.00000,,,,,,,,,,,,,,,,,,-0.5902,1.1925
2013-11-30,188.29800,75.35900,112.93900,103.43800,-2.69200,113.81000,-0.87100,-5.91000,-6.78100,2.70500,-9.48600,-9.48600,-25.08300,6.69900,-0.87100,18.03700,18.03700,-1.39000,-1.39000,1.29890,0.65920,2.07870,59.97890,-0.46260,-0.46260,-3.60120,-13.32090,0.24260,0.71690,6.26890,14.35670,-5.35080,3.55720,-1.22230,-1.82370,3.69930,-2.5969,3.3568
2013-08-31,183.77400,76.37700,107.39700,85.83800,-2.43000,95.96800,11.42900,-5.51900,5.91000,1.80300,4.10700,4.10700,-17.74400,19.00900,11.42900,2.92900,2.92900,-6.06000,-6.06000,1.13390,0.72120,2.81010,58.43970,6.21910,6.21910,3.21590,-9.65530,0.24330,0.83780,6.72430,13.38440,2.94280,-1.35240,0.54360,0.82030,47.64970,3.1871,-4.5493
2013-06-30,,,,85.89000,,,-93.36000,,-93.36000,,-93.36000,-4.79500,-4.79500,-85.89000,-93.36000,,,,0.00000,1.27020,,-124.45200,,,,,,,,,,3196.66700,-97.65840,-1.02800,3284.24600,,0.00000,
2013-05-31,159.64500,66.44100,93.20400,83.44900,-2.20300,93.36300,-0.15900,-6.65600,-6.81500,-2.02000,-4.79500,-4.79500,-27.09400,7.31100,-0.15900,2.92900,2.92900,-9.25000,-9.25000,1.18400,0.73050,2.91620,58.38200,-0.09960,-0.09960,-4.26880,-16.97140,0.21450,0.72890,6.91490,13.01530,-3.53080,1.55920,-0.64440,-0.95160,46.36670,-2.48310,-5.57700
2013-03-31,,,,,,,,,,,,,,,,,,,0.00000,,,,,,,,,,,,,,,,,,0,0
2013-02-28,,,,,,,,,,,,,,,,,,,0.00000,,,,,,,,,,,,,,,,,,0,0
2012-12-31,,,,86.49000,,,-93.82000,,-93.82000,,-93.82000,6.86200,6.86200,-86.48400,-93.82000,,,,0.00000,1.43240,,17.65560,,,,,,,,,,714.79170,93.23350,1.42280,711.82570,,-2.4223,10.1352
2012-11-30,175.41600,71.30200,104.11400,81.87200,-2.56400,93.82800,10.28600,-5.13500,5.15100,-1.71100,6.86200,6.86200,-15.59400,17.62200,10.28600,2.92900,2.92900,-5.32000,-5.32000,1.21660,0.56150,1.39330,59.35260,5.86380,5.86380,2.93640,-8.88970,0.22860,0.74190,7.19510,12.50860,2.99130,-3.00290,0.89430,1.31180,78.34670,2.4223,-10.1352
2012-09-30,,,,,,,,,0.00000,0.00000,,0.00000,,,,,,,0.00000,0.98530,,15.74640,,,,,,,,,,,,,,,0,0
2012-08-31,,,,,,,,,,,,,,,,,,,0.00000,,,,,,,,,,,,,,,,,,0,0
2012-03-31,,,,,,,,,,,,,,,,,,,0.00000,,,,,,,,,,,,,,,,,,0,0
2011-03-31,,,,,,,,,,,,,,,,,,,0.00000,,,,,,,,,,,,,,,,,,0,0
