Date,revenue,cost-goods-sold,gross-profit,selling-general-administrative-expenses,operating-expenses,operating-income,total-non-operating-income-expense,pre-tax-income,total-provision-income-taxes,income-after-taxes,income-from-continuous-operations,income-from-discontinued-operations,net-income,ebitda,ebit,basic-shares-outstanding,shares-outstanding,eps-basic-net-earnings-per-share,eps-earnings-per-share-diluted,current-ratio,long-term-debt-capital,debt-equity-ratio,gross-margin,operating-margin,ebit-margin,pre-tax-profit-margin,net-profit-margin,asset-turnover,inventory-turnover,receiveable-turnover,days-sales-in-receivables,roe,return-on-tangible-equity,roa,roi,book-value-per-share,operating-cash-flow-per-share,free-cash-flow-per-share
2024-03-31,1919.00000,767.00000,1152.00000,248.00000,285.00000,867.00000,-348.00000,519.00000,115.00000,404.00000,404.00000,,403.00000,940.00000,867.00000,57.80000,57.80000,6.97000,6.97000,3.70560,1.16510,-7.41430,60.03130,45.17980,45.17980,27.04530,21.00050,0.08890,0.43750,1.59780,56.32620,-13.36860,-2.73310,1.87240,2.20660,-54.02890,3.9429,3.1135
2023-12-31,1789.00000,747.00000,1042.00000,220.00000,255.00000,787.00000,-299.00000,488.00000,106.00000,382.00000,382.00000,,281.00000,865.00000,787.00000,57.70000,57.70000,4.87000,4.87000,4.06820,1.19650,-6.23960,58.24480,43.99110,43.99110,27.27780,15.70710,0.08650,0.43740,1.56240,57.60200,-10.89560,-2.50080,1.84670,2.14130,-63.39160,11.02250,10.39860
2023-09-30,1852.00000,761.00000,1091.00000,203.00000,236.00000,855.00000,-306.00000,549.00000,135.00000,414.00000,414.00000,,415.00000,928.00000,855.00000,57.20000,57.20000,7.24000,7.24000,4.26730,1.11400,-9.98480,58.90930,46.16630,46.16630,29.64360,22.40820,0.09270,0.47090,1.50570,59.77320,-20.93020,-3.01900,2.07310,2.38590,-35.76400,8.077,7.4301
2023-06-30,1744.00000,715.00000,1029.00000,209.00000,246.00000,783.00000,-314.00000,469.00000,117.00000,352.00000,352.00000,,351.00000,855.00000,783.00000,57.20000,57.20000,6.14000,6.14000,4.07830,1.14070,-8.28030,59.00230,44.89680,44.89680,26.89220,20.12620,0.08920,0.44600,1.50470,59.81080,-14.74650,-2.43210,1.80010,2.07530,-43.28670,7.0823,6.455
2023-03-31,1592.00000,663.00000,929.00000,199.00000,234.00000,695.00000,-298.00000,397.00000,93.00000,304.00000,304.00000,,304.00000,765.00000,695.00000,57.10000,57.10000,5.32000,5.32000,2.95640,1.17580,-7.21090,58.35430,43.65580,43.65580,24.93720,19.09550,0.07960,0.43360,1.56390,57.55030,-10.50810,-2.11680,1.51940,1.84740,-52.71210,2.2767,1.6638
2022-12-31,1397.00000,604.00000,793.00000,169.00000,203.00000,590.00000,-289.00000,301.00000,72.00000,229.00000,229.00000,,190.00000,652.00000,590.00000,57.10000,57.10000,3.33000,3.33000,4.21090,1.20740,-5.95040,56.76450,42.23340,42.23340,21.54620,13.60060,0.07560,0.41970,1.62440,55.40440,-6.88100,-1.54760,1.23860,1.42710,-61.08330,6.60250,6.05950
2022-09-30,1510.00000,624.00000,886.00000,211.00000,245.00000,641.00000,-279.00000,362.00000,97.00000,265.00000,265.00000,,226.00000,705.00000,641.00000,58.20000,58.20000,3.94000,3.94000,3.96140,1.24140,-5.25620,58.67550,42.45030,42.45030,23.97350,14.96690,0.08340,0.46850,1.56150,57.63580,-7.03660,-1.74840,1.46350,1.69840,-69.27760,4.6508,4.0888
2022-06-30,1398.00000,582.00000,816.00000,184.00000,217.00000,599.00000,-287.00000,312.00000,73.00000,239.00000,239.00000,,238.00000,661.00000,599.00000,58.00000,58.00000,4.10000,4.10000,4.69350,1.18080,-6.67420,58.36910,42.84690,42.84690,22.31760,17.02430,0.07430,0.44090,1.58320,56.84550,-8.05260,-1.65200,1.27000,1.45610,-54.74300,5.424,4.909
2022-03-31,1327.00000,591.00000,736.00000,183.00000,216.00000,520.00000,-260.00000,260.00000,61.00000,199.00000,199.00000,,199.00000,584.00000,520.00000,58.90000,58.90000,3.38000,3.38000,5.04540,1.17530,-6.85210,55.46350,39.18610,39.18610,19.59310,14.99620,0.07040,0.47580,1.67130,53.85080,-6.87870,-1.40680,1.05620,1.20600,-53.01930,1.5011,0.9557
2021-12-31,1194.00000,533.00000,661.00000,170.00000,206.00000,455.00000,-262.00000,193.00000,30.00000,163.00000,163.00000,1.00000,117.00000,516.00000,455.00000,59.20000,59.20000,1.98000,1.98000,5.05880,1.15670,-7.54530,55.36010,38.10720,38.10720,16.16420,9.79900,0.06210,0.43870,1.77410,50.72870,-6.20720,-1.16880,0.84710,0.97240,-47.38280,4.71280,4.29050
2021-09-30,1278.00000,553.00000,725.00000,154.00000,190.00000,535.00000,-247.00000,288.00000,79.00000,209.00000,209.00000,,209.00000,600.00000,535.00000,58.40000,58.40000,3.61000,3.61000,4.22730,1.17680,-6.87220,56.72930,41.86230,41.86230,22.53520,16.35370,0.06620,0.46670,1.61570,55.70420,-7.18210,-1.46470,1.08210,1.26960,-52.71260,4.9487,4.5205
2021-06-30,1218.00000,563.00000,655.00000,172.00000,208.00000,447.00000,-203.00000,244.00000,-73.00000,317.00000,317.00000,,317.00000,500.00000,447.00000,58.40000,58.40000,5.43000,5.43000,4.10940,1.19270,-6.38890,53.77670,36.69950,36.69950,20.03280,26.02630,0.06380,0.45960,1.75500,51.28080,-10.12130,-2.17700,1.66060,1.95050,-56.86790,4.315,3.9726
2021-03-31,1194.00000,602.00000,592.00000,162.00000,198.00000,394.00000,-264.00000,130.00000,25.00000,105.00000,105.00000,,104.00000,465.00000,394.00000,58.40000,58.40000,1.79000,1.79000,4.02410,1.22170,-5.68820,49.58120,32.99830,32.99830,10.88780,8.71020,0.06370,0.48550,1.75070,51.40700,-2.98210,-0.70190,0.56030,0.66120,-64.17920,1.3608,0.9001
2020-12-31,1108.00000,567.00000,541.00000,197.00000,226.00000,315.00000,-262.00000,53.00000,3.00000,50.00000,50.00000,,-23.00000,364.00000,315.00000,54.70000,54.70000,-0.42000,-0.42000,4.52590,1.23740,-5.38030,48.82670,28.42960,28.42960,4.78340,-2.07580,0.05970,0.44160,1.76710,50.92960,-1.34370,-0.35080,0.26940,0.31900,-68.08160,5.00910,4.44240
2020-09-30,1173.00000,636.00000,537.00000,183.00000,224.00000,313.00000,-237.00000,76.00000,-25.00000,101.00000,101.00000,-19.00000,82.00000,389.00000,313.00000,57.30000,57.30000,1.43000,1.43000,4.30690,1.25740,-5.04260,45.78010,26.68370,26.68370,6.47910,6.99060,0.06380,0.49570,1.62920,55.24300,-2.54540,-0.69810,0.54910,0.65520,-72.92240,3.8744,3.1239
2020-06-30,1022.00000,531.00000,491.00000,163.00000,205.00000,286.00000,-252.00000,34.00000,39.00000,-5.00000,-5.00000,-1.00000,-6.00000,358.00000,286.00000,57.30000,57.30000,-0.10000,-0.10000,4.10120,1.27440,-4.79520,48.04310,27.98430,27.98430,3.32680,-0.58710,0.05620,0.39510,1.40770,63.93350,0.11960,0.03410,-0.02750,-0.03280,-77.12750,6.9465,6.7355
2020-03-31,1443.00000,625.00000,818.00000,180.00000,226.00000,592.00000,-255.00000,337.00000,14.00000,323.00000,323.00000,-4.00000,319.00000,658.00000,592.00000,57.40000,57.40000,5.56000,5.56000,3.14010,1.30630,-4.41430,56.68750,41.02560,41.02560,23.35410,22.10670,0.08670,0.47600,1.44440,62.30770,-7.68130,-2.19430,1.94170,2.35290,-77.81990,2.8048,2.4042
2019-12-31,1465.00000,664.00000,801.00000,201.00000,241.00000,560.00000,-267.00000,293.00000,59.00000,234.00000,234.00000,71.00000,119.00000,626.00000,560.00000,57.40000,57.40000,2.07000,2.07000,1.98570,1.31490,-4.27590,54.67580,38.22530,38.22530,20.00000,8.12290,0.08070,0.51310,1.42930,62.96930,-5.44310,-1.57240,1.28880,1.71390,-80.15890,7.54360,7.07320
2019-09-30,1541.00000,659.00000,882.00000,214.00000,269.00000,613.00000,-246.00000,367.00000,50.00000,317.00000,317.00000,32.00000,236.00000,650.00000,613.00000,56.30000,56.30000,4.62000,4.62000,3.16320,1.21230,-5.85960,57.23560,39.77940,39.77940,23.81570,15.31470,0.09480,0.53450,1.44290,62.37510,-10.99170,-2.35720,1.95020,2.33350,-53.94490,4.3872,3.9964
2019-06-30,1521.00000,808.00000,713.00000,252.00000,290.00000,423.00000,-240.00000,183.00000,55.00000,128.00000,128.00000,17.00000,145.00000,577.00000,423.00000,56.30000,56.30000,2.57000,2.57000,3.91930,1.08630,-12.87690,46.87710,27.81070,27.81070,12.03160,9.53320,0.08590,0.57150,1.30860,68.77780,-9.76640,-1.00560,0.72310,0.84290,-24.59450,5.595,4.9556
2019-03-31,1168.00000,518.00000,650.00000,160.00000,182.00000,468.00000,-205.00000,263.00000,63.00000,200.00000,200.00000,2.00000,202.00000,527.00000,468.00000,56.30000,56.30000,3.60000,3.60000,3.24150,1.09860,-11.64260,55.65070,40.06850,40.06850,22.51710,17.29450,0.06560,0.35650,1.02340,87.93870,-13.49300,-1.55990,1.12380,1.33090,-27.89170,2.1847,1.8295
2018-12-31,993.00000,429.00000,564.00000,122.00000,142.00000,422.00000,-172.00000,250.00000,54.00000,196.00000,196.00000,,196.00000,465.00000,422.00000,56.30000,56.30000,3.05000,3.05000,4.12780,1.15380,-7.72880,56.79760,42.49750,42.49750,25.17620,19.73820,0.08010,0.51150,1.50980,59.60880,-11.75840,-2.02720,1.58200,1.80800,-31.54370,5.86150,5.43520
2018-09-30,1049.30800,452.55210,596.75580,123.13000,141.33690,455.41890,-173.11100,282.30800,51.55000,230.75810,230.75810,-2.05700,228.84900,488.54090,455.41900,55.60000,55.60000,4.11000,4.11000,4.06190,1.16910,-7.12050,56.87140,43.40180,43.40190,26.90420,21.80950,0.08600,0.56200,1.48980,60.40930,-12.75980,-2.34980,1.89190,2.15790,-34.29420,5.9542,5.5424
2018-06-30,980.66200,411.14200,569.52000,112.81600,132.04000,437.48000,-171.93900,265.54100,48.15000,217.39100,217.39100,-0.14500,217.24600,480.15500,437.48000,55.59700,55.59700,3.91000,3.91000,4.14280,1.20140,-6.14340,58.07510,44.61070,44.61070,27.07770,22.15300,0.08310,0.50430,1.49000,60.40320,-10.35950,-2.16900,1.84160,2.08680,-39.92850,4.268,3.9224
2018-03-31,933.07000,398.99600,534.07400,107.52600,124.98300,409.09100,-161.90400,247.18700,45.34700,201.84000,201.84000,-5.56200,196.27800,445.33600,409.09100,55.60500,55.60500,3.53000,3.53000,3.03890,1.25500,-5.08140,57.23840,43.84360,43.84360,26.49180,21.03570,0.08980,0.52000,1.44670,62.21250,-8.74020,-2.06620,1.94180,2.22870,-44.11090,2.8927,2.6122
2017-12-31,847.96000,371.31000,476.65000,106.52800,123.64000,353.01000,-162.04600,190.96400,-121.04700,312.01100,312.01100,2.76400,258.62700,388.96800,353.01000,55.60000,55.60000,4.65000,4.65000,2.75840,1.29610,-4.51870,56.21140,41.63050,41.63050,22.52040,30.49990,0.08390,0.49920,1.52310,59.09110,-12.00180,-3.10510,3.08550,3.55420,-49.87560,5.26640,4.99140
2017-09-30,923.88480,392.64610,531.23880,101.87900,120.28290,410.95590,-163.49300,247.46300,63.31600,184.14700,184.14700,-30.68900,90.17200,465.62490,410.95590,55.53000,55.53000,1.61000,1.61000,2.44960,1.34960,-3.98570,57.50060,44.48130,44.48130,26.78510,9.76010,0.09260,0.53740,1.45240,61.96820,-6.23970,-1.76820,1.84600,2.18120,-56.82500,4.0886,3.8241
2017-06-30,897.65500,377.95900,519.69600,108.10400,131.36300,388.33300,-152.48600,235.84700,66.01500,169.83200,169.83200,-0.77900,169.05300,430.06100,388.33300,54.89000,54.89000,3.08000,3.08000,3.26670,1.21220,-5.85210,57.89480,43.26080,43.26080,26.27370,18.83270,0.08700,0.50830,1.48130,60.75880,-8.96000,-1.79740,1.64620,1.90120,-36.53030,3.1287,2.802
2017-03-31,868.72800,379.29100,489.43700,100.85700,122.88900,366.54800,-151.34900,215.19900,59.50800,155.69100,155.69100,-0.18600,155.50500,406.75800,366.54800,55.89400,55.89400,2.78000,2.78000,3.16720,1.23170,-5.44610,56.33950,42.19370,42.19370,24.77170,17.90030,0.08530,0.52310,1.51360,59.46130,-7.63650,-1.63420,1.52830,1.76910,-39.19720,2.9918,2.69
2016-12-31,814.01800,369.76300,444.25500,101.71500,127.24600,317.00900,-178.08800,138.92100,20.05000,118.87100,118.87100,,22.90000,359.67700,317.00900,56.52400,56.52400,0.41000,0.41000,3.19840,1.21590,-5.77180,54.57560,38.94370,38.94370,17.06610,2.81320,0.08110,0.51690,1.58740,56.69480,-6.34110,-1.27860,1.18430,1.36930,-35.10140,3.99460,3.60880
2016-09-30,875.22270,390.90300,484.31970,111.34700,135.31810,349.00160,-139.90700,209.09510,54.42700,154.66810,154.66800,,154.66800,390.07060,349.00180,56.15700,56.15700,2.76000,2.76000,3.89410,1.07010,-15.64970,55.33680,39.87580,39.87580,23.89050,17.67180,0.08160,0.53990,1.51860,59.26550,-23.74070,-1.91060,1.44200,1.66460,-12.21510,3.5314,3.2857
2016-06-30,797.69200,354.17700,443.51500,94.24400,112.87300,330.64200,-136.46600,194.17600,33.55400,160.62200,160.62200,,160.62200,364.25300,330.64200,55.83200,55.83200,2.88000,2.88000,4.03140,1.08840,-12.62690,55.59980,41.44980,41.44980,24.34220,20.13580,0.07550,0.50160,1.51710,59.32530,-19.87290,-1.97740,1.51950,1.75640,-15.17410,3.5256,3.3856
2016-03-31,796.80100,371.14000,425.66100,95.06400,113.58600,312.07500,-111.28800,200.78700,59.10400,141.68300,141.68300,,141.68300,345.24300,312.07500,56.13400,56.13400,2.52000,2.52000,2.60060,1.13490,-8.66620,53.42120,39.16600,39.16600,25.19910,17.78150,0.09530,0.58530,1.65800,54.28220,-14.73080,-1.95350,1.69490,1.98710,-18.15880,1.9653,1.7469
2015-12-31,701.69500,327.12800,374.56700,82.20300,98.52600,276.04100,-111.98300,164.05800,34.61700,129.44100,129.44100,,126.44100,306.07400,276.04100,56.80500,56.80500,2.23000,2.23000,2.83460,1.13510,-8.65150,53.38030,39.33920,39.33920,23.38020,18.01940,0.08420,0.54580,1.64230,54.80140,-13.42370,-1.81410,1.55390,1.81420,-17.99520,3.14530,2.96620
2015-09-30,809.79190,382.19200,427.59990,98.27000,114.52310,313.07690,-113.39600,199.68100,58.00800,141.67300,141.67300,,141.67300,342.78090,313.07690,56.60600,56.60600,2.50000,2.50000,2.71690,1.14690,-8.04160,52.80370,38.66140,38.66140,24.65830,17.49500,0.09750,0.64620,1.82360,49.35400,-13.64460,-1.95020,1.70610,2.00440,-19.34070,2.6062,2.3487
2015-06-30,691.39500,331.94000,359.45500,81.84900,95.75900,263.69600,-124.95500,138.74100,39.62900,99.11200,99.11200,,99.11200,294.65900,263.69600,56.60800,56.60800,1.75000,1.75000,2.98590,1.16620,-7.22740,51.98980,38.13970,38.13970,20.06680,14.33510,0.08280,0.57810,1.64640,54.66620,-8.47820,-1.38890,1.18690,1.40870,-21.84850,3.3652,3.0596
2015-03-31,619.03000,277.41300,341.61700,74.02600,85.05600,256.56100,-99.89200,156.66900,45.77500,110.89400,110.89400,,110.89400,279.57300,256.56100,56.60400,56.60400,1.96000,1.96000,2.39170,1.22200,-5.68430,55.18590,41.44570,41.44570,25.30880,17.91420,0.08570,0.50160,1.47520,61.01040,-8.36170,-1.64380,1.53460,1.85660,-24.90110,-0.1075,-0.37
2014-12-31,586.89800,265.72500,321.17300,67.47900,80.50500,240.66800,-98.93500,141.73300,46.20000,95.53300,95.53300,,92.16800,266.44900,240.66800,56.59100,56.59100,1.63000,1.63000,2.90880,1.25390,-5.10200,54.72380,41.00680,41.00680,24.14950,15.70430,0.08490,0.56440,1.75980,51.14330,-6.52220,-1.54560,1.38180,1.65590,-27.83760,3.33900,3.19520
2014-09-30,642.24100,293.61310,348.62790,76.68500,89.90810,258.71980,-97.06500,161.65500,47.40000,114.25500,114.25500,,108.15700,284.60080,258.71990,56.99300,56.99300,1.89000,1.89000,2.88370,1.27410,-4.80250,54.28310,40.28390,40.28390,25.17050,16.84060,0.09510,0.63960,1.82810,49.23020,-7.34240,-1.81410,1.69100,2.01230,-29.68690,3.3824,2.942
2014-06-30,610.58200,283.05400,327.52800,71.14600,87.54800,239.98000,-219.10300,20.87700,4.70000,16.17700,16.17700,,-94.72600,268.26900,239.98000,57.17000,57.17000,-1.66000,-1.66000,2.94490,1.28120,-4.70670,53.64190,39.30350,39.30350,3.41920,-15.51410,0.09100,0.61320,1.72810,52.07920,-1.01650,-0.25440,0.24110,0.28580,-30.23670,2.2503,2.1149
2014-03-31,590.76100,283.17900,307.58200,71.48800,89.08800,218.49400,-82.28900,136.20500,45.85000,90.35500,90.35500,,84.86900,247.72000,218.49400,57.06800,57.06800,1.49000,1.49000,3.76770,1.02260,-45.55860,52.06540,36.98520,36.98520,23.05590,14.36610,0.09230,0.61770,1.72550,52.16000,-71.92210,-1.84210,1.41190,1.62310,-2.37560,1.8333,1.9521
2013-12-31,529.32200,245.18600,284.13600,57.12700,73.51000,210.62600,-80.85300,129.77300,43.65000,86.12300,86.12300,,81.98400,237.55000,210.62600,56.99100,56.99100,1.44000,1.44000,3.60580,1.04280,-24.47340,53.67920,39.79170,39.79170,24.51680,15.48850,0.08410,0.55340,1.64160,54.82390,-36.77610,-1.72180,1.36870,1.57560,-4.44070,2.03030,1.88820
2013-09-30,539.73710,257.01800,282.71910,61.07100,76.94600,205.77310,-81.24600,124.52700,40.50000,84.02700,84.02700,,-11.11000,232.52910,205.77310,55.08000,55.08000,-0.23000,-0.23000,4.09460,1.06270,-17.03790,52.38090,38.12470,38.12470,23.07180,-2.05840,0.08780,0.62140,1.85830,48.43180,-24.97970,-1.72550,1.36650,1.56660,-6.38690,3.6376,3.426
2013-06-30,488.63600,219.65000,268.98600,82.77300,92.26200,176.72400,-62.46900,114.25500,37.60000,76.65500,76.65500,,38.67900,194.67700,176.72400,54.50600,54.50600,0.71000,0.71000,4.04300,0.84340,5.41210,55.04830,36.16680,36.16680,23.38240,7.91570,0.08410,0.53060,1.69730,53.02630,9.56120,-2.06320,1.31880,1.49750,15.26600,1.2761,1.1421
2013-03-31,465.60900,206.29900,259.31000,55.46300,65.19800,194.11200,-94.37500,99.73700,31.80000,67.93700,67.93700,,67.93700,213.60300,194.11200,54.45300,54.45300,1.25000,1.25000,5.12090,0.86310,6.33890,55.69270,41.68990,41.68990,21.42080,14.59100,0.08180,0.60640,1.91550,46.98470,9.91250,-1.96900,1.19310,1.35660,13.08060,1.8213,1.681
2012-12-31,430.41800,191.87100,238.54700,55.16100,65.70100,172.84600,-62.87600,109.97000,35.80000,74.17000,74.17000,,36.04000,194.09400,172.84600,54.45300,54.45300,0.66000,0.66000,4.94390,0.87770,7.21240,55.42220,40.15770,40.15770,25.54960,8.37330,0.07760,0.57710,1.96840,45.72160,12.38550,-2.09420,1.33650,1.51490,11.50790,1.80180,1.64250
2012-09-30,462.60600,205.78600,256.81990,54.28800,65.40200,191.41800,-55.15200,136.26600,48.40000,87.86600,87.86600,,87.86600,212.40000,191.41800,53.88200,53.88200,1.63000,1.63000,4.49110,0.74700,2.96930,55.51590,41.37820,41.37820,29.45620,18.99370,0.08470,0.64210,1.96200,45.87160,7.20900,-2.98840,1.60940,1.82390,23.59700,2.8963,2.7287
2012-06-30,461.66000,208.35800,253.30200,56.09700,67.43800,185.86400,-55.39300,130.47100,40.02500,90.44600,90.44600,,90.44600,206.88300,185.86400,53.88200,53.88200,1.68000,1.68000,4.99160,0.76510,3.27500,54.86770,40.25990,40.25990,28.26130,19.59150,0.08700,0.63510,1.84150,48.87380,8.17300,-2.97970,1.70460,1.92010,21.51880,1.7235,1.5916
2012-03-31,423.46900,187.42900,236.04000,49.47400,58.81300,177.22700,-52.30000,124.92700,43.37500,81.55200,81.55200,,81.55200,195.59900,177.22700,53.88200,53.88200,1.51000,1.51000,3.87580,0.78390,3.64790,55.73960,41.85120,41.85120,29.50090,19.25810,0.08140,0.57390,1.67610,53.69750,8.19680,-2.60280,1.56830,1.77140,19.50290,1.7977,1.716
2011-12-31,352.47300,152.91800,199.55500,41.85000,54.28900,145.26600,-49.06100,96.20500,31.10000,65.10500,65.10500,,61.80600,165.66400,145.26600,53.88200,53.88200,1.15000,1.15000,5.09940,0.77860,3.53360,56.61570,41.21340,41.21340,27.29430,17.53500,0.07750,0.55770,2.01760,44.60720,7.33930,-2.50150,1.43230,1.62520,17.52890,1.26380,1.17650
2011-09-30,342.95300,149.93700,193.01600,38.47100,50.62600,142.39000,-48.74000,93.65000,29.33700,64.31300,64.31300,3.08200,67.39500,162.60210,142.39000,53.33300,53.33300,1.26000,1.26000,4.20720,0.79390,3.87000,56.28060,41.51880,41.51880,27.30700,19.65140,0.07600,0.56510,1.81180,49.67550,7.93060,-2.46110,1.42490,1.63490,16.11100,2.2002,2.0914
2011-06-30,325.20900,142.06000,183.14900,31.54900,43.99400,139.15500,-49.89800,89.25700,30.88900,58.36800,58.36800,-2.08800,56.28000,159.32300,139.15500,53.33300,53.33300,1.06000,1.06000,6.44130,0.80960,4.27330,56.31730,42.78940,42.78940,27.44600,17.30580,0.07420,0.56660,1.97600,45.54730,7.93770,-2.38330,1.33110,1.51130,14.66510,0.2605,0.1885
2011-03-31,304.30700,146.43300,157.87400,33.17100,44.63300,113.24100,-55.78600,57.45500,20.75800,36.69700,36.69700,19.12000,55.81700,132.46500,113.24100,53.33300,53.33300,1.04000,1.04000,4.42730,0.82440,4.71660,51.87980,37.21280,37.21280,18.88060,18.34230,0.06940,0.59580,1.87390,48.02720,5.50160,-1.43870,0.83660,0.96630,13.34800,1.2562,1.155
2010-12-31,233.55200,106.40600,127.14600,30.52000,34.79700,92.34900,-103.28600,-10.93700,-3.78400,-7.15300,-7.15300,-0.20500,-10.16900,103.04700,92.34900,53.32800,53.32800,-0.19000,-0.19000,4.02000,0.84020,5.33560,54.44010,39.54110,39.54110,-4.68290,-4.35410,0.05540,0.42140,1.47420,61.05040,-1.19960,0.26270,-0.16980,-0.19170,12.01370,1.16540,1.10940
2010-09-30,223.11700,90.74600,132.37100,25.51400,29.09100,103.28000,-27.08300,76.19700,25.56000,50.63700,50.63700,,50.63700,112.81900,103.28000,52.92300,52.92300,0.96000,0.96000,5.16320,0.74920,2.98770,59.32810,46.28960,46.28960,34.15110,22.69530,0.08330,0.48080,1.65930,54.23830,8.53940,-3.67180,1.89100,2.14140,11.99540,0.7943,0.7919
2010-06-30,214.18200,91.74900,122.43300,23.34400,27.15600,95.27700,-28.22200,67.05500,23.05000,44.00500,44.00500,,44.00500,104.76100,95.27700,52.92300,52.92300,0.83000,0.83000,5.10170,0.76770,3.30530,57.16310,44.48410,44.48410,31.30750,20.54560,0.08190,0.52710,1.77820,50.61220,8.21220,-3.19730,1.68220,1.90750,10.86420,1.3498,1.2941
2010-03-31,206.07700,90.87400,115.20300,23.59400,27.14400,88.05900,-28.41400,59.64500,21.60000,38.04500,38.04500,,38.04500,97.28500,88.05900,52.92200,52.92200,0.72000,0.72000,5.50190,0.78460,3.64160,55.90290,42.73110,42.73110,28.94310,18.46150,0.08100,0.52160,1.83430,49.06570,7.82470,-2.66260,1.49470,1.68580,9.87800,0.4567,0.3919
2009-12-31,184.27800,81.21900,103.05900,22.46600,26.60600,76.45300,-28.51500,47.93800,17.18000,30.75800,30.75800,,0.44500,85.94700,76.45300,52.86900,52.86900,0.01000,0.01000,4.61960,0.80050,4.01370,55.92580,41.48790,41.48790,26.01400,0.24150,0.07360,0.46220,1.78210,50.50270,6.97440,-2.09690,1.22790,1.39110,8.99820,1.12730,1.06120
2009-09-30,197.35400,88.95800,108.39600,22.08100,25.85500,82.54100,-19.55000,62.99100,21.38000,41.61100,41.61100,,41.61100,90.53400,82.54100,52.53900,52.53900,0.79000,0.79000,4.95980,0.62350,1.65630,54.92470,41.82380,41.82380,31.91780,21.08440,0.08040,0.53030,1.85400,48.54290,5.07970,-4.09530,1.69530,1.91230,16.73330,1.2888,1.2132
2009-06-30,189.87500,82.02400,107.85100,19.34900,22.65400,85.19700,-21.22600,63.97100,22.58300,41.38800,41.38800,,41.38800,92.74900,85.19700,52.38400,52.38400,0.79000,0.79000,5.94460,0.63930,1.77260,56.80110,44.87000,44.87000,33.69110,21.79750,0.08000,0.51970,1.81650,49.54630,5.40680,-4.15190,1.74410,1.95010,15.79520,0.9451,0.8814
2009-03-31,193.04700,84.23600,108.81100,20.41200,24.03700,84.77400,-21.64000,63.13400,22.83000,40.30400,40.30400,,40.30400,92.47500,84.77400,52.38900,52.38900,0.77000,0.77000,5.40280,0.65400,1.89040,56.36500,43.91370,43.91370,32.70400,20.87780,0.08300,0.53480,1.93180,46.58860,5.61480,-3.84590,1.73350,1.94250,14.86140,1.5178,1.4067
