Date,revenue,cost-goods-sold,gross-profit,research-development-expenses,selling-general-administrative-expenses,operating-expenses,operating-income,total-non-operating-income-expense,pre-tax-income,total-provision-income-taxes,income-after-taxes,income-from-continuous-operations,net-income,ebitda,ebit,basic-shares-outstanding,shares-outstanding,eps-basic-net-earnings-per-share,eps-earnings-per-share-diluted,current-ratio,long-term-debt-capital,debt-equity-ratio,gross-margin,operating-margin,ebit-margin,pre-tax-profit-margin,net-profit-margin,asset-turnover,receiveable-turnover,days-sales-in-receivables,roe,return-on-tangible-equity,roa,roi,book-value-per-share,operating-cash-flow-per-share,free-cash-flow-per-share
2023-09-30,201.52900,45.75400,155.77500,37.05200,126.63600,163.68800,-7.91300,-6.95900,-14.87200,0.69300,-15.56500,-15.56500,-15.56500,-1.63700,-7.91300,115.95400,115.95400,-0.13000,-0.13000,1.61640,0.51160,1.04730,77.29660,-3.92650,-3.92650,-7.37960,-7.72350,0.13220,1.12320,80.13180,-4.52900,39.89400,-1.02100,-2.21220,2.95070,0.3615,0.3437
2023-06-30,195.03600,43.51400,151.52200,37.84500,124.42200,162.26700,-10.74500,-2.12800,-12.87300,3.10100,-15.97400,-15.97400,-15.97400,-4.48600,-10.74500,115.13100,115.13100,-0.14000,-0.14000,1.55910,0.53410,1.14640,77.68930,-5.50920,-5.50920,-6.60030,-8.19030,0.13310,1.26290,71.26500,-5.07820,22.44080,-1.08980,-2.36590,2.72280,0.2583,0.2367
2023-03-31,188.83900,45.50600,143.33300,38.18300,124.30600,162.48900,-19.15600,-2.79100,-21.94700,3.15000,-25.09700,-25.09700,-25.09700,-12.79100,-19.15600,113.79100,113.79100,-0.22000,-0.22000,1.51990,0.55330,1.23860,75.90220,-10.14410,-10.14410,-11.62210,-13.29020,0.13270,1.52470,59.02890,-8.60430,25.83670,-1.76330,-3.84350,2.54200,0.34050,0.32810
2022-12-31,184.63100,45.24000,139.39100,36.91100,116.56900,153.48000,-14.08910,-3.09400,-17.18300,4.30400,-21.48700,-21.48700,-21.48700,-7.80610,-14.08900,111.32100,111.32100,-0.19000,-0.19000,1.46740,0.57200,1.33630,75.49710,-7.63090,-7.63090,-9.30670,-11.63780,0.12830,0.98550,91.32100,-7.93270,17.75350,-1.49260,-3.39540,2.39590,0.2916,0.2439
2022-09-30,174.85100,38.58200,136.26900,36.13100,113.09600,149.22700,-12.95800,-5.35200,-18.31000,0.42000,-18.73000,-18.73000,-18.73000,-7.18800,-12.95800,111.93700,111.93700,-0.17000,-0.17000,1.50850,0.58260,1.39570,77.93440,-7.41090,-7.41090,-10.47180,-10.71200,0.12950,1.18190,76.15030,-7.20790,13.83430,-1.38770,-3.00870,2.31190,0.3157,0.2775
2022-06-30,164.34100,36.03700,128.30400,36.22800,115.29600,151.52400,-23.22000,-4.75800,-27.97800,-0.47900,-27.49900,-27.49900,-27.49900,-17.97500,-23.22000,111.04100,111.04100,-0.25000,-0.25000,1.47060,0.60470,1.53000,78.07180,-14.12920,-14.12920,-17.02440,-16.73290,0.12890,1.50280,59.88680,-11.57730,17.10160,-2.15670,-4.57610,2.12890,0.2708,0.2286
2022-03-31,159.36800,34.93000,124.43800,34.29000,107.69600,141.98600,-17.54800,-4.27000,-21.81800,2.68800,-24.50600,-24.50600,-24.50600,-12.65200,-17.54800,109.52400,109.52400,-0.22000,-0.22000,1.55720,0.61600,1.60400,78.08220,-11.01100,-11.01100,-13.69030,-15.37700,0.12870,1.65350,54.42930,-10.79710,19.32240,-1.97970,-4.14630,2.05800,0.30000,0.25610
2021-12-31,149.01800,30.83600,118.18200,30.71800,100.33100,131.04900,-12.86700,-3.95200,-16.81900,-5.77400,-11.04500,-11.04500,-11.04500,-7.82000,-12.86700,106.38700,106.38700,-0.11000,-0.11000,1.54880,0.62880,1.69390,79.30720,-8.63450,-8.63450,-11.28660,-7.41190,0.11930,1.09090,82.50070,-5.12970,9.37310,-0.88440,-1.90420,1.97660,0.2097,0.1833
2021-09-30,138.66400,27.06200,111.60200,30.67500,92.14500,122.82000,-11.21800,-4.30200,-15.52000,0.72600,-16.24600,-16.24600,-16.24600,-6.90200,-11.21800,106.86900,106.86900,-0.15000,-0.15000,2.01440,0.64850,1.84490,80.48380,-8.09010,-8.09010,-11.19250,-11.71610,0.11970,1.20140,74.91410,-8.20270,-53.33030,-1.40230,-2.88330,1.84480,0.1789,0.1681
2021-06-30,130.25900,26.42500,103.83400,28.20100,87.51400,115.71500,-11.88100,-0.51300,-12.39400,-0.75600,-11.63800,-11.63800,-11.63800,-7.89000,-11.88100,105.86900,105.86900,-0.11000,-0.11000,1.12600,,,79.71350,-9.12110,-9.12110,-9.51490,-8.93450,0.17490,1.29630,69.42680,-6.27540,-72.10650,-1.56260,-6.27540,1.74120,0.1515,0.1371
2021-03-31,123.18900,22.07300,101.11600,26.83800,80.08000,106.91800,-5.80200,-0.09400,-5.89600,1.85200,-7.74800,-7.74800,-7.74800,-2.98600,-5.80200,104.53100,104.53100,-0.07000,-0.07000,1.35660,,,82.08200,-4.70980,-4.70980,-4.78610,-6.28950,0.17580,1.48740,60.50850,-4.50620,-7.38530,-1.10550,-4.50620,1.62960,0.36950,0.35940
2020-12-31,118.08200,20.31700,97.76500,24.41800,74.07800,98.49600,-0.73100,0.00100,-0.73000,1.20600,-1.93600,-1.93600,-1.93600,1.92200,-0.73100,101.00900,101.00900,-0.01000,-0.01000,1.29050,,,82.79410,-0.61900,-0.61910,-0.61820,-1.63950,0.17100,1.02380,87.91160,-1.28500,-2.33090,-0.28030,-1.28500,1.45270,0.1808,0.1676
2020-09-30,112.28200,19.39400,92.88800,25.12800,71.22500,96.35300,-3.46500,-0.57300,-4.03800,1.82000,-5.85800,-5.85800,-5.85800,-0.75300,-3.46500,101.73600,101.73600,-0.06000,-0.06000,1.24440,,,82.72740,-3.08600,-3.08600,-3.59630,-5.21720,0.18000,1.28320,70.13750,-4.46740,-9.26630,-0.93900,-4.46740,1.27610,0.2406,0.1629
2020-06-30,107.20900,19.14200,88.06700,25.31000,73.32200,98.63200,-10.56500,0.15700,-10.40800,1.55200,-11.96000,-11.96000,-11.96000,-7.97500,-10.56500,100.20900,100.20900,-0.12000,-0.12000,1.18400,,,82.14520,-9.85460,-9.85460,-9.70810,-11.15580,0.18620,1.31090,68.65450,-10.75850,-28.02250,-2.07700,-10.75850,1.09930,0.1691,0.0655
2020-03-31,102.64800,18.70100,83.94700,26.83100,78.78800,105.61900,-21.67200,-0.22600,-21.89800,1.07900,-22.97700,-22.97700,-22.97700,-18.99400,-21.67200,98.85500,98.85500,-0.23000,-0.23000,1.11490,,,81.78140,-21.11290,-21.11290,-21.33310,-22.38430,0.18680,1.38010,65.21340,-22.89090,-73.38790,-4.18090,-22.89090,1.00370,0.04540,0.03920
2019-12-31,97.04900,18.42900,78.62000,22.66800,83.50500,106.17300,-27.55300,1.04900,-26.50400,11.80100,-38.30500,-38.30500,-38.30500,-25.27700,-27.55300,96.01400,96.01400,-0.39000,-0.39000,1.10780,,,81.01060,-28.39080,-28.39080,-27.30990,-39.46980,0.17370,1.02340,87.93940,-38.72910,-130.91700,-6.85720,-38.72910,1.00320,-0.0326,-0.1418
2019-09-30,91.85200,15.24500,76.60700,20.76300,74.17100,94.93400,-18.32700,1.28700,-17.04000,0.60000,-17.64000,-17.64000,-17.64000,-16.81200,-18.32700,96.70900,96.70900,-0.18000,-0.18000,1.49030,,,83.40270,-19.95280,-19.95280,-18.55160,-19.20480,0.17260,1.13120,79.56380,-14.31960,-14.31960,-3.31450,-14.31960,1.25750,-0.048,-0.0984
2019-06-30,85.38400,13.91800,71.46600,21.69800,72.00200,93.70000,-22.23400,1.47200,-20.76200,0.86600,-21.62800,-21.62800,-21.62800,-20.76700,-22.23400,95.82000,95.82000,-0.23000,-0.23000,1.52150,,,83.69950,-26.04000,-26.04000,-24.31600,-25.33030,0.17760,1.23780,72.71230,-17.88040,-17.88040,-4.49860,-17.88040,1.24950,-0.022,-0.0531
2019-03-31,80.30100,13.22600,67.07500,21.93500,67.82500,89.76000,-22.68500,1.34200,-21.34300,0.09700,-21.44000,-21.44000,-21.44000,-21.06300,-22.68500,93.73800,93.73800,-0.23000,-0.23000,1.59670,,,83.52950,-28.25000,-28.25000,-26.57880,-26.69950,0.17220,1.40940,63.85660,-16.72270,-16.72270,-4.59700,-16.72270,1.33270,-0.00930,-0.03390
2018-12-31,75.22100,12.39900,62.82200,21.16900,61.24400,82.41300,-19.59100,1.18400,-18.40700,1.20700,-19.61400,-19.61400,-19.61400,-17.97900,-19.59100,53.66900,53.66900,0.31000,0.31000,1.56030,,,83.51660,-26.04460,-26.04460,-24.47060,-26.07520,0.16330,1.10200,81.67260,-16.10830,-16.20040,-4.25820,-16.10830,1.30750,-0.0342,-0.0852
2018-09-30,69.44000,12.16100,57.27900,20.55300,57.82200,78.37500,-21.09600,0.70900,-20.38700,0.48200,-20.86900,-20.86900,-20.92400,-19.51000,-21.09600,74.26100,74.26100,-0.28000,-0.28000,1.73070,,,82.48700,-30.38020,-30.38020,-29.35920,-30.13250,0.15290,1.17630,76.51430,-15.74290,-15.84370,-4.59470,-15.74290,1.42480,-0.0449,0.0247
2018-06-30,63.59200,9.87900,53.71300,17.79100,52.36700,70.15800,-16.44500,-0.46100,-16.90600,0.24400,-17.15000,-17.15000,-17.34100,-14.90500,-16.44500,23.75000,23.75000,-0.73000,-0.73000,0.52730,,,84.46500,-25.86020,-25.86020,-26.58510,-27.26920,0.37550,1.27360,70.66460,4.30120,4.29050,-10.12650,4.30120,-15.98030,0.0099,-0.0475
2018-03-31,59.10700,8.72800,50.37900,17.18500,48.64300,65.82800,-15.44900,-0.00800,-15.45700,0.43100,-15.88800,-15.88800,-16.07600,-13.99500,-15.44900,23.49500,23.49500,-0.68000,-0.68000,,,,85.23360,-26.13740,-26.13740,-26.15090,-27.19810,,,,,,,,,0.02150,-0.04650
2017-12-31,,,,,,,,,,,,,,,,,,,0.00000,,,,,,,,,,,,,,,,,0.0359,0.1077
2017-09-30,48.98000,7.42400,41.55600,15.86900,36.84900,52.71800,-11.16200,-0.09200,-11.25400,0.05900,-11.31300,-11.31300,-11.50500,-9.96700,-11.16200,22.67900,22.67900,-0.51000,-0.51000,,,,84.84280,-22.78890,-22.78890,-22.97670,-23.48920,,,,,,,,,-0.0435,-0.0844
2017-06-30,44.14900,5.34800,38.80100,13.71300,34.31700,48.03000,-9.22900,0.05600,-9.17300,0.04100,-9.21400,-9.21400,-9.40500,-9.22900,-9.22900,22.06000,22.06000,-0.43000,-0.43000,,,,87.88650,-20.90420,-20.90420,-20.77740,-21.30290,,,,,,,,,0.0076,-0.0233
2016-12-31,,,,,,,,,,,,,,,,,,,0.00000,,,,,,,,,,,,,,,,,0,0
