Date,revenue,cost-goods-sold,gross-profit,selling-general-administrative-expenses,other-operating-income-expenses,operating-expenses,operating-income,total-non-operating-income-expense,pre-tax-income,total-provision-income-taxes,income-after-taxes,income-from-continuous-operations,net-income,ebitda,ebit,basic-shares-outstanding,shares-outstanding,eps-basic-net-earnings-per-share,eps-earnings-per-share-diluted,current-ratio,long-term-debt-capital,debt-equity-ratio,gross-margin,operating-margin,ebit-margin,pre-tax-profit-margin,net-profit-margin,asset-turnover,inventory-turnover,receiveable-turnover,days-sales-in-receivables,roe,return-on-tangible-equity,roa,roi,book-value-per-share,operating-cash-flow-per-share,free-cash-flow-per-share
2024-03-31,820.69920,28.62840,792.07080,295.23720,-248.27280,823.44720,-31.37630,1094.40600,1063.03000,252.99120,810.03830,810.03830,806.71200,248.46370,-31.37630,430.73760,430.73760,1.87280,1.87280,0.50230,0.28590,0.61520,96.51170,-3.82310,-3.82310,129.52730,98.29570,0.08400,0.53970,2.62620,34.27010,16.97830,238.42770,8.28920,12.12400,11.07640,0.47700,0.29460
2023-12-31,4526.49500,247.05220,4279.44300,1766.69700,-1262.45600,4590.26780,-310.82520,-1951.74700,-2262.57200,-1042.08500,-1220.48700,-1220.48700,-1238.63500,1215.00900,-310.82460,430.73760,430.73760,-2.87560,-2.87560,0.44490,0.41070,0.94770,94.54210,-6.86680,-6.86680,-49.98510,-27.36410,0.21750,2.06200,6.72490,13.38300,-14.30380,156.70400,-5.86350,-8.42990,19.80930,3.1091,1.7017
2023-09-30,1100.23000,55.60170,1044.62800,415.99470,-300.33300,1105.65830,-61.03020,83.65500,22.62480,-83.09070,105.71550,105.71550,99.98010,354.18780,-61.03020,430.73760,430.73760,0.23220,0.23220,0.45230,0.27760,0.55710,94.94640,-5.54700,-5.54700,2.05640,9.08720,0.09850,0.76630,3.41110,26.38480,1.92500,18.71960,0.94630,1.39060,12.74930,1.004,0.6077
2023-06-30,1080.80500,67.60890,1013.19600,411.88410,-316.43700,1100.52010,-87.32430,6.19200,-81.13240,-98.98170,17.84930,17.84930,14.93390,294.50510,-87.32430,431.61600,431.61600,0.03460,0.03460,0.40730,0.27860,0.57920,93.74460,-8.07960,-8.07960,-7.50670,1.38170,0.09930,1.51610,2.73790,32.87190,0.34240,4.11150,0.16400,0.24700,12.10170,0.6948,0.3937
2023-03-31,1117.05400,51.83360,1065.22000,419.78560,-307.19520,1081.28840,-16.06800,102.96000,86.89200,-61.21960,148.11160,148.11160,144.34680,336.80920,-16.06800,430.73760,430.73760,0.33510,0.33510,0.48650,0.27680,0.56050,95.35980,-1.43840,-1.43840,7.77870,12.92210,0.10180,1.15010,2.92020,30.82030,2.80140,25.46330,1.35040,2.02610,12.27420,0.64150,0.42800
2022-12-31,2335.81900,115.02730,2220.79200,922.57630,-689.53880,2759.06670,-538.27490,-41.66880,-579.94340,-236.72570,-343.21770,-343.21770,-350.38030,197.20460,-538.27500,430.73760,430.73760,-0.81310,-0.81310,0.39190,0.29180,0.57740,95.07550,-23.04440,-23.04440,-24.82830,-15.00030,0.17550,2.31680,5.30770,16.95640,-5.48560,-70.76550,-2.57800,-3.88480,14.52540,1.5812,0.7359
2022-09-30,1096.96100,48.48480,1048.47600,464.69780,-313.49360,2707.97820,-1659.50200,207.92520,-1451.57700,46.05760,-1497.63400,-1497.63400,-1502.22200,-1214.48300,-1659.50200,430.73760,430.73760,-3.48760,-3.48760,0.35340,0.29830,0.56820,95.58010,-151.28170,-151.28170,-132.32710,-136.94400,0.10030,1.29540,3.45080,26.08060,-28.75070,-341.17710,-13.69180,-20.17360,12.09150,0.7509,0.3331
2022-06-30,1078.62500,45.94250,1032.68200,418.03850,-333.17450,1117.76650,-85.08500,106.15650,21.07150,-13.14950,34.22100,34.22100,31.14400,303.33700,-85.08500,431.05900,431.05900,0.07230,0.07230,0.33110,0.24790,0.45410,95.74060,-7.88830,-7.88830,1.95360,2.88740,0.09050,1.12090,3.17930,28.30850,0.54020,9.44760,0.28700,0.40630,14.70530,0.6918,0.349
2022-03-31,1103.29700,56.50340,1046.79300,372.40920,-291.88880,1034.97760,11.81580,211.12400,222.93980,-0.26320,223.20300,223.20300,221.14440,361.62740,11.81580,430.73760,430.73760,0.51320,0.51320,0.46200,0.24820,0.45190,94.87870,1.07100,1.07100,20.20670,20.04400,0.09470,2.67040,3.11120,28.92800,3.59510,40.67730,1.91540,2.70260,14.41360,0.80210,0.31830
2021-12-31,1606.12100,75.99380,1530.12700,521.57290,-543.04730,1565.62720,-35.49960,181.65480,146.15530,49.28390,96.87140,96.87140,90.00630,415.34350,-35.49960,430.73760,430.73760,0.20870,0.20870,0.39350,0.26870,0.48530,95.26850,-2.21030,-2.21030,9.09990,5.60400,0.14170,2.32340,4.87150,18.47500,1.67740,34.60420,0.85490,1.22680,13.40710,1.0128,0.3866
2021-09-30,991.41620,48.15250,943.26370,358.37820,-291.77840,990.77750,-47.51400,106.69770,59.18380,29.80820,29.37560,29.37560,26.25470,323.85630,-47.51400,432.03400,432.03400,0.06080,0.06080,0.36320,0.26980,0.50490,95.14310,-4.79250,-4.79250,5.96960,2.64820,0.09840,1.39590,3.67510,24.48930,0.57900,20.12000,0.29150,0.42280,11.77880,0.7705,0.3705
2021-06-30,937.35800,51.73860,885.61940,320.06700,-269.62160,892.74260,-7.12320,117.67060,110.54740,234.26000,-123.71260,-123.71260,-124.05180,302.68780,-7.12320,430.73760,430.73760,-0.28780,-0.28780,0.64970,0.27980,0.49770,94.48040,-0.75990,-0.75990,11.79350,-13.23420,0.09410,1.46620,3.22470,27.90990,-2.41720,-27.46890,-1.24240,-1.74090,11.88020,0.6636,0.278
2021-03-31,932.78110,44.20560,888.57550,364.04080,-185.02620,827.70240,60.87310,77.43890,138.31200,36.47640,101.83560,101.83560,98.77330,338.68360,60.87310,430.73760,430.73760,0.22940,0.22940,0.59750,0.27830,0.49630,95.26090,6.52600,6.52600,14.82790,10.58910,0.09650,1.00980,2.73680,32.88530,2.01030,18.47630,1.05360,1.45080,11.75900,0.72290,0.34480
2020-12-31,1379.10100,2.80080,1376.30000,691.95670,-261.33560,1358.61720,17.68290,-65.77890,-48.09600,9.23150,-57.32750,-57.32750,-60.49500,434.66510,17.68290,430.73800,430.73800,-0.13920,-0.13920,0.50220,0.28970,0.51480,99.79690,1.28220,1.28220,-3.48750,-4.38660,0.12910,0.05300,3.96860,22.67800,-1.03820,-12.26310,-0.53680,-0.73740,12.81740,1.0571,0.3767
2020-09-30,918.20140,88.58420,829.61720,293.46770,-221.87150,777.65310,51.96410,-39.96290,12.00120,58.03320,-46.03200,-46.03200,-48.26510,310.93990,51.96410,430.73760,430.73760,-0.11230,-0.11230,0.68660,0.26370,0.45670,90.35240,5.65930,5.65930,1.30700,-5.25650,0.09670,2.10210,3.02340,29.76810,-0.89280,-6.10630,-0.48500,-0.65730,11.96890,0.6496,0.3616
2020-06-30,962.34040,30.01440,932.32600,298.98960,-268.62000,807.78400,124.54200,-114.40400,10.13800,22.30360,-12.16560,-12.16560,-13.94160,352.16630,124.54200,428.31300,428.31300,-0.03260,-0.03260,0.59730,0.22820,0.51960,96.88110,12.94160,12.94160,1.05350,-1.44870,0.09800,0.87230,2.83790,31.71310,-0.23460,-1.57550,-0.12390,-0.17990,12.11220,1.0232,0.684
2020-03-31,1023.02100,36.67500,986.34560,404.20740,-223.13070,892.35980,93.98580,-23.34160,70.64420,27.59590,43.04830,43.04830,41.54870,357.89910,93.98580,430.73760,430.73760,0.09620,0.09620,0.70080,0.27250,0.51020,96.41500,9.18710,9.18710,6.90550,4.06140,0.10030,0.75230,2.47150,36.41470,0.78740,5.41800,0.42200,0.57280,12.69100,0.61040,0.19600
2019-12-31,1634.95800,68.88350,1566.07400,694.59800,-365.81230,1534.40950,31.66440,181.57260,213.23700,36.64720,176.58980,176.58980,171.04990,459.69290,31.66460,430.73760,430.73760,0.39790,0.39790,0.59060,0.27360,0.49060,95.78680,1.93670,1.93670,13.04240,10.46200,0.13660,1.03600,3.66430,24.56150,2.75330,20.26490,1.47560,1.99990,14.89030,1.3083,0.4184
2019-09-30,1078.05200,46.24340,1031.80800,437.64770,-240.87980,953.22710,78.58120,-409.63370,-331.05240,80.36770,-411.42010,-411.42010,-413.40950,355.64550,78.58120,430.73760,430.73760,-0.96020,-0.96020,0.84930,0.28750,0.51100,95.71050,7.28920,7.28920,-30.70840,-38.34780,0.09920,0.65860,2.39490,37.58050,-7.08270,-47.18300,-3.78740,-5.04630,13.48580,0.778,0.4215
2019-06-30,1054.15800,51.30000,1002.85800,419.58840,-218.99400,901.69440,101.16350,108.59640,209.76000,88.28160,121.47840,121.47840,119.70000,356.68290,101.16350,430.73760,430.73760,0.27820,0.27820,0.69760,0.20820,0.35420,95.13360,9.59660,9.59660,19.89840,11.35500,0.10080,0.70140,2.35750,38.17630,1.91870,8.84040,1.16110,1.51900,14.69980,0.9866,0.3369
2019-03-31,1139.23000,56.07740,1083.15200,467.63720,-243.09630,967.60460,115.54720,5.34560,120.89280,88.02250,32.87030,32.87030,31.66240,370.54260,115.54720,430.73800,430.73800,0.07300,0.07300,0.72670,0.21820,0.35580,95.07760,10.14260,10.14260,10.61180,2.77930,0.10570,0.70160,2.12920,42.26920,0.49820,2.25340,0.30510,0.38950,15.31790,0.86460,0.40260
2018-12-31,1823.29700,-73.74680,1897.04400,962.37410,-412.74990,1989.07680,-92.03320,1099.74500,1007.71300,189.30680,818.40600,818.40600,811.99460,600.75630,-92.03280,430.73760,430.73760,1.88510,1.88510,0.62660,0.20570,0.34650,104.04470,-5.04760,-5.04760,55.26870,44.53440,0.13820,-0.75900,2.28390,39.40620,10.07090,47.44140,6.20160,7.99970,18.86630,1.4627,-0.18
2018-09-30,1130.08000,140.44800,989.63200,371.68000,-237.15200,788.35200,201.27990,-842.65600,-641.37600,-204.00000,-437.37600,-437.37600,-437.66400,269.34260,201.27990,430.73800,430.73800,-1.01600,-1.01600,0.44540,0.25590,0.81920,87.57190,17.81110,17.81110,-56.75490,-38.72860,0.14190,1.55030,1.87360,48.03650,-12.32120,-292.17600,-5.49170,-9.16840,18.31400,0.3771,0.0729
2018-06-30,1449.72700,89.67430,1360.05300,567.05680,-294.91630,1077.39070,282.66240,-800.74680,-518.08450,-156.39960,-361.68490,-361.68490,-362.50760,459.35580,282.66240,430.73760,430.73760,-0.84220,-0.84220,0.47370,0.18900,0.52460,93.81440,19.49760,19.49760,-35.73670,-25.00520,0.14410,0.87050,2.09540,42.95030,-6.83670,-51.39680,-3.59550,-5.54470,27.29380,0.5696,-0.0788
2018-03-31,1562.52800,186.80300,1375.72500,478.20550,-297.25580,1013.01200,362.71360,-115.18670,247.52670,70.34380,177.18290,177.18290,176.11400,597.41350,362.71360,430.73760,430.73760,0.40970,0.40970,0.49410,0.13340,0.35490,88.04480,23.21330,23.21330,15.84140,11.27110,0.13760,1.82310,2.27340,39.58790,2.69320,15.07970,1.56000,2.33380,33.94170,1.08720,0.42140
2017-12-31,1021.62000,128.57190,893.04810,377.78510,-240.07080,718.75220,174.29590,-11.85080,162.44490,47.52810,114.91680,114.91680,112.51150,295.03310,174.29580,193.83200,193.83200,0.60350,0.60350,0.82950,0.27460,0.51240,87.41490,17.06070,17.06070,15.90070,11.01310,0.29370,1.14820,1.67020,53.88540,7.96770,11.33780,3.30380,5.77950,7.32590,1.3674,0.3669
2017-09-30,970.97800,121.39400,849.58400,347.88400,-217.03600,665.89800,183.68600,-0.92800,182.75800,63.51000,119.24800,119.24800,117.50800,264.99040,183.68600,193.90760,193.90760,0.60600,0.60600,0.93220,0.25890,0.45870,87.49780,18.91760,18.91760,18.82210,12.10200,0.28850,1.07280,1.85270,48.57770,7.98480,11.08060,3.54270,5.91760,7.70480,1.0998,0.3286
2017-06-30,1010.65600,114.32960,896.32620,367.87080,-230.06280,707.60580,188.72040,-24.49920,164.22120,57.48380,106.73740,106.73740,105.90800,298.22530,188.72040,193.83000,193.83000,0.54500,0.54500,0.85330,0.24920,0.39970,88.68760,18.67310,18.67310,16.24900,10.47910,0.30370,1.43250,1.77550,50.69000,7.07760,10.29100,3.20710,5.31410,7.78060,1.7212,0.9374
2017-03-31,942.01380,92.20770,849.80610,336.36960,-221.66910,664.94340,184.86270,7.92360,192.78630,67.15890,125.62740,125.62740,124.92450,291.76740,184.86270,193.83200,193.83200,0.64550,0.64550,1.02100,0.27880,0.42270,90.21160,19.62420,19.62420,20.46530,13.26140,0.30170,1.17410,1.60360,56.12330,9.02500,13.65560,4.02290,6.50910,7.07040,1.83560,1.05690
2016-12-31,929.16080,121.76620,807.39470,340.39940,-207.08630,657.71810,149.67660,-36.05830,113.61830,14.89610,98.72220,98.72220,98.33300,268.78620,149.67660,193.83000,193.83000,0.51090,0.51090,0.94250,0.30310,0.59930,86.89500,16.10880,16.10880,12.22810,10.58300,0.28640,1.40740,1.59810,56.31610,7.33590,11.86900,3.04340,5.11230,6.94290,1.7703,0.7945
2016-09-30,899.54200,127.16600,772.37600,348.73500,-196.31000,651.64200,120.73390,-42.61200,78.12200,27.33600,50.78600,50.78600,49.98200,217.49130,120.73390,193.72900,193.72900,0.25800,0.25800,0.57500,0.02090,0.45560,85.86330,13.42170,13.42170,8.68460,5.55640,0.31230,0.84620,1.49080,60.37090,4.12430,7.01660,1.76300,4.03810,6.25470,1.0352,0.2262
2016-06-30,912.38400,139.81440,772.56960,329.89440,-214.36800,651.20000,121.36960,-34.42560,86.94400,30.48320,56.46080,56.46080,56.32000,229.26970,121.36960,194.20700,194.20700,0.29000,0.29000,0.59520,0.01940,0.38360,84.67590,13.30250,13.30250,9.52930,6.17280,0.31100,0.80440,1.46440,61.45830,4.56020,8.04490,1.92430,4.47170,6.28890,0.6504,-0.261
2016-03-31,868.88020,131.66330,737.21690,311.14080,-191.04770,598.02600,139.19090,-38.82290,100.36800,35.19850,65.16950,65.16950,64.47250,235.02840,139.19090,194.73700,194.73700,0.33110,0.33110,0.69370,0.07460,0.26280,84.84680,16.01960,16.01960,11.55140,7.42020,0.30520,0.67390,1.49980,60.00960,4.99090,8.44320,2.28930,4.61840,6.63240,0.51360,-0.11600
2015-12-31,1295.37300,-777.70000,2073.07300,1692.09000,,1823.18000,249.89310,-92.89000,79.66000,17.27000,62.39000,71.48200,71.48200,391.48310,249.89310,193.83200,193.83200,0.37000,0.37000,0.67940,0.07600,0.27820,154.06450,19.29120,19.29120,6.14960,5.51830,0.30950,-3.25960,1.70110,52.90680,3.73090,6.60230,1.70810,3.44720,,1.1847,0.0309
2015-09-30,1092.78300,422.62000,670.16300,396.33000,,522.27000,147.89290,-13.74000,133.95000,47.39000,86.56000,86.58800,86.58800,266.67300,147.89290,200.25000,200.25000,0.43000,0.43000,0.66650,0.03210,0.22680,61.30860,13.53360,13.53360,12.25770,7.92360,0.29680,1.75240,1.79780,50.06250,4.81040,8.80760,2.35190,4.65590,,0.4231,-0.1265
2015-06-30,1075.00100,623.28000,451.72090,173.51000,,288.99000,162.73100,-3.36000,160.76000,56.01000,104.75000,103.65800,103.65800,307.16090,162.73100,193.39100,193.39100,0.54000,0.54000,0.65020,0.03460,0.22400,42.15070,15.13780,15.13780,14.95440,9.64260,0.31050,7.62700,1.87910,47.89500,5.84120,11.19770,2.99370,5.63910,,1.5027,1.0102
2015-03-31,993.48700,368.38000,625.10700,351.66000,,462.00000,163.10700,-9.91000,183.44000,63.41000,120.03000,115.11500,115.11500,241.15700,163.10700,186.90900,186.90900,0.59000,0.59000,0.84400,0.03540,0.07090,65.96560,16.41760,16.41760,18.46430,11.58700,0.31950,,1.96500,45.80140,6.32340,9.51120,3.70170,6.09970,,0.71310,0.04130
2014-12-31,1134.67600,576.33000,558.34600,244.06000,,349.64000,208.70600,28.67000,192.06000,68.75000,123.31000,127.49300,127.49300,294.33600,208.70600,194.15100,194.15100,0.66000,0.66000,0.70280,0.01690,0.02930,45.21470,18.39340,18.39340,16.92640,11.23610,0.34800,6.45170,1.91030,47.11240,22.23920,10.90270,3.91000,6.84950,,1.4131,-1.7107
2014-09-30,1006.18900,355.92000,650.26900,454.94000,,556.85000,93.41900,29.37000,157.29000,54.76000,102.53000,98.07100,98.07100,166.30900,93.41900,195.57100,195.57100,0.50000,0.50000,0.93430,0.01860,0.02130,68.05580,9.28440,9.28440,15.63230,9.74680,0.33730,2.69600,1.89280,47.54880,5.91500,6.75360,3.28780,5.80490,,0.9352,2.6629
2014-06-30,990.51800,378.36000,612.15800,339.96000,,435.91000,176.24800,-20.02000,177.37000,61.77000,115.60000,111.75200,111.75200,215.35800,176.24800,191.23200,191.23200,0.58000,0.58000,0.95990,0.02080,0.02330,63.93620,17.79350,17.79350,17.90680,11.28220,0.33690,2.94970,2.33210,38.59160,6.98790,7.97100,3.80070,6.84210,,0.4553,-0.2911
2014-03-31,932.95900,297.61000,635.34900,411.41000,,509.77000,125.57900,-8.65000,179.01000,58.43000,120.58000,111.09000,111.09000,223.93900,125.57900,196.68100,196.68100,0.56000,0.56000,1.06740,0.02020,0.02060,74.75570,13.46030,13.46030,19.18730,11.90730,0.29250,2.11150,2.35140,38.27530,6.36590,7.19640,3.48300,6.23750,,0.84730,-0.13400
2013-12-31,945.86100,279.43000,666.43100,672.84000,,796.61000,-130.17900,45.17000,237.40000,86.93000,150.47000,111.32300,111.32300,15.62100,-130.17900,195.11100,195.11100,0.57000,0.57000,1.07750,0.01790,0.01950,104.54390,-13.76300,-13.76300,25.09880,11.76950,0.22200,,1.71970,52.33520,5.01510,5.73830,2.61290,4.92510,,2.0974,0.9545
2013-09-30,1203.21900,382.68000,820.53900,529.74000,,661.32000,159.21900,7.02000,245.88000,86.40000,159.48000,147.14700,147.14700,274.57900,159.21900,197.27900,197.27900,0.75000,0.75000,1.32280,0.01640,0.01750,74.81430,13.23280,13.23280,20.43520,12.22940,0.30450,1.95760,2.07270,43.42100,6.66840,7.58610,3.72430,6.55880,,1.3859,0.7769
2013-06-30,1209.58600,398.52000,811.06600,528.04000,,663.69000,147.37610,-15.53000,196.19000,69.35000,126.84000,118.61200,118.61200,277.21610,147.37610,194.62700,194.62700,0.61000,0.61000,1.32140,0.01050,0.01500,72.37270,12.18400,12.18400,16.21960,9.80600,0.31450,2.69090,2.56010,35.15520,5.36170,6.15490,3.08360,5.30560,,1.9557,1.295
2013-03-31,1171.44300,466.20000,705.24300,388.60000,,526.80000,178.44300,30.20000,250.00000,87.40000,162.60000,154.93000,154.93000,316.64300,178.44300,198.02500,198.02500,0.78000,0.78000,1.28400,0.00890,0.01400,63.73340,15.23280,15.23280,21.34120,13.22560,0.31470,4.31670,2.64670,34.00420,7.04160,8.16620,4.16210,6.97880,,1.30080,0.56860
2012-12-31,1208.30000,1075.74000,132.56010,-164.95000,,120.95000,11.61000,153.99000,259.80000,89.26000,170.54000,157.48400,157.48300,168.62990,11.61000,197.02200,197.02200,0.80000,0.80000,1.18750,0.00980,0.01420,18.76690,0.96090,0.96090,21.50130,13.03340,0.30730,7.69710,2.08080,43.25330,7.02150,8.25130,4.00500,6.95240,,2.0682,1.4189
2012-09-30,1231.00600,522.72000,708.28600,362.63000,,508.33000,199.95590,12.41000,210.83000,73.83000,137.00000,134.16500,134.16500,199.95590,199.95590,196.87600,196.87600,0.68000,0.68000,1.14990,0.01070,0.01480,57.41320,16.24330,16.24330,17.12660,10.89880,0.34990,3.14970,2.94220,30.58890,6.61950,7.92080,3.81400,6.54840,,3.5677,1.4691
2012-06-30,1147.84100,435.60000,712.24100,414.61000,,559.73000,152.51100,12.63000,203.13000,70.86000,132.27000,126.17700,126.17700,152.51100,152.51100,196.87600,196.87600,0.65000,0.65000,1.05140,0.01170,0.01540,65.35920,13.28680,13.28680,17.69670,10.99260,0.33260,,2.74610,32.77380,,7.84740,3.65650,6.38770,,-1.5499,-0.544
2012-03-31,1159.00100,411.74000,747.26100,392.12000,,392.12000,355.14100,-126.70000,252.49000,89.08000,163.41000,157.66600,157.66600,497.08100,355.14100,193.88900,193.88900,0.81000,0.81000,1.10780,0.01290,0.01580,66.55130,30.64200,30.64200,21.78510,13.60360,0.31750,3.26160,2.82280,31.88360,7.69730,9.25770,4.31950,7.59790,,1.54990,0.54400
2011-12-31,1086.40500,871.58000,214.82500,-254.34000,,177.26000,37.56490,86.83000,263.88000,97.19000,166.69000,127.68800,127.68800,285.32500,37.56490,196.74300,196.74300,0.65000,0.65000,0.98750,0.01390,0.01640,32.61030,3.45770,3.45770,24.28930,11.75330,0.29210,6.69720,2.49970,36.00400,6.44100,7.87620,3.43300,6.35140,,2.5804,1.8911
2011-09-30,1019.28200,550.73000,468.55200,332.02000,,332.02000,136.53200,-38.97000,225.92000,79.39000,146.53000,128.63900,128.63900,136.53200,136.53200,197.37700,197.37700,0.65000,0.65000,0.97250,0.01710,0.01980,58.56280,13.39490,13.39490,22.16460,12.62060,0.32190,4.15430,2.79080,32.24890,7.26940,8.10460,4.06220,7.14500,,4.0787,2.1271
2011-06-30,1083.84500,254.55000,829.29500,502.25000,,594.61000,234.68490,-26.95000,222.70000,77.91000,144.79000,142.09600,142.09600,234.68490,234.68490,196.87600,196.87600,0.72000,0.72000,0.83090,0.01990,0.02870,77.89580,21.65300,21.65300,20.54720,13.11040,0.36650,,2.94730,30.53630,,8.79830,4.80560,8.62300,,-1.4153,-0.6549
2011-03-31,1011.43400,492.80000,518.63400,294.63000,,294.63000,224.00400,-1.49000,243.40000,84.21000,159.19000,153.76000,153.76000,314.46400,224.00400,196.87600,196.87600,0.78000,0.78000,0.93460,0.01860,0.02730,53.34310,22.14720,22.14720,24.06480,15.20220,0.32260,5.34430,2.61800,34.37750,8.69660,9.75410,4.90390,8.53500,,1.41530,0.65490
2010-12-31,1054.53900,521.51000,533.02890,318.87000,,318.87000,214.15890,-24.93000,197.28000,64.63000,132.65000,128.70700,128.70700,316.99890,214.15890,196.79900,196.79900,0.65000,0.65000,0.80670,0.01870,0.02560,51.30680,20.30830,20.30830,18.70770,12.20510,0.34380,4.65470,2.83840,31.70750,7.88910,8.97350,4.19570,7.74180,,1.5749,0.971
2010-09-30,951.05400,492.91000,458.14400,268.00000,,268.00000,190.14400,-21.16000,178.50000,64.26000,114.24000,112.09700,112.09700,190.14400,190.14400,197.33300,197.33300,0.57000,0.57000,0.77480,0.01300,0.15700,49.17390,19.99300,19.99300,18.76870,11.78660,0.32590,5.45620,3.08330,29.18920,7.60600,8.75140,3.84180,7.50750,,3.2951,1.5631
2010-06-30,880.80300,448.46000,432.34300,243.37000,,243.37000,188.97300,-15.67000,183.75000,66.82000,116.93000,115.30700,115.30700,188.97300,188.97300,197.39100,197.39100,0.58000,0.58000,0.67130,0.01370,0.16250,50.27340,21.45460,21.45460,20.86170,13.09110,0.31970,,3.00900,29.91000,,8.39890,4.18490,8.28410,,-1.2869,-0.6132
2010-03-31,847.98900,422.94000,425.04900,226.89000,,226.89000,198.15900,-28.23000,171.21000,63.25000,107.96000,107.27100,107.27100,276.83900,198.15900,198.65000,198.65000,0.54000,0.54000,0.78620,0.00720,0.14680,50.27660,23.36810,23.36810,20.19010,12.65010,0.29510,7.25580,3.09850,29.04660,6.91570,7.94370,3.73340,6.86590,,1.28690,0.61320
2009-12-31,871.50100,433.24000,438.26100,253.24000,,253.24000,185.02100,-23.11000,178.00000,65.34000,112.66000,103.33700,103.33700,276.69100,185.02100,196.55200,196.55200,0.53000,0.53000,0.70590,0.01040,0.14850,52.13190,21.23020,21.23020,20.42450,11.85740,0.30450,6.62350,2.78370,32.33080,6.94410,8.07290,3.61020,6.87200,,1.4141,0.872
2009-09-30,815.33900,403.17000,412.16900,220.69000,,220.69000,191.47900,-65.71000,123.83000,43.45000,80.38000,79.51300,79.51300,191.47900,191.47900,196.87600,196.87600,0.40000,0.40000,0.86860,0.13580,0.44870,50.31530,23.48460,23.48460,15.18760,9.75210,0.28240,5.87800,2.94640,30.54530,5.95180,7.00450,2.75360,5.14340,,3.0891,1.633
2009-06-30,764.74100,396.77000,367.97100,214.66000,,214.66000,153.31100,-31.20000,144.18000,48.68000,95.50000,92.03000,92.03000,153.31100,153.31100,196.80000,196.80000,0.47000,0.47000,0.81030,0.13920,0.48960,51.00420,20.04740,20.04740,18.85340,12.03410,0.27560,,2.76820,32.51220,,7.26060,3.31610,6.25000,,-1.2283,-0.7025
2009-03-31,764.93300,408.67000,356.26300,217.26000,,217.26000,139.00300,-26.69000,150.80000,57.08000,93.72000,88.95800,88.95800,221.92300,139.00300,197.68400,197.68400,0.45000,0.45000,0.73630,0.14020,0.49390,51.60710,18.17190,18.17190,19.71420,11.62950,0.26860,6.57130,2.17040,41.46720,7.19590,8.73240,3.12420,6.18670,,1.22830,0.70250
