Date,revenue,cost-goods-sold,gross-profit,selling-general-administrative-expenses,operating-expenses,operating-income,total-non-operating-income-expense,pre-tax-income,total-provision-income-taxes,income-after-taxes,income-from-continuous-operations,income-from-discontinued-operations,net-income,basic-shares-outstanding,shares-outstanding,eps-basic-net-earnings-per-share,eps-earnings-per-share-diluted,long-term-debt-capital,debt-equity-ratio,pre-tax-profit-margin,net-profit-margin,asset-turnover,roe,return-on-tangible-equity,roa,roi,book-value-per-share,operating-cash-flow-per-share,free-cash-flow-per-share
2024-03-31,7630.00000,2812.00000,4818.00000,3274.00000,3402.00000,1416.00000,-51.00000,1365.00000,232.00000,1133.00000,1133.00000,67.00000,1091.00000,1335.09100,1346.90400,0.82000,0.81000,0.39820,1.10750,31.61190,25.26630,0.00810,2.16300,3.09030,0.21180,1.15470,44.13210,-0.73500,-0.73500
2023-12-31,9235.00000,2723.00000,6512.00000,5052.00000,11338.00000,-4826.00000,-190.00000,-5016.00000,-31.00000,-4985.00000,-4985.00000,,-5167.00000,1331.96300,1331.96300,-3.88000,-3.86000,0.39640,1.07580,-84.44440,-86.98650,0.01110,-9.48080,-13.54250,-0.93120,-5.07790,44.42610,1.814,1.814
2023-09-30,8337.00000,2665.00000,5672.00000,3996.00000,4169.00000,1503.00000,-75.00000,1428.00000,245.00000,1183.00000,1183.00000,,1071.00000,1333.52200,1340.57400,0.80000,0.80000,0.39940,1.04370,27.59420,20.69570,0.00950,2.13790,4.19520,0.21800,1.14590,46.49360,1.7885,1.7885
2023-06-30,8469.00000,2551.00000,5918.00000,4057.00000,4232.00000,1686.00000,-54.00000,1632.00000,287.00000,1345.00000,1345.00000,,1234.00000,1331.95300,1337.30700,0.93000,0.92000,0.41270,1.08670,30.33460,22.93680,0.00970,2.35930,4.51830,0.24250,1.24040,47.80940,2.7893,2.7893
2023-03-31,7205.00000,1917.00000,5288.00000,3315.00000,3461.00000,1827.00000,-56.00000,1771.00000,361.00000,1410.00000,1410.00000,105.00000,1410.00000,1328.60200,1339.48000,1.06000,1.05000,0.52840,1.49970,37.00380,29.46090,0.00830,2.53050,4.94010,0.24550,1.06580,46.84520,0.08810,0.08810
2022-12-31,7465.00000,1257.00000,6208.00000,3868.00000,4075.00000,2133.00000,-114.00000,2019.00000,337.00000,1682.00000,1682.00000,,1610.00000,1328.12000,1338.46200,1.21000,1.20000,0.41650,1.10060,35.16810,28.04390,0.01030,3.12270,6.44590,0.30290,1.62140,45.62530,2.6327,2.6327
2022-09-30,6471.00000,624.00000,5847.00000,3600.00000,3785.00000,2062.00000,-62.00000,2000.00000,363.00000,1637.00000,1637.00000,,1536.00000,1326.53900,1336.65900,1.16000,1.15000,0.33890,0.93500,35.63160,27.36510,0.01020,3.02380,6.18250,0.29850,1.77970,45.83400,2.8252,2.8252
2022-06-30,5921.00000,266.00000,5655.00000,3440.00000,3630.00000,2025.00000,-121.00000,1904.00000,372.00000,1532.00000,1532.00000,,1454.00000,1330.16000,1338.86400,1.09000,1.09000,0.32490,0.69930,34.71920,26.51350,0.01010,2.71990,5.15840,0.28100,1.64170,47.49650,2.9611,2.9611
2022-03-31,5499.00000,174.00000,5325.00000,3178.00000,3363.00000,1962.00000,-216.00000,1746.00000,330.00000,1416.00000,1416.00000,,1327.00000,1329.03700,1341.56300,1.00000,0.99000,0.34180,0.59840,32.21400,24.48340,0.01000,2.42590,4.41750,0.26030,1.43300,48.85330,-0.14010,-0.14010
2021-12-31,5734.00000,168.00000,5566.00000,3196.00000,3385.00000,2181.00000,-212.00000,1969.00000,367.00000,1602.00000,1602.00000,,1524.00000,1337.14400,1349.37800,1.15000,1.13000,0.34140,0.59480,34.73280,26.88310,0.01050,2.55920,4.31430,0.29600,1.52300,52.16910,3.5581,3.5581
2021-09-30,5791.00000,193.00000,5598.00000,3107.00000,3299.00000,2299.00000,-172.00000,2127.00000,423.00000,1704.00000,1704.00000,,1616.00000,1334.82500,1346.85400,1.21000,1.20000,0.35450,0.62500,35.91690,27.28810,0.01120,2.73840,4.42650,0.32160,1.59640,51.61470,-0.1571,-0.1571
2021-06-30,5848.00000,198.00000,5650.00000,3091.00000,3280.00000,2370.00000,-297.00000,2073.00000,415.00000,1658.00000,1658.00000,,1559.00000,1338.30200,1349.49200,1.16000,1.16000,0.35720,0.63830,34.07300,25.62460,0.01170,2.68880,4.24410,0.31760,1.55970,51.19680,2.4719,2.4719
2021-03-31,5691.00000,209.00000,5482.00000,3323.00000,3517.00000,1965.00000,-141.00000,1824.00000,351.00000,1473.00000,1473.00000,,1334.00000,1345.66600,1358.93200,0.99000,0.98000,0.35740,0.64300,33.56640,24.54910,0.01050,2.42460,3.84290,0.28460,1.39450,50.47120,-0.02430,-0.02430
2020-12-31,5896.00000,245.00000,5651.00000,3476.00000,3702.00000,1949.00000,-308.00000,1641.00000,311.00000,1330.00000,1330.00000,,1228.00000,1347.08000,1358.28900,0.92000,0.89000,0.35830,0.64430,29.97810,22.43330,0.01070,2.11570,3.20810,0.26120,1.20350,52.56790,1.7724,1.6996
2020-09-30,5833.00000,261.00000,5572.00000,3714.00000,3940.00000,1632.00000,-236.00000,1396.00000,255.00000,1141.00000,1141.00000,,1068.00000,1347.91600,1358.12200,0.79000,0.79000,0.36950,0.67530,27.10150,20.73380,0.01030,1.84260,2.76450,0.22860,1.02810,51.90420,0.3072,0.2122
2020-06-30,6311.00000,440.00000,5871.00000,4258.00000,4513.00000,1358.00000,-209.00000,1149.00000,191.00000,958.00000,958.00000,,902.00000,1347.51200,1355.83400,0.67000,0.67000,0.37950,0.69440,22.85660,17.94310,0.01000,1.55170,2.40050,0.19000,0.86290,51.11500,-0.0134,-0.1038
2020-03-31,6387.00000,776.00000,5611.00000,3981.00000,4217.00000,1394.00000,-107.00000,1287.00000,224.00000,1063.00000,1063.00000,,986.00000,1344.37200,1357.54500,0.73000,0.73000,0.49850,1.18610,27.27850,20.89870,0.00930,1.72950,2.88730,0.21000,0.80700,49.02630,3.40910,3.06730
2019-12-31,4210.00000,585.00000,3625.00000,2409.00000,2523.00000,1102.00000,-223.00000,879.00000,153.00000,726.00000,726.00000,,702.00000,805.10400,815.20400,0.72000,0.70000,0.38310,0.89480,25.44880,20.32430,0.00730,1.18130,1.98190,0.15350,0.67290,49.59000,-0.667,-0.7923
2019-09-30,3521.00000,518.00000,3003.00000,1859.00000,1923.00000,1080.00000,-34.00000,1046.00000,218.00000,828.00000,828.00000,,735.00000,766.16700,775.79100,0.96000,0.95000,0.44130,1.11210,36.24390,25.46780,0.01220,2.83120,3.96670,0.34970,1.43200,42.15440,2.2876,2.2207
2019-06-30,3558.00000,516.00000,3042.00000,1839.00000,1900.00000,1142.00000,-23.00000,1119.00000,234.00000,885.00000,885.00000,,842.00000,765.95800,774.60300,1.10000,1.09000,0.41610,1.03840,38.98960,29.33800,0.01240,3.08240,4.36990,0.38330,1.62670,41.46680,1.2064,1.1678
2019-03-31,3375.00000,477.00000,2898.00000,1782.00000,1843.00000,1055.00000,-80.00000,975.00000,177.00000,798.00000,798.00000,,749.00000,764.13500,774.07100,0.98000,0.97000,0.44470,1.00490,35.54500,27.30590,0.01200,2.86740,4.13410,0.35050,1.43490,40.32150,-0.96240,-1.00640
2018-12-31,3371.00000,431.00000,2940.00000,1700.00000,1854.00000,1086.00000,-76.00000,1010.00000,205.00000,805.00000,805.00000,,754.00000,772.96300,783.48400,0.98000,0.97000,0.44000,0.95720,36.14890,26.98640,0.01240,2.96770,4.35610,0.35670,1.49390,39.53490,1.742,1.2787
2018-09-30,3308.00000,382.00000,2926.00000,1826.00000,1859.00000,1067.00000,-18.00000,1049.00000,210.00000,839.00000,839.00000,,789.00000,771.56200,781.86700,1.02000,1.01000,0.43640,1.09600,37.58510,28.26940,0.01250,3.11270,4.60810,0.37640,1.57580,38.93880,1.9927,1.9927
2018-06-30,3216.00000,337.00000,2879.00000,1800.00000,1831.00000,1048.00000,-24.00000,1024.00000,202.00000,822.00000,822.00000,,775.00000,775.83600,785.75000,1.00000,0.99000,0.44670,0.92710,37.31780,28.24340,0.01230,3.06960,4.46130,0.36910,1.52470,38.52040,1.4267,1.4267
2018-03-31,3101.00000,288.00000,2813.00000,1775.00000,1808.00000,1005.00000,-28.00000,977.00000,186.00000,791.00000,791.00000,,745.00000,779.61700,791.00500,0.96000,0.94000,0.44110,0.93490,36.68800,27.97600,0.01210,2.97270,4.33500,0.35840,1.49040,38.04030,0.38940,0.38940
2017-12-31,3123.00000,254.00000,2869.00000,1817.00000,1971.00000,898.00000,-22.00000,876.00000,209.00000,667.00000,667.00000,,614.00000,799.21700,810.97700,0.78000,0.77000,0.44330,0.96270,32.07620,22.48260,0.01230,2.50360,3.64280,0.30090,1.25040,37.97290,2.0446,2.0446
2017-09-30,3043.00000,230.00000,2813.00000,1790.00000,1824.00000,989.00000,-47.00000,942.00000,294.00000,648.00000,648.00000,,597.00000,794.55800,806.12400,0.75000,0.74000,0.41140,0.96400,35.05770,22.21810,0.01220,2.41790,3.51300,0.29410,1.27770,37.84030,1.8547,1.8547
2017-06-30,3044.00000,189.00000,2855.00000,1831.00000,1867.00000,988.00000,-10.00000,978.00000,304.00000,674.00000,674.00000,,631.00000,808.98000,819.38900,0.78000,0.77000,0.41730,0.91860,35.95590,23.19850,0.01230,2.46920,3.56670,0.30470,1.29400,37.55630,1.624,1.624
2017-03-31,2946.00000,166.00000,2780.00000,2176.00000,2214.00000,566.00000,-36.00000,530.00000,104.00000,426.00000,426.00000,,378.00000,809.90300,822.71900,0.47000,0.46000,0.41880,0.78780,20.13680,14.36170,0.01190,1.57940,2.30260,0.19320,0.82460,37.00530,0.19200,0.19200
2016-12-31,2907.00000,180.00000,2727.00000,1746.00000,1784.00000,943.00000,-13.00000,930.00000,287.00000,643.00000,643.00000,,592.00000,804.68000,814.91600,0.73000,0.71000,0.42330,0.78100,35.79680,22.78680,0.01180,2.39270,3.49800,0.29320,1.23910,36.96960,3.0486,3.0486
2016-09-30,2959.00000,185.00000,2774.00000,1778.00000,1816.00000,958.00000,-43.00000,915.00000,273.00000,642.00000,642.00000,,599.00000,812.52100,823.10600,0.74000,0.73000,0.43080,0.89200,34.84390,22.81040,0.01180,2.37440,3.42510,0.28840,1.21440,37.08420,-0.2714,-0.2714
2016-06-30,2935.00000,188.00000,2747.00000,1774.00000,1816.00000,931.00000,-92.00000,839.00000,252.00000,587.00000,587.00000,,541.00000,814.26100,823.68200,0.67000,0.66000,0.45100,0.87100,31.82850,20.52350,0.01190,2.19930,3.19180,0.26460,1.08350,36.51690,1.2098,1.2098
2016-03-31,2737.00000,192.00000,2545.00000,1674.00000,1706.00000,839.00000,-23.00000,816.00000,246.00000,570.00000,570.00000,,527.00000,781.19300,790.17600,0.67000,0.67000,0.44700,0.95450,34.56160,22.32110,0.01110,2.26330,3.13810,0.26840,1.11630,36.09380,-0.16450,-0.16450
2015-12-31,2710.00000,191.00000,2519.00000,1644.00000,1676.00000,843.00000,-50.00000,793.00000,251.00000,542.00000,542.00000,,502.00000,748.01000,757.76500,0.64000,0.63000,0.46510,1.00080,33.17990,21.00420,0.01140,2.19110,3.14640,0.25820,1.06050,35.03610,1.6746,1.6746
2015-09-30,2638.00000,186.00000,2452.00000,1591.00000,1620.00000,832.00000,-77.00000,755.00000,222.00000,533.00000,533.00000,,492.00000,764.43500,774.02300,0.64000,0.64000,0.47720,1.00730,32.14130,20.94510,0.01120,2.16130,3.09560,0.25530,1.02210,34.94710,2.4273,2.4273
2015-06-30,2508.00000,177.00000,2331.00000,1702.00000,1725.00000,606.00000,-25.00000,581.00000,80.00000,501.00000,501.00000,,454.00000,724.88000,734.52700,0.63000,0.62000,0.48080,1.08050,26.00720,20.32230,0.01170,2.22380,3.02440,0.26230,1.03510,34.26400,0.8407,0.8407
2015-03-31,2490.00000,181.00000,2309.00000,1487.00000,1508.00000,801.00000,-13.00000,788.00000,241.00000,547.00000,547.00000,,488.00000,721.63900,731.51100,0.68000,0.67000,0.48650,1.07390,35.65610,22.08150,0.01170,2.47120,3.31640,0.28910,1.13540,34.20820,-0.81070,-0.81070
2014-12-31,2540.00000,183.00000,2357.00000,1437.00000,1459.00000,898.00000,-18.00000,880.00000,277.00000,603.00000,603.00000,,551.00000,718.14000,728.37200,0.76000,0.76000,0.48880,1.10880,38.69830,24.23040,0.01220,2.76940,3.73170,0.32270,1.26440,33.82420,2.3468,2.3468
2014-09-30,2490.00000,192.00000,2298.00000,1543.00000,1566.00000,732.00000,-7.00000,725.00000,172.00000,553.00000,553.00000,,512.00000,720.11700,729.98900,0.71000,0.70000,0.47900,1.05860,32.02300,22.61480,0.01210,2.54710,3.46170,0.29570,1.18490,33.75550,0.8564,0.8564
2014-06-30,2495.00000,194.00000,2301.00000,1572.00000,1595.00000,706.00000,-13.00000,693.00000,216.00000,477.00000,477.00000,,424.00000,719.08000,728.45200,0.59000,0.58000,0.47780,1.08100,31.11810,19.03910,0.01180,2.23290,3.05950,0.25370,1.03940,33.30400,0.3313,0.3313
2014-03-31,2473.00000,199.00000,2274.00000,1414.00000,1437.00000,837.00000,-8.00000,829.00000,256.00000,573.00000,573.00000,,496.00000,712.84200,724.28300,0.70000,0.68000,0.49820,1.13220,37.44350,22.40290,0.01200,2.73470,3.77520,0.31030,1.22070,32.78510,0.87260,0.87260
2013-12-31,2650.00000,204.00000,2446.00000,1420.00000,1446.00000,1000.00000,-10.00000,990.00000,401.00000,589.00000,589.00000,,538.00000,703.04200,714.36300,0.76000,0.76000,0.48510,1.12370,41.49200,22.54820,0.01300,2.91500,4.09630,0.32180,1.32950,32.27900,4.9866,4.9866
2013-09-30,2544.00000,222.00000,2322.00000,1533.00000,1559.00000,763.00000,-4.00000,759.00000,450.00000,309.00000,309.00000,,268.00000,704.13400,716.10100,0.38000,0.37000,0.48010,1.14130,34.03590,12.01790,0.01230,1.58530,2.25220,0.17070,0.72710,31.34230,-0.7939,-0.7939
2013-06-30,2689.00000,228.00000,2461.00000,1610.00000,1637.00000,824.00000,-27.00000,797.00000,221.00000,576.00000,576.00000,,547.00000,702.08200,712.86100,0.78000,0.77000,0.46820,1.02540,34.75800,23.85520,0.01250,2.97010,4.21670,0.31520,1.39270,31.28900,2.6315,2.6315
2013-03-31,2660.00000,237.00000,2423.00000,1654.00000,1681.00000,742.00000,-5.00000,737.00000,481.00000,256.00000,256.00000,,210.00000,700.27500,711.02000,0.30000,0.29000,0.46320,1.01540,34.26310,9.76290,0.01190,1.33940,1.96560,0.14160,0.64740,30.26490,0.60620,0.60620
2012-12-31,2746.00000,250.00000,2496.00000,1701.00000,1729.00000,767.00000,-11.00000,756.00000,207.00000,549.00000,549.00000,,506.00000,698.73900,708.87700,0.72000,0.71000,0.47390,1.03560,33.68980,22.54900,0.01220,2.87330,4.18480,0.29760,1.36100,30.33040,1.4781,0.6892
2012-09-30,2683.00000,237.00000,2446.00000,1699.00000,1730.00000,716.00000,-43.00000,673.00000,177.00000,496.00000,496.00000,,469.00000,699.09100,709.87500,0.67000,0.66000,0.48350,1.08680,30.56310,21.29880,0.01210,2.63090,3.95760,0.27250,1.24770,29.35070,0.0644,0.9394
2012-06-30,2694.00000,266.00000,2428.00000,1668.00000,1697.00000,731.00000,-2.00000,729.00000,191.00000,538.00000,538.00000,,510.00000,698.57900,708.45400,0.73000,0.72000,0.54380,1.36090,33.82830,23.66590,0.01210,2.92920,4.78780,0.30140,1.29680,27.08380,1.049,0.9925
2012-03-31,2614.00000,307.00000,2307.00000,1639.00000,1661.00000,646.00000,-12.00000,634.00000,189.00000,445.00000,445.00000,,431.00000,697.68500,707.36900,0.62000,0.61000,0.56010,1.46540,31.40170,21.34720,0.01160,2.48850,4.16390,0.25460,1.09470,25.60230,2.64780,2.61820
2011-12-31,2691.00000,317.00000,2374.00000,1850.00000,1874.00000,500.00000,-16.00000,484.00000,84.00000,400.00000,400.00000,,391.00000,696.53200,705.16800,0.57000,0.55000,0.55500,1.45130,23.02570,18.60130,0.01200,2.28830,3.84800,0.22910,1.01830,25.07380,-0.0983,0.1511
2011-09-30,2440.00000,334.00000,2106.00000,1643.00000,1667.00000,439.00000,,439.00000,68.00000,371.00000,371.00000,,366.00000,697.05200,705.60400,0.52000,0.52000,0.55810,1.48830,23.65300,19.71980,0.01110,2.11500,3.52700,0.22130,0.93470,25.16280,0.6966,0.5947
2011-06-30,2477.00000,336.00000,2141.00000,1696.00000,1721.00000,420.00000,-2.00000,418.00000,91.00000,327.00000,327.00000,,307.00000,696.62500,704.96900,0.44000,0.44000,0.57830,1.65530,23.05570,16.93330,0.01140,1.91800,3.37220,0.20530,0.80880,24.46430,2.581,2.5016
2011-03-31,2390.00000,391.00000,1999.00000,1688.00000,1714.00000,285.00000,2.00000,287.00000,53.00000,234.00000,234.00000,,225.00000,695.30900,704.10100,0.32000,0.32000,0.57540,1.66630,17.29960,13.56240,0.01060,1.40370,2.53110,0.14900,0.59600,23.94140,2.88450,2.81640
2010-12-31,2719.00000,423.00000,2296.00000,2032.00000,2060.00000,236.00000,-4.00000,232.00000,15.00000,217.00000,217.00000,,208.00000,692.48900,701.03900,0.31000,0.29000,0.56840,1.66100,14.03510,12.58320,0.01050,1.31530,2.37110,0.13810,0.56760,23.75930,0.7927,2.0889
2010-09-30,2872.00000,448.00000,2424.00000,2138.00000,2168.00000,256.00000,-10.00000,246.00000,27.00000,219.00000,219.00000,,210.00000,693.01700,701.53500,0.30000,0.30000,0.56840,1.66380,14.87300,12.69650,0.01050,1.30460,2.26850,0.13930,0.56300,24.20410,0.3854,0.3228
2010-06-30,2858.00000,459.00000,2399.00000,2080.00000,2112.00000,287.00000,-38.00000,249.00000,25.00000,224.00000,224.00000,,210.00000,692.11300,701.32200,0.30000,0.30000,0.56880,1.68260,14.23670,12.00690,0.01130,1.33810,2.37310,0.14440,0.57690,24.16360,2.0441,1.9557
2010-03-31,2623.00000,465.00000,2158.00000,1867.00000,1899.00000,259.00000,-17.00000,242.00000,48.00000,194.00000,194.00000,,188.00000,690.79200,698.67500,0.27000,0.27000,0.56450,1.72120,15.28740,11.87620,0.00970,1.17380,2.15630,0.11850,0.51110,23.88890,0.91170,0.53530
2009-12-31,2790.00000,497.00000,2293.00000,2041.00000,2077.00000,216.00000,-9.00000,207.00000,13.00000,194.00000,194.00000,,185.00000,629.58300,635.61900,0.25000,0.24000,0.56830,1.81530,13.20150,11.79850,0.00950,1.19450,2.22580,0.11700,0.51570,23.54620,0.5137,0.4302
2009-09-30,2685.00000,508.00000,2177.00000,1982.00000,2011.00000,166.00000,-18.00000,148.00000,-9.00000,157.00000,157.00000,,152.00000,665.40800,672.45700,0.23000,0.23000,0.56910,1.83830,10.08170,10.35420,0.00890,0.97260,1.80980,0.09500,0.41910,23.48110,7.4772,7.4216
2009-06-30,2633.00000,502.00000,2131.00000,1859.00000,1883.00000,248.00000,1.00000,249.00000,41.00000,208.00000,208.00000,,121.00000,602.72600,608.79700,0.20000,0.20000,0.55040,2.07820,17.41260,8.46150,0.00940,1.40620,2.54000,0.13650,0.63220,22.82480,7.6841,7.6222
2009-03-31,2710.00000,533.00000,2177.00000,1708.00000,1733.00000,444.00000,-12.00000,432.00000,114.00000,318.00000,318.00000,,271.00000,559.80100,563.56600,0.48000,0.48000,0.52600,1.95750,28.78080,18.05460,0.01050,2.42800,3.24360,0.22170,0.93150,28.86740,-16.45060,-16.52340
