Date,revenue,cost-goods-sold,gross-profit,selling-general-administrative-expenses,other-operating-income-expenses,operating-expenses,operating-income,total-non-operating-income-expense,pre-tax-income,total-provision-income-taxes,income-after-taxes,income-from-continuous-operations,net-income,ebitda,ebit,basic-shares-outstanding,shares-outstanding,eps-basic-net-earnings-per-share,eps-earnings-per-share-diluted,current-ratio,long-term-debt-capital,debt-equity-ratio,gross-margin,operating-margin,ebit-margin,pre-tax-profit-margin,net-profit-margin,asset-turnover,receiveable-turnover,days-sales-in-receivables,roe,return-on-tangible-equity,roa,roi,book-value-per-share,operating-cash-flow-per-share,free-cash-flow-per-share
2023-09-30,183.82200,80.17800,103.64400,123.02200,,123.02200,-19.37800,-17.90900,-37.28700,-10.24100,-27.04600,-27.04600,-27.04600,3.09500,-19.37800,34.84900,34.84900,-0.78000,-0.78000,1.16390,0.43940,0.96010,56.38280,-10.54170,-10.54170,-20.28430,-14.71320,0.17670,0.84350,106.69210,-6.81090,13.87370,-2.59960,-3.81810,11.29270,1.408,1.1305
2023-06-30,251.42100,91.33600,160.08500,129.37800,,129.37800,30.70700,-18.15700,12.55000,-3.42800,15.97800,15.97800,15.97800,52.76600,30.70700,34.57500,36.86300,0.46000,0.43000,1.30030,0.47340,1.07200,63.67210,12.21340,12.21340,4.99160,6.35510,0.22830,1.01570,88.60820,3.95180,-8.11990,1.45090,2.08110,11.72740,0.6925,0.4512
2023-03-31,245.55500,90.74700,154.80800,124.02300,,124.02300,30.78500,-16.97500,13.81000,4.49600,9.31400,9.31400,9.31400,47.57700,30.78500,34.60700,36.98200,0.27000,0.25000,1.30930,0.49270,1.14850,63.04410,12.53690,12.53690,5.62400,3.79300,0.20950,0.87750,102.55980,2.35770,-4.59040,0.79450,1.19600,11.34620,0.87370,0.73480
2022-12-31,279.36790,100.46300,178.90490,143.66500,-102.00000,245.66500,-66.76010,22.88000,-43.88000,6.56500,-50.44500,-50.44500,-50.44500,-51.29610,-66.76010,34.33600,36.50600,-1.48000,-1.37000,1.25900,0.51120,1.22900,64.03920,-23.89680,-23.89680,-15.70690,-18.05680,0.23720,0.94300,95.43900,-13.19630,23.09200,-4.28270,-6.45010,11.05010,1.1595,0.899
2022-09-30,280.65000,105.01100,175.63900,144.56100,,144.56100,31.07800,-11.55700,19.52100,6.24100,13.28000,13.28000,13.28000,59.13700,31.07800,34.26900,35.81100,0.39000,0.37000,1.30830,0.50690,1.19390,62.58290,11.07360,11.07360,6.95560,4.73190,0.21760,0.92640,97.15540,3.14750,-4.61070,1.02960,1.55200,12.23860,1.3357,1.0625
2022-06-30,333.99500,106.01300,227.98200,144.46300,-0.22200,144.68500,83.29700,-3.09500,80.20200,22.20000,58.00200,58.00200,58.00200,110.50500,83.29700,34.25100,36.13800,1.69000,1.61000,1.36220,0.53270,1.31000,68.25910,24.93960,24.93960,24.01290,17.36610,0.25300,1.07240,83.92220,14.09140,-18.20560,4.39300,6.58500,11.95300,0.802,0.6403
2022-03-31,308.37500,110.51900,197.85600,146.14900,,146.14900,51.70700,-8.57500,43.13200,9.62100,33.51100,33.51100,33.51100,75.11700,51.70700,34.16000,37.95800,0.98000,0.88000,1.25220,0.58350,1.59720,64.16080,16.76760,16.76760,13.98690,10.86700,0.22510,0.96070,93.67790,9.40160,-8.48960,2.44660,3.91600,10.41370,0.77260,0.66730
2021-12-31,244.43890,93.10900,151.32990,146.07600,,146.07600,5.25400,-1.15200,4.10200,-0.98600,5.08800,5.08800,5.08800,31.54000,5.25400,33.60700,36.49600,0.15000,0.10000,1.20680,0.61010,1.78730,61.90910,2.14940,2.14940,1.67810,2.08150,0.18800,0.83210,108.16100,1.61670,-1.15700,0.39120,0.63030,9.21700,1.443,1.426
2021-09-30,297.29000,104.16700,193.12300,127.32600,,127.32600,65.79700,-16.37100,49.42600,13.80200,35.62400,35.62400,35.62400,98.34700,65.79700,34.01400,37.62000,1.05000,0.95000,1.22060,0.64050,2.01150,64.96120,22.13230,22.13230,16.62550,11.98290,0.21580,0.94330,95.41440,11.70130,-7.52860,2.58620,4.20660,8.96350,1.001,0.858
2021-06-30,291.04700,112.60700,178.44000,120.49400,-3.61100,124.10500,54.33500,-21.86400,32.47100,8.11200,24.35900,24.35900,24.35900,85.74000,54.33500,33.62300,36.68700,0.72000,0.66000,1.16180,0.68180,2.40230,61.30970,18.66880,18.66880,11.15660,8.36940,0.20610,0.92590,97.20500,9.03180,-4.57020,1.72500,2.87380,8.00000,1.8121,1.5315
2021-03-31,280.60600,98.16000,182.44600,117.81900,,117.81900,64.62700,-16.31200,48.31500,11.80900,36.50600,36.50600,36.50600,84.77800,64.62700,33.10800,34.01300,1.10000,1.07000,1.33940,0.75460,3.38060,65.01860,23.03120,23.03120,17.21810,13.00970,0.18170,0.77110,116.71240,15.92790,-6.12510,2.36360,3.90850,6.91850,0.41760,0.30980
2020-12-31,246.92800,105.71700,141.21100,118.30800,-5.49700,123.80490,17.40610,-25.91200,-8.50600,-118.30600,109.80000,109.80000,109.80000,53.31310,17.40610,31.52300,33.79600,3.51470,3.28470,1.78250,0.74770,2.96380,57.18710,7.04910,7.04910,-3.44470,44.46640,0.20320,0.80750,111.45720,55.79980,-24.70420,9.03720,14.07740,5.97880,1.2297,0.9559
2020-09-30,240.32500,105.44400,134.88100,112.30800,-1.18400,113.49200,21.38900,-45.78400,-24.39500,-24.25000,-0.14500,-0.14500,-0.14500,57.11000,21.38900,30.85800,30.85800,-0.00470,-0.00470,1.69910,0.94560,17.40530,56.12440,8.90000,8.90000,-10.15080,-0.06030,0.19800,0.67880,132.59220,-0.39340,0.02290,-0.01190,-0.02140,1.19260,2.7626,2.6002
2020-06-30,303.61200,110.60500,193.00700,123.29900,-18.13200,141.43100,51.57600,-18.94800,32.62800,21.16400,11.46400,11.46400,11.46400,89.44900,51.57600,31.43600,33.80300,0.36000,0.34000,,,,63.57030,16.98750,16.98750,10.74660,3.77590,,,,,,,,,1.5922,1.4704
2020-03-31,318.57000,117.97600,200.59400,138.85400,-0.09800,138.95200,61.64200,-20.13100,41.51100,13.40900,28.10200,28.10200,28.10200,99.73200,61.64200,32.57800,35.02700,0.86000,0.80000,,,,62.96700,19.34960,19.34960,13.03040,8.82130,,,,,,,,,1.30310,1.08550
2019-12-31,,,,,,,,,,,,,,,,,,,0.00000,,,,,,,,,,,,,,,,,-5.6214,-5.2495
2019-09-30,319.11600,109.58800,209.52800,118.08200,-0.06000,168.61300,40.91500,-39.77700,1.13800,1.41000,-0.27200,-0.27200,-0.27200,40.91500,40.91500,33.46900,33.46900,-0.01000,-0.01000,,,,65.65890,12.82140,12.82140,0.35660,-0.08520,,,,,,,,,5.6214,5.2495
2018-12-31,,,,,,,,,,,,,,,,,,,0.00000,,,,,,,,,,,,,,,,,0,0
