Date,revenue,cost-goods-sold,gross-profit,selling-general-administrative-expenses,operating-expenses,operating-income,total-non-operating-income-expense,pre-tax-income,total-provision-income-taxes,income-after-taxes,income-from-continuous-operations,net-income,ebitda,ebit,basic-shares-outstanding,shares-outstanding,eps-basic-net-earnings-per-share,eps-earnings-per-share-diluted,current-ratio,long-term-debt-capital,debt-equity-ratio,gross-margin,operating-margin,ebit-margin,pre-tax-profit-margin,net-profit-margin,asset-turnover,inventory-turnover,receiveable-turnover,days-sales-in-receivables,roe,return-on-tangible-equity,roa,roi,book-value-per-share,operating-cash-flow-per-share,free-cash-flow-per-share
2023-09-30,449.05800,130.31200,318.74600,193.21100,224.90900,93.83700,-61.33200,32.50500,11.15600,21.34900,22.02000,-21.88600,137.83800,93.83700,83.16140,83.16140,-0.26000,-0.26000,1.25420,0.24780,0.33320,70.98100,20.89640,20.89640,7.23850,-4.87380,0.03530,,2.29380,39.23670,0.24570,-0.93170,0.17290,0.18480,51.86070,1.8481,2.6951
2023-06-30,410.37400,229.15200,181.22200,83.85700,93.88700,87.33500,-6.51000,80.82500,28.82400,52.00100,52.00100,52.00100,110.78800,87.33500,77.86100,79.29500,0.67000,0.67000,3.77520,0.29710,0.43970,44.16020,21.28180,21.28180,19.69550,12.67160,0.27230,103.08230,2.53400,35.51740,5.71870,5.71870,3.45010,4.01990,10.96770,0.989,0.3631
2023-03-31,297.55100,175.58400,121.96700,59.87200,68.85500,53.11200,-1.80000,51.31200,14.63400,36.67800,36.67800,36.67800,69.12300,53.11200,74.44100,89.25800,0.49000,0.43000,1.61490,0.39720,1.04480,40.99030,17.84970,17.84970,17.24480,12.32660,0.21460,44.07230,2.88050,31.24480,6.25170,6.25170,2.64490,3.76840,7.88080,0.14090,-0.23130
2022-12-31,289.24100,253.43300,35.80800,80.77300,83.95600,-48.14800,27.00000,-21.14800,28.07700,-49.22500,-49.22500,80.44800,-18.94700,-48.14800,74.45900,88.16300,1.09000,0.94000,1.16560,0.82790,4.84960,12.38000,-16.64630,-16.64630,-7.31150,27.81350,0.08080,,6.36420,14.14160,-8.65240,1.96160,-1.37470,-1.48930,,3.6935,1.4262
2022-09-30,340.69900,99.61900,241.08000,56.49700,71.44400,169.63600,-34.91900,134.71700,5.04400,129.67300,129.67300,,185.59700,169.63600,,,,0.00000,1.46390,0.45190,1.30600,70.76040,49.79060,49.79060,39.54140,,0.25560,40.42980,2.37800,37.84690,27.51760,27.51760,9.72730,15.08320,6.33420,-1.7158,-0.9005
2022-06-30,328.13500,196.88700,131.24800,52.47000,61.92000,69.32800,-4.90100,64.42700,15.32800,49.09900,49.09900,49.09900,91.33100,69.32800,74.29900,87.85700,0.66000,0.58000,1.59580,0.46840,1.39530,39.99820,21.12790,21.12790,19.63430,14.96310,0.25650,40.70440,1.85720,48.45930,11.13780,11.13780,3.83870,5.92100,5.94320,0.6446,0.1054
2022-03-31,333.44800,180.68500,152.76300,50.64700,60.35400,92.40900,-6.02400,86.38500,20.34400,66.04100,66.04100,66.04100,117.72500,92.40900,74.78100,87.57500,0.88000,0.77000,1.52500,0.49410,1.54050,45.81310,27.71320,27.71320,25.90660,19.80550,0.26780,19.63970,2.04330,44.04670,16.45090,16.45090,5.30300,8.32210,5.40000,1.07120,0.79510
2021-12-31,310.25690,170.98200,139.27490,49.54500,58.60100,80.67390,-1.41700,79.25700,18.36800,60.88900,60.88900,60.88900,98.41590,80.67400,76.32400,84.94300,0.80000,0.72000,1.50850,0.51380,1.62730,44.89020,26.00230,26.00230,25.54560,19.62540,0.25770,21.28500,1.81230,49.66090,16.25180,16.25180,5.05690,7.90120,5.00670,0.5353,0.3631
2021-09-30,255.85300,139.03900,116.81400,42.71700,52.87800,63.93600,-8.16800,55.76800,12.28200,43.48600,43.48600,43.48600,83.19200,63.93600,76.05800,84.26400,0.57000,0.52000,1.57570,0.51350,1.61650,45.65670,24.98940,24.98940,21.79690,16.99650,0.21930,19.01000,2.03950,44.12820,11.66590,11.66590,3.72750,5.67560,4.91690,0.6888,0.5432
2021-06-30,265.54000,155.99900,109.54100,52.34800,63.19000,46.35100,-8.61800,37.73300,8.53200,29.20100,29.20100,29.20100,74.01300,46.35100,76.25700,85.45200,0.38000,0.34000,1.56730,0.52330,1.67340,41.25220,17.45540,17.45540,14.20990,10.99680,0.22770,22.15270,2.33200,38.59390,8.09030,8.09030,2.50450,3.85670,4.74750,0.2303,0.1582
2021-03-31,263.52400,142.15400,121.37000,45.47200,56.31400,65.05600,-7.95200,57.10400,13.27200,43.83200,43.83200,43.83200,87.74400,65.05600,77.37600,85.68600,0.57000,0.51000,1.50980,0.52760,1.69390,46.05650,24.68690,24.68690,21.66940,16.63300,0.22390,16.92110,3.14620,28.60610,12.26820,12.26820,3.72390,5.79580,4.67910,0.69910,0.62720
2020-12-31,238.19790,148.69700,89.50090,42.98900,53.38000,36.12090,-16.02400,20.09700,6.56600,13.53100,13.53100,13.53100,64.03590,36.12090,77.56400,84.21900,0.17000,0.16000,1.46110,0.51120,1.83930,37.57420,15.16420,15.16430,8.43710,5.68060,0.18360,17.73160,4.58010,19.65020,3.52380,3.52380,1.04300,1.72240,4.93600,0.7366,0.663
2020-09-30,221.59500,107.99900,113.59600,39.65700,50.21400,63.38200,-2.14400,61.23800,12.96000,48.27800,48.27800,48.27800,83.17900,63.38200,77.70500,84.12500,0.62000,0.57000,1.36190,0.51170,2.10190,51.26290,28.60260,28.60260,27.63510,21.78660,0.16360,13.21900,3.19940,28.13050,12.63090,12.63090,3.56490,6.16720,4.91370,1.3836,1.3121
2020-06-30,223.40500,117.39500,106.01000,39.49400,50.26200,55.74800,-0.69600,55.05200,11.26300,43.78900,43.78900,43.78900,75.60400,55.74800,77.41600,83.85900,0.57000,0.52000,1.28850,0.53230,2.29920,47.45190,24.95380,24.95380,24.64220,19.60070,0.17250,15.75140,1.85700,48.46560,12.67580,12.67580,3.38110,5.92820,4.46230,0.9036,0.818
2020-03-31,291.00900,175.38900,115.62000,51.42700,62.32700,53.29300,-18.57100,34.72200,8.54900,26.17300,26.17300,26.17300,78.56500,53.29300,77.33600,85.10000,0.34000,0.31000,1.31120,0.56400,1.96170,39.73070,18.31320,18.31320,11.93160,8.99390,0.27510,21.23610,2.13480,42.15800,8.66410,8.66410,2.47460,3.77800,3.90240,0.77430,0.67660
2019-12-31,322.80200,171.54400,151.25800,40.81400,51.43800,99.82000,-6.48600,93.33400,24.08100,69.25300,69.25300,69.25300,123.32600,99.82000,78.15700,90.23100,0.90000,0.79000,1.17410,0.56500,2.02590,46.85780,30.92300,30.92300,28.91370,21.45370,0.32530,20.78820,2.58720,34.78720,25.15310,25.15310,6.97950,10.94240,3.56270,1.3234,1.1841
2019-09-30,186.38300,133.84200,52.54100,34.85700,46.10200,6.43900,-7.62800,-1.18900,-6.97900,5.79000,5.79000,5.79000,34.45800,6.43900,78.46100,89.85500,0.07000,0.06000,1.17150,0.54780,1.89650,28.18980,3.45470,3.45470,-0.63790,3.10650,0.18230,15.69630,1.30420,69.00600,1.97610,1.97610,0.56650,0.89360,3.73000,0.0346,-0.1886
2019-06-30,268.80900,197.36300,71.44600,48.49800,54.33600,17.11000,-3.22800,13.88200,3.46800,10.41400,10.41400,10.41400,34.29900,17.11000,78.04700,91.10000,0.13000,0.11000,1.23500,0.08010,0.70030,26.57870,6.36510,6.36510,5.16430,3.87410,0.36180,25.93130,2.03560,44.21240,3.20150,3.20150,1.40180,2.94520,4.16840,-0.0958,-0.2833
2019-03-31,182.44800,135.45000,46.99800,47.43700,53.85700,-6.85900,-4.49000,-11.34900,-2.95300,-8.39600,-8.39600,-8.39600,13.59200,-6.85900,78.04000,78.04000,-0.11000,-0.11000,1.27570,0.09210,0.73370,25.75970,-3.75940,-3.75940,-6.22040,-4.60190,0.25940,15.44290,3.31830,27.12260,-2.68100,-2.68100,-1.19390,-2.43410,4.01280,0.08650,-0.12920
2018-12-31,272.50600,169.43300,103.07300,43.67600,49.68600,53.38700,0.10200,53.48900,12.27100,41.21800,41.21800,41.21800,74.53790,53.38700,77.53600,88.61900,0.53000,0.46000,1.32580,0.07510,0.67640,37.82410,19.59110,19.59110,19.62860,15.12550,0.38910,21.85390,3.45270,26.06640,13.03390,13.03390,5.88580,12.05440,4.05310,0.7685,0.6406
2018-09-30,188.39100,120.79700,67.59400,43.56200,49.46700,18.12700,-0.13500,17.99200,-15.59800,33.59000,33.59000,33.59000,37.20600,18.12700,77.80800,90.76000,0.43000,0.37000,1.25650,0.08810,0.76570,35.87960,9.62200,9.62200,9.55040,17.82990,0.28320,13.55750,2.23300,40.30460,12.02830,12.02830,5.04920,10.96850,3.57930,0.4573,0.3613
2018-06-30,281.54200,198.89100,82.65100,54.62200,61.43700,21.21400,-6.71000,14.50400,4.55900,9.94500,9.94500,9.94500,42.43900,21.21400,77.15800,87.10000,0.13000,0.11000,1.33950,0.08800,0.72980,29.35650,7.53490,7.53490,5.15160,3.53230,0.42090,23.14840,3.38890,26.55710,3.39580,3.39580,1.48680,3.09700,3.79550,0.8494,0.7631
2018-03-31,187.72100,120.06100,67.66000,39.57100,45.91000,21.75000,-1.69800,20.05200,5.21700,14.83500,14.83500,14.83500,36.59400,21.75000,77.14200,82.45300,0.19000,0.18000,3.25960,0.43120,0.77500,36.04290,11.58630,11.58630,10.68180,7.90270,0.30340,12.02660,2.39080,37.64380,5.38240,5.38240,2.39760,3.06150,3.57260,0.03180,-0.02220
2017-12-31,211.60400,137.30300,74.30100,41.01700,47.38700,26.91400,-3.17000,23.74400,18.93100,4.81300,4.81300,4.81300,52.48000,26.91400,76.74300,78.47100,0.07000,0.07000,2.82920,0.45230,0.84400,35.11320,12.71900,12.71900,11.22100,2.27450,0.34430,16.47900,3.24320,27.75020,1.90270,1.90270,0.78320,1.04220,3.28060,0.7091,0.6191
2017-09-30,186.32500,111.80400,74.52100,34.10600,40.54100,33.98000,-2.82700,31.15300,9.29900,21.85400,21.85400,21.85400,49.42700,33.98000,76.95700,78.50500,0.28000,0.28000,2.67870,0.45350,0.85850,39.99520,18.23700,18.23700,16.71970,11.72900,0.30140,13.18600,2.58580,34.80550,8.68490,8.68490,3.53520,4.74660,3.26360,0.3462,0.2799
2017-06-30,214.58600,158.03400,56.55200,39.48000,45.85700,10.69500,-2.92000,7.77500,2.69000,5.08500,5.08500,5.08500,28.56100,10.69500,76.45500,78.56300,0.07000,0.06000,2.82230,0.46280,0.89120,26.35400,4.98400,4.98400,3.62330,2.36970,0.35800,18.86970,3.86310,23.29750,2.09850,2.09850,0.84840,1.12740,3.16940,0.1368,0.0338
2017-03-31,188.44400,131.38400,57.06000,46.20300,53.07100,3.98900,-2.60100,1.38800,0.50000,0.88800,0.88800,0.88800,22.41300,3.98900,76.44100,78.18100,0.01000,0.01000,2.74600,0.46490,0.90020,30.27960,2.11680,2.11680,0.73660,0.47120,0.30990,17.62360,3.53260,25.47730,0.36970,0.36970,0.14610,0.19780,3.14160,0.03880,-0.01680
2016-12-31,194.96000,190.67600,4.28400,-16.17500,-9.51100,13.79500,-1.03400,12.76100,4.74200,8.01900,8.01900,8.01900,32.51800,13.79500,76.14900,77.53900,0.10000,0.11000,2.62370,0.45060,0.84560,2.19740,7.07580,7.07580,6.54540,4.11320,0.32440,29.19550,3.66780,24.53810,3.34480,3.34480,1.33450,1.83780,3.13780,0.4771,0.3994
2016-09-30,164.16200,87.63700,76.52500,52.06200,58.25600,18.26900,-0.20900,18.06000,6.98500,11.07500,11.07500,11.07500,29.58400,18.26900,76.29800,77.57800,0.15000,0.14000,1.25920,0.14310,0.19470,46.61550,11.12860,11.12860,11.00130,6.74640,0.38390,11.04440,2.57540,34.94590,5.03330,5.03330,2.58990,4.31310,2.88010,0.2887,0.1814
2016-06-30,198.99400,132.02000,66.97400,59.43500,65.40100,1.57300,-0.54600,1.02700,0.16500,0.86200,0.86200,0.86200,20.37800,1.57300,75.95200,77.42900,0.01000,0.01000,1.31990,0.06440,0.14310,33.65630,0.79050,0.79050,0.51610,0.43320,0.50210,17.90340,3.60010,24.99950,0.39870,0.39870,0.21750,0.37300,2.84680,0.0161,-0.0979
2016-03-31,171.10000,93.33400,77.76600,50.17500,55.76200,22.00400,-0.63900,21.36500,7.48000,13.88500,13.88500,13.88500,38.55500,22.00400,75.93700,77.09500,0.18000,0.18000,1.42340,0.06840,0.09390,45.45060,12.86030,12.86030,12.48690,8.11510,0.43380,11.93220,3.41760,26.33410,6.36860,6.36860,3.52000,5.93300,2.87080,0.01980,-0.06680
2015-12-31,166.17600,102.03300,64.14300,53.08700,65.64400,-1.50100,-1.03200,-2.53300,-1.42000,-1.11300,-1.11300,-1.11300,10.76000,-1.50100,75.69600,76.33300,-0.02000,-0.02000,1.36600,0.07570,0.10310,38.59940,-0.90320,-0.90330,-1.52430,-0.66980,0.40620,16.54500,2.84370,31.64920,-0.53170,-0.53170,-0.27200,-0.49150,2.75770,0.2694,0.2144
2015-09-30,166.23200,98.27000,67.96200,44.51300,50.08400,17.87800,-0.65800,17.22000,6.85500,10.36500,10.36500,10.36500,42.79500,17.87800,75.81900,76.48800,0.14000,0.14000,1.54980,0.07840,0.10570,40.88380,10.75480,10.75480,10.35900,6.23530,0.40380,17.78320,3.06330,29.37970,4.83210,4.83210,2.51790,4.45310,2.82620,0.0485,-0.0144
2015-06-30,150.18200,87.31200,62.87000,49.74200,55.58600,7.28400,-0.19900,7.08500,1.96600,5.11900,5.11900,5.11900,18.40700,7.28400,75.53900,76.16000,0.07000,0.07000,1.58400,0.08410,0.11270,41.86250,4.85010,4.85010,4.71760,3.40850,0.36820,14.59580,3.88780,23.14930,2.42760,2.42760,1.25510,2.22340,2.79140,0.1808,0.1113
2015-03-31,176.17800,109.70100,66.47700,45.43100,51.34400,15.13300,-0.67900,14.45400,4.68100,9.77300,9.77300,9.77300,30.07900,15.13300,75.51900,76.01300,0.13000,0.13000,1.71590,0.08900,0.11860,37.73290,8.58960,8.58960,8.20420,5.54720,0.42530,18.53060,3.21000,28.03730,4.66410,4.66410,2.35950,4.24900,2.77420,0.18790,0.11310
2014-12-31,140.55500,92.73500,47.82000,44.17800,50.23600,-2.41600,-1.08900,-3.50500,-1.88700,-1.61800,-1.61800,-1.61800,13.74210,-2.41600,75.29400,75.29400,-0.02000,-0.02000,1.96090,0.09490,0.12590,34.02230,-1.71890,-1.71890,-2.49370,-1.15120,0.36740,19.58500,3.50620,25.66910,-0.78600,-0.78600,-0.42290,-0.71140,2.72750,0.7957,0.7595
2014-09-30,120.18300,78.41700,41.76600,39.07500,46.80500,-5.03900,-5.48800,-10.52700,-4.60600,-5.92100,-5.92100,-5.92100,10.08300,-5.03900,75.40200,75.40200,-0.08000,-0.08000,1.51060,0.09510,0.12520,34.75200,-4.19280,-4.19280,-8.75910,-4.92670,0.34190,17.27630,2.12080,42.43700,-2.74550,-2.74550,-1.68420,-2.48440,2.85750,-0.007,-0.0455
2014-06-30,156.31000,121.74700,34.56300,49.17600,57.08500,-22.52200,-0.28500,-22.80700,-8.31000,-14.49700,-14.49700,-14.49700,-1.26500,-22.52200,75.14800,75.14800,-0.19000,-0.19000,1.74060,0.09330,0.12160,22.11180,-14.40860,-14.40860,-14.59090,-9.27450,0.43150,30.22520,2.94720,30.53700,-6.28220,-6.28220,-4.00160,-5.69580,3.07040,0.0623,0.0358
2014-03-31,125.57200,84.71600,40.85600,48.02800,53.03600,-12.18000,-0.28500,-12.46500,-4.42900,-8.03600,-8.03600,-8.03600,-2.38700,-12.18000,75.13700,75.13700,-0.11000,-0.11000,1.90550,0.08960,0.11540,32.53590,-9.69960,-9.69960,-9.92660,-6.39950,0.32870,19.24050,1.86410,48.28040,-3.18390,-3.18390,-2.10380,-2.89860,3.35870,-0.12470,-0.18150
2013-12-31,118.39500,80.36000,38.03500,43.60700,50.25700,-12.22200,0.30000,-11.92200,-4.03100,-7.89100,-7.89100,-7.89100,1.55800,-12.22200,74.93900,75.37900,-0.10000,-0.10000,2.43420,0.08710,0.11140,32.12550,-10.32310,-10.32310,-10.06970,-6.66500,0.31280,27.96100,1.98810,45.26950,-2.96710,-2.96710,-2.08500,-2.70860,3.54120,0.1539,0.0645
2013-09-30,113.29200,70.94700,42.34500,32.64000,39.14300,3.20200,0.13900,3.34100,0.90200,2.43900,2.43900,2.43900,22.32600,3.20200,75.03000,75.38800,0.03000,0.03000,2.80360,0.08220,0.10460,37.37690,2.82630,2.82630,2.94900,2.15280,0.28940,28.02010,1.62920,55.24070,0.86840,0.86840,0.62300,0.79700,3.74030,0.083,0.0147
2013-06-30,152.28200,96.85500,55.42700,40.50400,46.58800,8.83900,-0.47800,8.36100,3.17900,5.18200,5.18200,5.18200,16.97100,8.83900,74.82100,75.36800,0.07000,0.07000,3.14810,,,36.39760,5.80440,5.80440,5.49050,3.40290,0.42010,56.05040,2.66580,33.76080,1.80330,1.80330,1.42950,1.80330,3.84050,0.1566,0.0484
2013-03-31,124.00100,74.86600,49.13500,37.83100,43.06300,6.07200,-1.24900,4.82300,1.78900,3.03400,3.03400,3.03400,18.07000,6.07200,74.80000,75.23300,0.04000,0.04000,3.32350,,,39.62470,4.89670,4.89670,3.88950,2.44680,0.33890,24.16590,2.26120,39.80220,1.04590,1.04590,0.82920,1.04590,3.87770,-0.07840,-0.14410
2012-12-31,115.10000,69.16600,45.93400,37.42300,43.40100,2.53300,-0.09000,2.44300,1.81200,0.63100,0.63100,0.63100,10.21200,2.53300,74.59500,74.98100,0.00000,0.01000,3.02370,,,39.90790,2.20070,2.20070,2.12250,0.54820,0.30180,39.07680,2.26950,39.65630,0.21410,0.21410,0.16540,0.21410,3.94260,0.2934,0.1981
2012-09-30,104.19700,61.40600,42.79100,32.45900,37.76600,5.02500,-0.02500,5.00000,1.47300,3.52700,3.52700,3.52700,13.20500,5.02500,74.68100,74.84500,0.05000,0.05000,3.56230,,,41.06740,4.82260,4.82260,4.79860,3.38490,0.27620,28.05210,1.76730,50.92580,1.16750,1.16750,0.93480,1.16750,4.04160,-0.05,-0.1723
2012-06-30,141.64800,85.48400,56.16400,31.74700,36.56800,19.59600,-0.89900,18.69700,6.75400,11.94300,11.94300,11.94300,26.24200,19.59600,74.48400,74.88200,0.16000,0.16000,3.69270,,0.00330,39.65040,13.83430,13.83430,13.19960,8.43150,0.36940,51.00480,2.99150,30.08510,3.88290,3.88290,3.11460,3.88290,4.12940,0.1636,0.1072
2012-03-31,123.06800,68.39700,54.67100,34.71200,38.63000,16.04100,0.50300,16.54400,1.21300,15.33100,15.33100,15.33100,25.24300,16.04100,74.46100,74.81500,0.21000,0.20000,3.29810,,0.00430,44.42340,13.03430,13.03430,13.44300,12.45730,0.31660,43.64840,2.45530,36.65510,5.06200,5.06200,3.94390,5.06200,4.06660,0.43390,0.25590
2011-12-31,112.94200,88.65200,24.29000,33.25400,37.36200,-13.07210,-0.26800,-13.34000,-4.71100,-8.62900,-8.62900,-8.62900,7.72190,-13.07200,74.21200,74.85800,-0.11000,-0.11000,3.46180,0.00120,0.00550,21.50660,-11.57410,-11.57410,-11.81140,-7.64020,0.29830,53.46930,1.99050,45.21520,-2.92370,-2.92370,-2.27900,-2.92010,3.96600,0.2042,-0.0292
2011-09-30,108.51800,64.45500,44.06300,24.56700,28.16000,15.90300,-0.32800,15.57500,4.98400,10.59100,10.59100,10.59100,28.36400,15.90300,74.32800,74.70700,0.14000,0.14000,4.43320,0.00220,0.00610,40.60430,14.65470,14.65470,14.35250,9.75970,0.28210,26.49200,2.13910,42.07320,3.38790,3.38790,2.75290,3.38050,4.20080,0.1141,0.0647
2011-06-30,142.55400,88.82900,53.72500,29.05900,32.70300,21.02200,-0.00900,21.01300,6.74600,14.26700,14.26700,14.26700,31.80200,21.02200,74.05800,74.77500,0.19000,0.19000,3.96180,0.00320,0.00710,37.68750,14.74670,14.74670,14.74040,10.00810,0.36020,47.86050,2.93740,30.63890,4.55820,4.55820,3.60450,4.54370,4.20640,0.1446,0.1083
2011-03-31,119.90700,73.24700,46.66000,29.85900,33.49400,13.16600,0.46700,13.63300,5.03000,8.60300,8.60300,8.60300,26.63800,13.16600,75.04300,75.72700,0.11000,0.11000,3.33720,0.00430,0.00820,38.91350,10.98020,10.98020,11.36970,7.17470,0.29390,36.58690,2.45320,36.68690,2.81200,2.81200,2.10890,2.80000,4.13090,0.38120,0.32680
2010-12-31,122.52400,75.75600,46.76800,29.10800,32.35400,14.41400,-0.44700,13.96700,5.84000,8.12700,8.12700,8.12700,24.18700,14.41400,74.57000,75.30600,0.12000,0.11000,3.57780,0.00510,0.00880,38.17050,11.76420,11.76420,11.39940,6.63300,0.29470,36.29900,2.35390,38.23410,2.56580,2.56580,1.95490,2.55270,4.28040,0.1581,0.1157
2010-09-30,109.56400,61.76300,47.80100,24.32200,27.53300,20.26800,1.35900,21.62700,7.29000,14.33700,14.33700,14.33700,28.49600,20.26800,74.57600,75.32500,0.19000,0.19000,3.77970,0.00580,0.00930,43.62840,18.49880,18.49880,19.73920,13.08550,0.25920,33.73180,2.11670,42.51840,4.36740,4.36960,3.39180,4.34200,4.44070,0.0389,0.0065
2010-06-30,106.84200,63.09400,43.74800,30.08300,33.49400,10.25400,-0.60000,9.65400,3.40300,6.25100,6.25100,6.25100,15.24200,10.25400,74.30300,75.23000,0.08000,0.08000,4.11930,0.00660,0.01000,40.94650,9.59730,9.59730,9.03580,5.85070,0.25050,38.75550,2.22020,40.53720,1.87850,1.87970,1.46580,1.86600,4.52630,-0.1742,-0.2256
2010-03-31,138.72500,73.68500,65.04000,25.87900,27.71800,37.32200,-0.63000,36.69200,11.95500,24.73700,24.73700,24.73700,40.86700,37.32200,74.23100,75.21900,0.33000,0.33000,3.33340,0.00720,0.01050,46.88410,26.90360,26.90360,26.44950,17.83170,0.29700,38.35760,2.11670,42.51880,7.18600,7.19170,5.29530,7.13400,4.68310,0.50580,0.46840
2009-12-31,117.28800,63.58300,53.70500,32.42000,35.89000,17.81500,-0.23700,17.57800,6.41000,11.16800,11.16800,11.16800,21.62500,17.81500,73.76500,74.28600,0.15000,0.15000,4.08790,0.00820,0.01150,45.78900,15.18910,15.18910,14.98700,9.52190,0.26620,29.13980,1.86970,48.13690,3.31370,3.31370,2.53460,3.28650,4.59190,0.3199,0.2957
2009-09-30,111.25400,60.07700,51.17700,33.10800,36.68600,14.49100,0.79000,15.28100,6.34200,8.93900,8.93900,8.93900,19.44000,14.49100,73.94400,74.41900,0.12000,0.12000,4.15840,0.00880,0.01200,46.00010,13.02520,13.02520,13.73520,8.03480,0.25710,21.10190,1.83550,49.03350,2.60070,2.60330,2.06610,2.57770,4.68910,0.237,0.226
2009-06-30,138.79400,75.75000,63.04400,31.37200,34.96500,28.07900,2.54400,30.62300,10.74900,19.87400,19.87400,19.87400,32.96700,28.07900,73.51300,74.27900,0.27000,0.27000,4.36340,0.00940,0.01240,45.42270,20.23070,20.23070,22.06360,14.31910,0.32220,23.72380,2.34810,38.32820,5.62240,5.63040,4.61380,5.56970,4.84900,0.3698,0.3507
2009-03-31,107.82500,56.43700,51.38800,30.85700,34.64000,16.74800,-0.80000,15.94800,5.62600,10.32200,10.32200,10.32200,22.39300,16.74800,73.47600,73.89900,0.14000,0.14000,4.37420,0.01020,0.01320,47.65870,15.53260,15.53260,14.79060,9.57290,0.25250,13.95570,2.02360,44.47460,2.93570,2.94280,2.41700,2.90590,4.82450,0.64030,0.62020
