Date,revenue,cost-goods-sold,gross-profit,selling-general-administrative-expenses,operating-expenses,operating-income,total-non-operating-income-expense,pre-tax-income,total-provision-income-taxes,income-after-taxes,income-from-continuous-operations,net-income,ebitda,ebit,basic-shares-outstanding,shares-outstanding,eps-basic-net-earnings-per-share,eps-earnings-per-share-diluted,current-ratio,long-term-debt-capital,debt-equity-ratio,gross-margin,operating-margin,ebit-margin,pre-tax-profit-margin,net-profit-margin,asset-turnover,inventory-turnover,receiveable-turnover,days-sales-in-receivables,roe,return-on-tangible-equity,roa,roi,book-value-per-share,operating-cash-flow-per-share,free-cash-flow-per-share
2023-10-31,166.47500,117.75600,48.71900,51.23500,51.23500,-2.51600,1.34100,-1.17500,-0.32800,-0.84700,-0.84700,-0.84700,0.57400,-2.51600,29.87200,29.87200,-0.03000,-0.03000,1.64040,,,29.26510,-1.51130,-1.51130,-0.70580,-0.50880,0.34980,1.42300,23.38790,3.84810,-0.51380,-0.51380,-0.17800,-0.51380,5.49980,-0.2194,-0.3605
2023-07-31,159.95100,115.63500,44.31600,47.00100,47.00100,-2.68500,1.22000,-1.46500,-0.34000,-1.12500,-1.12500,-1.12500,0.55800,-2.68500,29.83100,29.83100,-0.04000,-0.04000,1.53220,,,27.70600,-1.67860,-1.67860,-0.91590,-0.70330,0.31780,1.26720,14.64490,6.14550,-0.68220,-0.68220,-0.22350,-0.68220,5.50450,0.4128,0.3441
2023-04-30,123.63700,97.69900,25.93800,43.19900,43.19900,-17.26100,1.06400,-16.19700,-4.22900,-11.96800,-11.96800,-11.96800,-14.04700,-17.26100,29.79800,29.79800,-0.40000,-0.40000,1.66620,,,20.97920,-13.96100,-13.96100,-13.10050,-9.68000,0.26130,1.26580,9.53030,9.44350,-7.23050,-7.23050,-2.52920,-7.23050,5.53970,-0.54350,-0.68630
2023-01-31,180.35010,127.98200,52.36810,53.75600,53.75600,-1.38800,1.11800,-0.27000,-0.16600,-0.10400,-0.10400,-0.10400,2.23100,-1.38800,30.11500,30.32300,-0.01000,-0.01000,1.86880,,,29.03690,-0.76960,-0.76960,-0.14970,-0.05770,0.37910,2.06030,19.51840,4.61100,-0.05880,-0.05880,-0.02190,-0.05880,5.91930,0.3221,0.2195
2022-10-31,177.84700,123.26400,54.58300,48.26800,48.26800,6.31500,0.67500,6.99000,1.84100,5.14900,5.14900,5.14900,9.82700,6.31500,29.89400,30.05000,0.17000,0.17000,1.72210,,,30.69100,3.55080,3.55080,3.93030,2.89520,0.35540,1.51080,15.66660,5.74470,2.93340,2.93340,1.02890,2.93340,5.88180,-0.1331,-0.3006
2022-07-31,168.30800,116.32600,51.98200,46.83000,46.83000,5.15200,0.18300,5.33500,1.51600,3.81900,3.81900,3.81900,8.64700,5.15200,30.02100,30.18600,0.13000,0.13000,1.58550,,,30.88500,3.06110,3.06110,3.16980,2.26910,0.32520,1.30270,11.50040,7.82580,2.22590,2.22590,0.73800,2.22590,5.69790,0.3297,0.185
2022-04-30,145.77500,101.96000,43.81500,42.70700,42.70700,1.10800,0.00400,1.11200,0.29900,0.81300,0.81300,0.81300,4.61600,1.10800,30.76200,31.04600,0.03000,0.03000,1.70270,,,30.05660,0.76010,0.76010,0.76280,0.55770,0.30020,1.37580,17.75800,5.06820,0.48410,0.48410,0.16740,0.48410,5.57220,-0.56540,-0.64910
2022-01-31,204.48900,134.13100,70.35800,53.06100,53.06100,17.29700,-0.37600,16.92100,4.86300,12.05800,12.05800,12.05800,21.01000,17.29700,30.56000,31.11800,0.39000,0.38000,1.67430,,,34.40680,8.45860,8.45860,8.27480,5.89670,0.40510,2.04330,30.49800,2.95100,6.90160,6.90160,2.38860,6.90160,5.63140,0.5432,0.4604
2021-10-31,206.09600,129.35700,76.73900,47.74200,47.74200,28.99700,-0.00100,28.99600,8.16200,20.83400,20.83400,20.83400,33.31100,28.99700,30.91500,31.35200,0.67000,0.66000,1.71450,,,37.23460,14.06970,14.06970,14.06920,10.10890,0.37460,1.49210,23.20640,3.87820,10.81510,10.81510,3.78640,10.81510,6.22140,0.2909,0.2166
2021-07-31,201.95200,127.22500,74.72700,48.30000,48.30000,26.42700,-0.10200,26.32500,5.92700,20.39800,20.39800,20.39800,30.91200,26.42700,30.50000,31.11300,0.67000,0.66000,1.53750,,,37.00240,13.08580,13.08580,13.03530,10.10040,0.37740,1.46480,15.36580,5.85720,11.91250,11.91250,3.81150,11.91250,5.53130,0.572,0.4783
2021-04-30,163.15700,108.31800,54.83900,39.96500,39.96500,14.87400,-0.11500,14.75900,3.80000,10.95900,10.95900,10.95900,19.19800,14.87400,29.87800,30.52900,0.37000,0.36000,1.61670,,,33.61120,9.11640,9.11640,9.04590,6.71680,0.30990,1.65770,16.81860,5.35120,6.27660,6.27660,2.08140,6.27660,5.79240,0.63140,0.45190
2021-01-31,177.92000,119.65800,58.26200,44.14800,44.14800,14.11400,-0.11100,14.00300,5.13200,8.87100,8.87100,8.87100,18.59800,14.11400,29.69700,29.69700,0.30000,0.30000,1.57780,0.06840,0.08970,32.74620,7.93280,7.93280,7.87040,4.98600,0.35060,2.14830,20.39430,4.41300,5.52290,5.52290,1.74810,5.14530,5.39310,0.6042,0.5335
2020-10-31,140.27500,99.61500,40.66000,37.12200,37.12200,3.53800,-0.02800,3.51000,1.39700,2.11300,2.11300,2.11300,8.12200,3.53800,29.70800,29.81000,0.07000,0.07000,1.46160,,,28.98590,2.52220,2.52220,2.50220,1.50630,0.27580,1.51080,12.30810,7.31230,1.39740,1.39740,0.41550,1.39740,5.07740,0.0712,-0.0003
2020-07-31,135.84500,94.17100,41.67400,33.96500,33.96500,7.70900,0.31100,8.02000,2.75400,5.26600,5.26600,5.26600,12.67200,7.70900,29.69400,29.70000,0.18000,0.18000,1.35420,,0.15940,30.67760,5.67490,5.67490,5.90380,3.87650,0.24950,1.38350,10.22390,8.80290,3.54450,3.54450,0.96720,3.54450,4.98890,1.2937,1.2702
2020-04-30,77.28900,75.69500,1.59400,29.99500,29.99500,-28.40100,0.40900,-27.99200,-10.59700,-17.39500,-17.39500,-17.39500,-23.37700,-28.40100,29.67700,29.67700,-0.59000,-0.59000,1.35370,,0.16560,2.06240,-36.74650,-36.74650,-36.21730,-22.50640,0.14970,1.11890,5.75880,15.62820,-12.16490,-12.16490,-3.36990,-12.16490,4.80990,-0.65930,-0.77890
2020-01-31,172.47900,120.34500,52.13400,43.63900,43.63910,8.49490,0.58900,9.08400,2.81100,6.27300,6.27300,6.27300,14.11290,8.49490,29.53300,29.78800,0.22000,0.22000,1.43780,,,30.22630,4.92520,4.92520,5.26670,3.63700,0.31550,2.11500,23.04330,3.90570,3.92310,3.92310,1.14760,3.92310,5.37860,0.3997,0.2771
2019-10-31,154.78000,107.60900,47.17100,39.46700,39.46700,7.70400,0.91100,8.61500,2.22700,6.38800,6.38800,6.38800,12.74800,7.70400,29.52900,29.75900,0.22000,0.21000,1.69440,,,30.47620,4.97740,4.97740,5.56600,4.12710,0.28410,1.52990,17.08390,5.26810,3.51870,3.51870,1.17250,3.51870,6.13260,0.3488,0.1548
2019-07-31,161.73800,110.01900,51.71900,39.60900,39.60900,12.11000,0.57200,12.68200,3.39800,9.28400,9.28400,9.28400,17.18700,12.11000,29.50500,29.67800,0.31000,0.31000,1.63650,,,31.97700,7.48740,7.48740,7.84110,5.74010,0.29940,1.51470,13.75560,6.54280,5.32220,5.32220,1.71830,5.32220,5.90000,0.551,0.4902
2019-04-30,130.30300,94.61900,35.68400,35.53800,35.53800,0.14600,0.82900,0.97500,0.29800,0.67700,0.67700,0.67700,5.35500,0.14600,29.46900,29.80800,0.02000,0.02000,1.65100,,,27.38540,0.11200,0.11200,0.74830,0.51960,0.26200,1.60470,20.72250,4.34310,0.41150,0.41150,0.13610,0.41150,5.57310,-0.07640,-0.17900
2019-01-31,170.61200,118.45400,52.15800,41.22400,41.22400,10.93400,0.85500,11.78900,3.11300,8.67600,8.67600,8.67600,16.45300,10.93400,29.27800,29.76800,0.30000,0.29000,2.23260,,,30.57110,6.40870,6.40870,6.90980,5.08520,0.58200,2.12250,28.05200,3.20830,5.31200,5.31200,2.95940,5.31200,5.53910,0.9292,0.7736
2018-10-31,146.82600,103.17000,43.65600,36.91900,36.91900,6.73700,0.58500,7.32200,1.96700,5.35500,5.35500,5.35500,12.20000,6.73700,29.37300,30.07500,0.18000,0.18000,2.78330,,,29.73320,4.58840,4.58840,4.98690,3.64720,0.50160,1.44320,19.23570,4.67880,2.91830,2.91830,1.82960,2.91830,6.22440,-0.0985,-0.2195
2018-07-31,157.40600,107.30100,50.10500,37.62700,37.62700,12.47800,0.49000,12.96800,3.27900,9.68900,9.68900,9.68900,18.16600,12.47800,29.20900,29.68100,0.33000,0.33000,2.36400,,,31.83170,7.92730,7.92730,8.23860,6.15540,0.52190,1.43420,14.07670,6.39350,5.52560,5.52560,3.21270,5.52560,5.98310,0.7167,0.5922
2018-04-30,123.63400,88.65700,34.97700,33.64600,33.64600,1.33100,0.38300,1.71400,0.49100,1.22300,1.22300,1.22300,7.14600,1.33100,29.08000,29.43800,0.04000,0.04000,2.80440,,,28.29080,1.07660,1.07660,1.38640,0.98920,0.47580,1.55980,24.95140,3.60700,0.74680,0.74680,0.47060,0.74680,5.61870,0.02280,-0.07730
2018-01-31,164.31800,112.87600,51.44200,40.00000,40.00000,11.44200,0.41300,11.85500,5.15500,6.70000,6.70000,6.70000,17.18700,11.44200,28.80400,29.07400,0.24000,0.24000,2.12330,,,31.30640,6.96330,6.96330,7.21470,4.07750,0.56640,2.12110,37.75690,2.38370,4.17640,4.17640,2.30950,4.17640,5.51000,0.5158,0.3775
2017-10-31,152.82400,102.73000,50.09400,35.98200,35.98200,14.11200,0.37500,14.48700,5.73000,8.75700,8.75700,8.75700,19.85200,14.11200,28.78200,29.03100,0.30000,0.30000,2.48640,,0.00090,32.77890,9.23420,9.23420,9.47950,5.73010,0.52180,1.65050,41.90400,2.14780,4.88860,4.88860,2.98970,4.88860,6.21010,0.5094,0.4166
2017-07-31,138.81000,97.88100,40.92900,42.16800,42.16800,-1.23900,0.19700,-1.04200,-0.44600,-0.59600,-0.59600,-0.59600,4.83600,-1.23900,28.75100,28.75100,-0.02000,-0.02000,2.13350,,0.00230,29.48560,-0.89260,-0.89260,-0.75070,-0.42940,0.46760,1.30450,20.32660,4.42770,-0.35140,-0.35140,-0.20080,-0.35140,5.88500,0.2753,0.1374
2017-04-30,120.94700,88.04200,32.90500,33.23400,33.23400,-0.32900,0.23800,-0.09100,0.07000,-0.16100,-0.16100,-0.16100,5.50000,-0.32900,28.70500,28.70500,-0.01000,-0.01000,2.70140,,0.00360,27.20610,-0.27200,-0.27200,-0.07520,-0.13310,0.45070,1.58810,25.53240,3.52490,-0.09500,-0.09500,-0.06000,-0.09500,5.88710,-0.17550,-0.27950
2017-01-31,160.21600,111.15000,49.06600,38.66800,38.66800,10.39800,0.14800,10.54600,4.24100,6.30500,6.30500,6.30500,16.16600,10.39800,28.49600,28.52900,0.22000,0.23000,2.98510,,0.00440,30.62490,6.49000,6.49000,6.58240,3.93530,0.55150,2.32690,40.16450,2.24080,3.33210,3.33210,2.17040,3.33210,6.57860,1.0136,0.9347
2016-10-31,152.10600,104.13700,47.96900,37.30200,37.30200,10.66700,0.10300,10.77000,4.35300,6.41700,6.41700,6.41700,16.51500,10.66700,28.48200,28.52700,0.23000,0.22000,2.76180,,0.00500,31.53660,7.01290,7.01290,7.08060,4.21880,0.53410,1.60170,25.89920,3.47500,3.55960,3.55960,2.25340,3.55960,6.31410,0.4685,0.3157
2016-07-31,136.41200,97.57500,38.83700,36.60500,36.60500,2.23200,0.09100,2.32300,0.89000,1.43300,1.43300,1.43300,8.07700,2.23200,28.46200,28.46600,0.05000,0.05000,2.30250,0.00220,0.00730,28.47040,1.63620,1.63620,1.70290,1.05050,0.46090,1.27020,15.25860,5.89830,0.82700,0.82700,0.48420,0.82520,6.06940,0.499,0.2867
2016-04-30,120.21800,87.63100,32.58700,36.55400,36.55400,-3.96700,0.07600,-3.89100,-1.14600,-2.74500,-2.74500,-2.74500,1.83800,-3.96700,28.42500,28.42500,-0.10000,-0.10000,2.92700,0.00360,0.00870,27.10660,-3.29980,-3.29980,-3.23660,-2.28340,0.44530,1.46740,20.37590,4.41700,-1.60320,-1.60320,-1.01680,-1.59750,6.00800,-0.28080,-0.43280
2016-01-31,159.08600,109.12900,49.95700,40.48100,40.48100,9.47600,0.01300,9.48900,6.60400,2.88500,2.88500,2.88500,15.29300,9.47600,28.33200,28.40200,0.10000,0.10000,2.98820,0.00480,0.00980,31.40250,5.95650,5.95650,5.96470,1.81350,0.58760,2.12490,29.47680,3.05330,1.66560,1.66560,1.06560,1.65760,6.08320,1.0755,0.8776
2015-10-31,141.69200,97.05100,44.64100,39.25400,39.25400,5.38700,0.02100,5.40800,2.59400,2.81400,2.81400,2.81400,11.11800,5.38700,28.40800,28.41900,0.10000,0.10000,2.79240,0.00620,0.01120,31.50570,3.80190,3.80190,3.81670,1.98600,0.52020,1.38430,21.82900,4.12300,1.65820,1.65820,1.03310,1.64800,5.95980,0.2039,-0.0074
2015-07-31,130.02300,93.42700,36.59600,35.49200,35.49200,1.10400,0.01000,1.11400,0.55400,0.56000,0.56000,0.56000,6.75300,1.10400,28.33300,28.42600,0.02000,0.02000,2.39930,0.00760,0.01270,28.14580,0.84910,0.84910,0.85680,0.43070,0.45530,1.16900,11.42160,7.87980,0.33750,0.33750,0.19610,0.33500,5.82850,0.1282,-0.0961
2015-04-30,120.19000,84.13800,36.05200,33.92300,33.92300,2.12900,0.00800,2.13700,0.85500,1.28200,1.28200,1.28200,7.74000,2.12900,28.17300,28.32100,0.05000,0.05000,2.83120,0.00900,0.01410,29.99580,1.77140,1.77140,1.77800,1.06660,0.45770,1.36380,21.95250,4.09980,0.78250,0.78250,0.48820,0.77550,5.77750,-0.10680,-0.28640
2015-01-31,152.81700,103.81500,49.00200,37.79600,37.79600,11.20600,0.00400,11.21000,4.10500,7.10500,7.10500,7.10500,16.81300,11.20600,28.01300,28.07800,0.25000,0.25000,2.77210,0.01060,0.01580,32.06580,7.33300,7.33300,7.33560,4.64940,0.59330,2.01560,32.63930,2.75740,4.47740,4.47740,2.75870,4.43010,5.64920,0.9689,0.8342
2014-10-31,131.28300,90.73500,40.54800,31.97100,31.97100,8.57700,-0.02200,8.55500,3.44200,5.11300,5.11300,5.11300,14.02500,8.57700,28.02400,28.04600,0.18000,0.18000,2.46930,0.01250,0.01790,30.88600,6.53320,6.53320,6.51650,3.89460,0.51960,1.45890,22.41860,4.01450,3.39380,3.39380,2.02370,3.35150,5.38010,0.3322,0.1463
2014-07-31,123.06000,88.40500,34.65500,32.32600,32.32600,2.32900,0.00400,2.33300,1.06700,1.26600,1.26600,1.26600,7.73500,2.32900,28.01400,28.04900,0.05000,0.05000,2.08430,0.01430,0.01990,28.16110,1.89260,1.89260,1.89580,1.02880,0.47130,1.25600,11.95340,7.52930,0.87480,0.87480,0.48490,0.86230,5.15520,0.415,0.1774
2014-04-30,111.13400,79.80700,31.32700,30.25000,30.25000,1.07700,,1.07700,0.48600,0.59100,0.59100,0.59100,5.85300,1.07700,27.98300,28.15100,0.02000,0.02000,2.61540,0.01590,0.02160,28.18850,0.96910,0.96910,0.96910,0.53180,0.47030,1.51010,11.95500,7.52820,0.41550,0.41550,0.25010,0.40890,5.07900,0.00370,-0.27850
2014-01-31,139.89600,96.61100,43.28500,34.81400,34.81400,8.47100,-0.02900,8.44200,3.02500,5.41700,5.41700,5.41700,13.36800,8.47100,27.82200,28.11600,0.20000,0.20000,2.74590,0.01740,0.02310,30.94080,6.05520,6.05520,6.03450,3.87220,0.60190,2.08820,16.37170,5.49730,3.84390,3.84390,2.33080,3.77690,5.03240,0.5899,0.3519
2013-10-31,123.77900,85.93600,37.84300,27.69300,27.69300,10.15000,0.11600,10.26600,4.12100,6.14500,6.14500,6.14500,15.19500,10.15000,27.88400,28.16600,0.22000,0.22000,2.39400,0.01960,0.02550,30.57300,8.20010,8.20010,8.29380,4.96450,0.53330,1.52430,20.97590,4.29060,4.56000,4.56000,2.64760,4.47060,4.81230,0.3567,-0.0747
2013-07-31,123.04300,85.15500,37.88800,30.68900,30.68900,7.19900,-0.04700,7.15200,2.88500,4.26700,4.26700,4.26700,11.97400,7.19900,27.72700,28.08000,0.15000,0.15000,2.08280,0.02240,0.02870,30.79250,5.85080,5.85080,5.81260,3.46790,0.52200,1.34320,11.27490,7.98230,3.38730,3.38730,1.81010,3.31140,4.53610,0.5072,0.0683
2013-04-30,109.11900,77.31300,31.80600,27.88900,27.88900,3.91700,-0.04900,3.86800,1.56000,2.30800,2.30800,2.30800,8.56700,3.91700,27.69200,28.02700,0.08000,0.08000,2.53280,0.02490,0.03150,29.14800,3.58970,3.58970,3.54480,2.11510,0.52040,1.55670,13.48980,6.67170,1.91520,1.91520,1.10080,1.86760,4.35010,0.10380,-0.30380
2013-01-31,140.77100,96.57300,44.19800,29.38400,29.38400,14.81400,-0.04500,14.76900,4.92800,9.84100,9.84100,9.84100,19.19400,14.81400,25.65600,26.07600,0.33000,0.34000,2.56530,0.02700,0.03380,31.39710,10.52350,10.52350,10.49150,6.99080,0.68540,2.07260,23.72280,3.79380,8.38990,8.38990,4.79160,8.16310,4.23570,0.6542,0.2885
2012-10-31,124.89500,83.08700,41.80800,27.94000,27.94000,13.86800,-0.04200,13.82600,4.53200,9.29400,9.29400,9.29400,18.13800,13.86800,27.65800,28.07900,0.34000,0.33000,2.35730,0.03120,0.03880,33.47450,11.10370,11.10370,11.07010,7.44150,0.63410,1.66610,15.34530,5.86500,8.71190,8.71190,4.71870,8.43970,3.85380,0.3714,0.0631
2012-07-31,105.10100,73.95700,31.14400,34.46200,34.46200,-3.31800,0.04000,-3.27800,-2.12200,-1.15600,-1.15600,-1.15600,0.80700,-3.31800,27.28000,27.28000,-0.04000,-0.04000,1.95940,0.03630,0.04480,29.63250,-3.15700,-3.15700,-3.11890,-1.09990,0.53290,1.35240,11.03540,8.15560,-1.20150,-1.20150,-0.58620,-1.15800,3.48210,0.3831,0.1476
2012-04-30,96.52400,66.10600,30.41800,24.39200,24.39200,6.02600,-0.04400,5.98200,0.06800,5.91400,5.91400,5.91400,9.93000,6.02600,20.00000,20.51200,0.30000,0.29000,1.82740,0.05430,0.06770,31.51340,6.24300,6.24300,6.19740,6.12700,0.66490,,11.43110,7.87330,8.95000,8.95000,4.07400,8.46380,3.30390,0.19160,-0.17520
2012-01-31,122.92900,81.58000,41.34900,27.31000,27.31000,14.03900,-0.06000,14.02000,0.15000,13.87000,13.85600,13.85600,17.90400,14.03900,20.00000,20.53200,0.69000,0.67000,1.59940,0.06160,0.07680,33.66170,11.42040,11.42040,11.40500,11.27160,0.87300,2.23320,18.61150,4.83570,22.93130,22.93130,9.83960,21.51790,3.02100,1.011,0.7207
2011-10-31,107.30400,71.44600,35.85800,23.51400,23.51400,12.34400,-0.04900,12.29500,0.14000,12.15500,12.15500,12.15500,16.10800,12.34400,20.00000,20.53000,0.61000,0.59000,,,,33.41720,11.50380,11.50380,11.45810,11.32760,,,,,,,,,,0.7962,0.5292
2011-07-31,87.26000,61.54200,25.71800,22.15700,22.15700,3.56100,-0.05200,3.50900,0.04000,3.46900,3.46900,3.46900,7.33400,3.56100,20.00000,20.47200,0.17000,0.17000,,,,29.47280,4.08090,4.08090,4.02130,3.97550,,,,,,,,,,0.5376,0.2574
2011-04-30,83.13100,56.92200,26.20900,21.24400,21.24400,4.96500,-0.04900,4.91600,0.05600,4.86000,4.86000,4.86000,8.68300,4.96500,20.00000,20.44000,0.24000,0.24000,,,,31.52740,5.97250,5.97250,5.91360,5.84620,,,,,,,,,,0.21610,0.07020
2011-01-31,,,,,,,,,,,,,,,,,,0.00000,,,,,,,,,,,,,,,,,,0,0
2010-01-31,,,,,,,,,,,,,,,,,,0.00000,,,,,,,,,,,,,,,,,,0,0
