Date,revenue,cost-goods-sold,gross-profit,selling-general-administrative-expenses,other-operating-income-expenses,operating-expenses,operating-income,total-non-operating-income-expense,pre-tax-income,total-provision-income-taxes,income-after-taxes,income-from-continuous-operations,net-income,ebitda,ebit,basic-shares-outstanding,shares-outstanding,eps-basic-net-earnings-per-share,eps-earnings-per-share-diluted,current-ratio,long-term-debt-capital,debt-equity-ratio,gross-margin,operating-margin,ebit-margin,pre-tax-profit-margin,net-profit-margin,asset-turnover,inventory-turnover,receiveable-turnover,days-sales-in-receivables,roe,return-on-tangible-equity,roa,roi,book-value-per-share,operating-cash-flow-per-share,free-cash-flow-per-share
2023-09-30,7.97010,6.93530,1.03480,1.63220,,1.63210,-0.59740,-0.10770,-0.70500,-0.17670,-0.52830,-0.52830,-0.52830,-0.01030,-0.59740,8.72060,8.72060,-0.06000,-0.06000,0.95150,,0.51490,12.98370,-7.49490,-7.49490,-8.84600,-6.62900,0.20990,2.48400,2.63850,34.11070,-3.90960,-3.90960,-1.39120,-3.90960,1.54660,0.1308,0.0412
2023-06-30,7.37120,6.67710,0.69410,1.27390,,1.27390,-0.57980,-0.09410,-0.67390,-0.14640,-0.52750,-0.52750,-0.52750,-0.00130,-0.57980,8.61340,8.61340,-0.06000,-0.06000,1.50710,0.24660,0.53090,9.41700,-7.86570,-7.86570,-9.14210,-7.15560,0.19530,2.72260,2.48550,36.21000,-3.74970,-3.74970,-1.39780,-2.82520,1.63310,0.01340,-0.20190
2023-03-31,7.50530,6.65740,0.84790,1.58200,,1.58200,-0.73410,-0.08190,-0.81600,0.18680,-1.00280,-1.00280,-1.00280,-0.16340,-0.73410,8.59600,8.59600,-0.10000,-0.09000,1.61630,0.24550,0.40890,11.29720,-9.78120,-9.78120,-10.87190,-13.36080,0.20730,2.75940,3.21220,28.01810,-6.87100,-6.87100,-2.76950,-5.18400,1.69440,0.2686,0.1385
2022-12-31,8.32730,6.82850,1.49890,1.22460,,1.22450,0.27430,-0.09330,0.18100,0.04700,0.13400,0.13400,0.13400,0.83770,0.27430,8.61100,9.03370,0.00000,0.00000,1.83850,0.23770,0.44460,17.99960,3.29410,3.29410,2.17320,1.60890,0.22260,2.97910,2.84460,31.63870,0.85910,0.85910,0.35820,0.65490,1.81110,-0.084,-0.1043
2022-09-30,8.52260,6.78300,1.73970,1.82710,,1.82710,-0.08740,0.61390,0.52650,0.13550,0.39090,0.39090,0.39090,0.45720,-0.08740,8.58450,8.99820,0.05000,0.04000,1.28550,0.15640,0.38140,20.41230,-1.02580,-1.02580,6.17710,4.58710,0.23160,2.69530,4.17690,21.54700,2.53000,2.53000,1.06230,2.13440,1.79450,0.0115,-0.0189
2022-06-30,7.07640,6.25910,0.81720,1.37520,,1.37530,-0.55800,-0.11690,-0.67490,-0.17370,-0.50120,-0.50120,-0.50120,0.04080,-0.55800,8.57690,8.57690,-0.06000,-0.06000,1.20560,0.16790,0.41000,11.54860,-7.88550,-7.88550,-9.53710,-7.08220,0.18800,2.15840,2.82220,31.88970,-3.38290,-3.38290,-1.33120,-2.81480,1.72730,0.16890,0.08000
2022-03-31,7.56150,6.42640,1.13510,1.40790,,1.40790,-0.27280,-0.12970,-0.40240,0.19340,-0.59580,-0.59580,-0.59580,0.22280,-0.27280,8.09510,8.09510,-0.08000,-0.04000,1.20670,0.16950,0.47220,15.01180,-3.60750,-3.60750,-5.32220,-7.87980,0.19980,2.87580,2.51280,35.81710,-3.90360,-3.90360,-1.57410,-3.24200,1.77960,0.2242,0.1592
2021-12-31,6.51130,6.03330,0.47810,1.62390,,1.62390,-1.14580,-0.09270,-1.23850,-0.33390,-0.90470,-0.90470,-0.90470,-0.66660,-1.14580,8.57160,8.57160,-0.12000,-0.12000,1.25130,0.16860,0.51120,7.34190,-17.59740,-17.59740,-19.02140,-13.89400,0.17420,3.50690,2.67930,33.59120,-5.71500,-6.07200,-2.41980,-4.75140,1.84670,-0.0563,-0.061
2021-09-30,4.79740,3.86670,0.93070,1.17370,,1.17370,-0.24300,-0.05590,-0.29890,-0.07850,-0.22040,-0.22040,-0.22040,0.09940,-0.24300,7.84000,7.84000,-0.04000,-0.04000,1.38050,0.16670,0.42760,19.40020,-5.06490,-5.06490,-6.22990,-4.59440,0.13080,2.28460,1.81080,49.70140,-1.32330,-1.42370,-0.60070,-1.10270,1.94430,-0.1537,-0.1994
2021-06-30,3.41220,2.57960,0.83270,0.73260,,0.73260,0.10010,1.29760,1.39770,0.02660,1.37110,1.37110,1.37110,0.29160,0.10010,7.37470,7.76350,0.20000,0.16000,2.33680,0.00260,0.21850,24.40250,2.93240,2.93240,40.96070,40.18170,0.22030,2.49920,2.95330,30.47460,12.08390,12.08390,8.85110,12.05260,1.53860,0.01770,0.01710
2021-03-31,4.02940,3.09640,0.93300,0.63530,,0.63530,0.29770,-0.03910,0.25860,0.04430,0.21430,0.21430,0.21430,0.48660,0.29770,7.36180,7.75880,0.04000,0.04000,2.10200,0.11890,0.38390,23.15410,7.38750,7.38750,6.41740,5.31780,0.25180,2.43590,6.62660,13.58160,2.15530,2.15530,1.33890,1.89890,1.34810,0.1281,0.1238
2020-12-31,3.56970,2.86430,0.70540,0.71640,,0.71630,-0.01090,-0.05060,-0.06150,-0.01340,-0.04820,-0.04820,-0.04820,0.18530,-0.01090,7.37470,7.37470,0.00000,0.00000,1.79990,0.06890,0.39260,19.76190,-0.30580,-0.30580,-1.72400,-1.34950,0.22850,2.38990,3.04230,29.58330,-0.49690,-0.49690,-0.30830,-0.46270,1.31450,0.0494,0.0211
2020-09-30,4.71390,3.58510,1.12890,0.69600,,0.69600,0.43280,-0.05080,0.38210,0.11130,0.27080,0.27080,0.27080,0.61880,0.43280,7.35790,7.74680,0.04000,0.04000,3.54760,0.26840,0.39340,23.94730,9.18220,9.18220,8.10500,5.74390,0.29320,3.28560,3.41930,26.32100,2.78110,2.78110,1.68410,2.03470,1.32020,-0.0452,-0.0853
2020-06-30,3.28250,2.58550,0.69700,0.79340,,0.79340,-0.09630,-0.05720,-0.15360,-0.03740,-0.11620,-0.11620,-0.11620,0.08800,-0.09630,7.34000,7.34000,-0.04000,-0.04000,2.98950,0.25560,0.40950,21.23410,-2.93520,-2.93520,-4.67910,-3.54100,0.20690,1.99280,3.58150,25.12930,-1.23540,-1.23540,-0.73280,-0.91960,1.28010,-0.05030,-0.05600
2020-03-31,4.93170,3.62980,1.30190,0.64040,,1.13540,0.16640,-0.07590,0.09050,0.04210,0.04840,0.04840,0.04840,0.36420,0.16640,7.31470,7.31470,,0.00000,3.10780,0.20600,0.27100,26.39820,3.37490,3.37490,1.83500,0.98230,0.33820,2.98110,4.98000,18.07240,0.51160,0.51160,0.33230,0.40620,1.29040,0.0092,0.0086
2019-12-31,3.66730,3.35300,0.31430,0.66270,,0.66260,-0.34840,-0.06910,-0.41750,-0.09770,-0.31980,-0.31980,-0.31980,-0.16980,-0.34840,7.31380,7.31380,-0.04000,-0.04000,2.56040,0.20870,0.38780,8.57080,-9.49920,-9.49920,-11.38460,-8.71960,0.23910,2.21740,4.87030,18.47930,-3.39830,-3.39830,-2.08460,-2.68900,1.28660,-0.0449,-0.0482
2019-09-30,3.07410,2.66060,0.41350,0.74100,,0.74090,-0.32740,-0.07110,-0.39860,-0.10760,-0.29100,-0.29100,-0.29100,-0.12740,-0.32740,7.31380,7.31380,-0.04000,-0.04000,2.86520,0.23570,0.39640,13.45180,-10.65200,-10.65200,-12.96640,-9.46690,0.19190,1.39810,3.71790,24.20750,-2.99740,-2.99740,-1.81690,-2.29080,1.32750,-0.0936,-0.0938
2019-06-30,4.33430,3.22480,1.10950,0.74140,,0.74140,0.36810,-0.05710,0.31100,0.09020,0.22080,0.22080,0.22080,0.56880,0.36810,7.31330,7.67780,0.04000,0.04000,3.83740,0.24330,0.40550,25.59840,8.49250,8.49250,7.17530,5.09380,0.27980,2.68330,5.00460,17.98360,2.21450,2.21450,1.42510,1.67570,1.36310,0.22180,0.22050
2019-03-31,4.71220,3.24660,1.46550,0.63330,,0.63330,0.83230,-0.04840,0.78380,0.24630,0.53760,0.53760,0.53760,1.03500,0.83230,7.21980,7.57350,0.04000,0.04000,3.13650,0.25990,0.43580,31.10070,17.66190,17.66190,16.63370,11.40780,0.29360,2.61760,4.66350,19.29900,5.53530,5.53530,3.34980,4.09660,1.32870,0.0543,0.0529
2018-12-31,4.27040,3.29920,0.97120,0.63180,,0.63170,0.33940,-0.08670,0.25270,0.03470,0.21800,0.21800,0.21800,0.53980,0.33940,7.21460,7.60680,0.04000,0.04000,1.77020,0.28300,0.48290,22.74330,7.94880,7.94880,5.91800,5.10540,0.21610,1.66550,28.89540,3.11470,2.38300,2.38300,1.10310,1.70850,1.26410,0.1066,0.0838
2018-09-30,3.62120,2.52610,1.09510,0.75100,,0.75100,0.34410,-0.08600,0.25810,0.07740,0.18070,0.18070,0.18070,0.54520,0.34410,7.20630,7.53750,0.04000,0.04000,2.06330,0.29910,0.51560,30.24150,9.50140,9.50140,7.12720,4.99050,0.20420,1.19180,4.42830,20.32400,2.02570,2.02570,1.01910,1.41980,1.23790,-0.0508,-0.0671
2018-06-30,4.09880,3.04630,1.05250,0.73050,,0.73050,0.32210,-0.09260,0.22940,0.06500,0.16440,0.16440,0.16440,0.52290,0.32210,7.20630,7.27430,0.04000,0.04000,2.54120,0.31570,0.55110,25.67870,7.85740,7.85740,5.59710,4.01050,0.25630,2.97140,5.72140,15.73060,1.89620,1.89620,1.02800,1.29770,1.20300,-0.03990,-0.05380
2018-03-31,4.66840,4.28850,0.38000,0.77260,,0.77260,-0.39270,-0.09630,-0.48900,-0.12180,-0.36720,-0.36720,-0.36720,-0.19590,-0.39270,7.20630,7.20630,-0.04000,-0.04000,3.37510,0.34310,0.61800,8.13900,-8.41120,-8.41120,-10.47390,-7.86570,0.32700,2.05340,3.22630,27.89560,-4.58290,-4.58290,-2.57170,-3.01040,1.11190,-0.0024,-0.0135
2017-12-31,3.64230,3.21950,0.42280,0.59630,,0.59630,-0.17350,-0.10480,-0.27830,0.41310,-0.69140,-0.69140,-0.69140,0.01560,-0.17350,7.20630,7.20630,-0.08000,-0.08000,3.23120,0.34480,0.61710,11.60670,-4.76400,-4.76400,-7.64070,-18.98230,0.24150,15.53140,2.26290,39.77240,-8.32930,-8.32930,-4.58490,-5.45740,1.15190,0.1038,0.091
2017-09-30,4.58890,3.15590,1.43300,0.72030,,0.72030,0.71270,-0.09900,0.61370,0.24550,0.36820,0.36820,0.36820,0.91000,0.71270,7.20630,7.43250,0.04000,0.04000,2.91530,0.33770,0.59320,31.22760,15.53010,15.53010,13.37360,8.02340,0.27930,15.71760,2.10900,42.67350,4.12980,4.12980,2.24120,2.73510,1.23720,-0.0042,-0.0893
2017-06-30,5.83040,4.08980,1.74060,0.91980,,0.91980,0.82080,-0.10870,0.71210,0.28760,0.42450,0.42450,0.42450,1.01200,0.82080,7.20630,7.44180,0.04000,0.04000,2.93800,0.35720,0.64170,29.85370,14.07850,14.07850,12.21420,7.28090,0.34990,26.99200,4.74280,18.97620,4.99730,4.99730,2.54770,3.21200,1.17880,0.07710,0.05920
2017-03-31,4.93110,3.89590,1.03520,0.75410,,0.75410,0.28110,-0.06030,0.22080,-2.87590,3.09670,3.09670,3.09670,0.42320,0.28110,6.97700,7.15280,0.44000,0.44000,2.90100,0.37950,0.70160,20.99400,5.70060,5.70060,4.47800,62.79920,0.31850,27.47590,2.63600,34.14260,38.85280,38.85280,20.00210,24.10810,1.10600,-0.0231,-0.0705
2016-12-31,5.31860,3.26670,2.05190,1.95510,1.12230,0.83280,1.21910,-0.20640,1.01270,0.02060,0.99210,0.99210,0.99210,1.42400,1.21910,7.03900,7.21830,0.12000,0.12000,2.60680,0.51210,1.19470,38.57940,22.92110,22.92110,19.04050,18.65330,0.38930,26.26110,6.89650,13.05010,20.65570,20.65560,7.26230,10.07730,0.66650,0.0609,0.0146
2016-09-30,3.65620,2.18250,1.47360,0.73960,,0.73960,0.73400,-0.17640,0.55760,0.01150,0.54610,0.54610,0.54610,0.95260,0.73400,6.83130,7.00530,0.08000,0.08000,1.58810,0.61370,1.81330,40.30500,20.07650,20.07650,15.25060,14.93590,0.30880,17.37840,4.04240,22.26420,19.92100,19.92100,4.61240,7.69550,0.40130,0.0039,-0.0125
2016-06-30,4.64480,3.10940,1.53540,0.88820,,0.88820,0.64720,-0.19250,0.45480,0.00950,0.44530,0.44530,0.44530,0.87220,0.64720,6.83130,6.92800,0.08000,0.08000,1.41990,0.67240,2.31670,33.05610,13.93420,13.93420,9.79060,9.58710,0.38720,22.22360,3.32750,27.04770,20.38810,20.38810,3.71200,6.67930,0.31970,0.20010,0.20010
2016-03-31,4.86850,3.13690,1.73170,0.90250,,0.90250,0.82910,0.05560,0.88470,,0.88550,0.88550,0.88550,1.01430,0.82910,6.59830,6.64330,0.12000,0.12000,1.08650,0.68370,2.71300,35.56870,17.03040,17.03040,18.17230,18.18810,0.40290,24.39330,2.40720,37.38770,51.23880,51.23880,7.32750,16.20720,0.25300,0.1035,0.0981
2015-12-31,3.50660,2.43490,1.07170,0.76820,,0.76820,0.30340,-0.29140,0.01200,,0.01200,0.01200,0.01200,0.55920,0.30340,6.83130,6.87750,0.00000,0.00000,1.08230,0.83330,6.15390,30.56160,8.65350,8.65350,0.34230,0.34230,0.31740,16.39110,4.57440,19.67480,1.48640,1.48640,0.10860,0.24790,0.11820,-0.0665,-0.0918
2015-09-30,4.10390,2.69630,1.40760,0.91000,,0.91010,0.49750,-0.24290,0.25460,,0.25460,0.25460,0.25460,0.76730,0.49750,6.52830,6.56430,0.04000,0.04000,0.76770,0.71890,6.60560,34.29810,12.12310,12.12310,6.20400,6.20400,0.38780,17.90000,5.01420,17.94890,32.25610,32.25610,2.40560,9.06690,0.11550,0.0598,0.0599
2015-06-30,4.37500,3.09210,1.28290,0.80420,,0.80420,0.47870,-0.27230,0.20640,,0.20640,0.20640,0.20640,0.75560,0.47870,6.21680,6.21680,0.04000,0.04000,0.74690,0.81560,10.82070,29.32270,10.94070,10.94070,4.71660,4.71660,0.39870,22.77450,5.32470,16.90240,180.21500,40.51970,1.88060,7.47220,0.08010,0.06100,0.05820
2015-03-31,3.92130,3.04120,0.88010,1.28920,,1.28920,-0.40910,-0.31730,-0.72630,-0.00770,-0.71860,-0.71860,-0.71860,-0.11120,-0.40910,6.03000,6.03000,-0.12000,-0.12000,0.73410,0.89600,20.13120,22.44480,-10.43230,-10.43230,-18.52280,-18.32610,0.34620,22.55870,4.74530,18.96620,304.86990,-249.09400,-6.34480,-25.90240,0.04680,0.0774,0.0793
2014-12-31,3.51080,3.16950,0.34140,0.70510,,0.70500,-0.36370,-0.58200,-0.94570,,-0.94570,-0.94570,-0.94570,-0.10570,-0.36370,6.16750,6.16750,-0.16000,-0.16000,0.86980,0.74900,6.59970,9.72380,-10.35860,-10.35860,-26.93710,-26.93710,0.24360,14.24850,1.69750,53.01990,-229.03720,-100.91750,-6.56230,-25.33190,0.15190,-0.0169,-0.0169
2014-09-30,4.57070,3.70300,0.86770,1.21010,,1.21010,-0.34240,-0.45910,-0.80160,-0.15280,-0.64880,-0.64880,-0.64880,-0.04450,-0.34240,6.16750,6.16750,-0.12000,-0.12000,0.70270,0.01750,2.92490,18.98430,-7.49160,-7.49160,-17.53690,-14.19410,0.30850,18.65150,2.21890,40.56080,-49.93450,-35.57920,-4.37850,-34.95810,0.29570,0.0702,0.0704
2014-06-30,6.23030,6.01210,0.21820,1.32880,,1.32880,-1.11050,-0.16050,-1.27110,,-1.27110,-1.27110,-1.27110,-0.85490,-1.11050,6.00260,6.00260,-0.20000,-0.20000,0.75760,0.01480,2.39990,3.50290,-17.82460,-17.82460,-20.40130,-20.40130,0.36160,24.82500,1.92960,46.64110,-69.93620,-54.28020,-7.37690,-53.47460,0.37970,-0.25950,-0.26850
2014-03-31,3.60820,6.26020,-2.65200,1.42420,,1.42420,-4.07620,-0.20440,-4.28060,,-4.09510,-4.09510,-4.09510,-3.90510,-4.07620,5.19170,5.19170,-0.76000,-0.76000,0.83610,0.01070,1.19150,-73.49860,-112.96950,-112.96950,-118.63550,-113.49520,0.21260,21.34210,1.57660,57.08320,-141.82990,-115.96130,-24.12660,-114.72450,0.58980,-0.3208,-0.3226
2013-12-31,5.16740,4.39470,0.77270,1.43420,,1.43420,-0.66150,-0.09620,-0.75770,,-0.75770,-0.75770,-0.75770,-0.41790,-0.66150,5.06750,5.06750,-0.16000,-0.16000,1.10460,0.00540,0.69400,14.95290,-12.80110,-12.80110,-14.66280,-14.66280,0.27410,12.47160,1.86000,48.38590,-11.61850,-10.03810,-4.01910,-9.98410,1.39410,0.4833,0.4834
2013-09-30,5.19580,4.46850,0.72730,1.48450,,1.48450,-0.75720,-0.06150,-0.81870,,-0.81870,-0.81870,-0.81870,-0.53210,-0.75720,4.98930,4.98930,-0.16000,-0.16000,1.15690,0.00530,0.66690,13.99730,-14.57360,-14.57360,-15.75640,-15.75640,0.27980,12.58140,1.69550,53.08320,-11.90050,-9.99660,-4.40920,-9.94370,1.64140,-0.0423,-0.0418
2013-06-30,7.09670,6.67640,0.42020,1.77010,,1.77010,-1.34980,-0.07410,-1.42390,,-1.42390,-1.42390,-1.42390,-1.09600,-1.34980,4.98930,4.98930,-0.28000,-0.28000,1.21220,0.00340,0.68930,5.92170,-19.02070,-19.02070,-20.06440,-20.06440,0.37250,18.19860,1.69480,53.10460,-18.73040,-15.97680,-7.47440,-15.92240,1.78630,-0.08120,-0.09250
2013-03-31,9.95480,8.32410,1.63070,1.94270,,1.94270,-0.31200,-0.09550,-0.40760,0.70770,-1.11530,-1.11530,-1.11530,-0.09080,-0.31200,4.75120,4.75120,-0.24000,-0.24000,1.27580,0.00310,0.62550,16.38080,-3.13440,-3.13440,-4.09420,-11.20340,0.46160,23.48010,2.11590,42.53450,-12.69170,-11.04490,-5.17110,-11.01100,2.02390,0.2382,0.1814
2012-12-31,7.29390,5.40980,1.88410,2.29380,,2.29380,-0.40970,-0.09260,-0.50230,0.04320,-0.54550,-0.54550,-0.54550,-0.20040,-0.40970,4.77230,4.77230,-0.12000,-0.12000,2.52220,0.31440,0.54160,25.83140,-5.61710,-5.61710,-6.88610,-7.47870,0.32530,11.40690,1.48310,60.68500,-5.50090,-4.83030,-2.43250,-3.31160,2.30960,0.1196,0.0528
2012-09-30,8.07860,6.14020,1.93840,1.92410,,1.92410,0.01430,-0.07060,-0.05640,-0.01130,-0.04500,-0.04500,-0.04500,0.22370,0.01430,4.67430,4.67430,0.00000,0.00000,2.43870,0.31720,0.55700,23.99400,0.17680,0.17680,-0.69770,-0.55730,0.34200,10.62230,1.37330,65.53430,-0.44230,-0.38590,-0.19060,-0.26350,2.46830,-0.4044,-0.416
2012-06-30,7.14570,6.04030,1.10540,2.00040,,2.00040,-0.89500,-0.07840,-0.97340,-0.26730,-0.70620,-0.70620,-0.70620,-0.68890,-0.89500,4.59850,4.59850,-0.16000,-0.16000,2.08710,0.32720,0.59220,15.46990,-12.52460,-12.52460,-13.62240,-9.88230,0.27510,13.13660,1.14710,78.45740,-7.05070,-6.11500,-2.71910,-4.11410,2.48040,0.42110,0.41670
2012-03-31,6.07920,6.07730,0.00190,2.83700,,2.83700,-2.83520,-0.04510,-2.88020,-1.61210,-1.26810,-1.26810,-1.26810,-2.52400,-2.83520,4.18460,4.18460,-0.28000,-0.24000,2.66470,0.32190,0.58630,0.03100,-46.63750,-46.63750,-47.37850,-20.86030,0.25280,16.26920,0.91380,98.49490,-12.04020,-10.41980,-5.27260,-7.06610,2.70570,0.0111,-0.0812
2011-12-31,10.86400,10.12410,0.73990,1.92410,,1.92410,-1.18420,-0.05690,-1.24100,-0.09270,-1.14830,-1.14830,-1.14830,-1.05110,-1.18420,4.26830,4.26830,-0.28000,-0.28000,3.39870,0.30620,0.54480,6.81080,-10.89990,-10.89990,-11.42330,-10.57010,0.45550,34.62370,1.95980,45.92320,-10.00880,-8.71640,-4.81500,-6.04740,3.01040,-0.4105,-0.3942
2011-09-30,7.14720,5.23170,1.91550,1.95400,,1.95400,-0.03850,-0.07010,-0.10860,-0.02050,-0.08810,-0.08810,-0.08810,0.09460,-0.03850,4.13650,4.13650,-0.04000,-0.04000,3.02360,0.30230,0.52950,26.80020,-0.53900,-0.53900,-1.51940,-1.23260,0.26940,12.96340,2.33310,38.57590,-0.71290,-0.62030,-0.33210,-0.43280,3.41220,-0.4569,-0.7809
2011-06-30,9.17640,6.74950,2.42690,1.73270,,1.73270,0.69430,-0.05670,0.63750,0.25600,0.38150,0.38150,0.38150,0.79840,0.69430,3.86830,6.03850,0.08000,0.04000,3.64040,0.26440,0.45570,26.44730,7.56560,7.56560,6.94720,4.15700,0.38080,19.10950,3.79220,23.73270,3.09950,2.67910,1.58310,1.97080,3.54250,0.22380,-0.01730
2011-03-31,8.07900,5.92030,2.15870,1.75810,,1.75800,0.40070,-0.10200,0.29860,0.11570,0.18290,0.18290,0.18290,0.49840,0.40070,3.62250,5.72410,0.04000,0.00000,4.28170,0.27350,0.47540,26.72040,4.95920,4.95920,3.69620,2.26390,0.34800,8.18390,1.41730,63.50170,1.54740,1.31970,0.78780,0.95880,3.59450,-0.1978,-0.3266
2010-12-31,9.67040,6.81440,2.85600,1.27370,,1.27370,1.58230,-0.21310,1.36920,0.54010,0.82910,0.82910,0.82910,1.67080,1.58230,3.57080,5.41180,0.24000,0.16000,4.03220,0.26820,0.46890,29.53370,16.36210,16.36210,14.15850,8.57380,0.42470,35.28010,3.10680,28.96860,7.40760,6.18600,3.64140,4.52690,3.75360,0.2171,0.2122
2010-09-30,8.38130,5.79600,2.58530,1.12140,,1.12140,1.46390,-0.10630,1.35760,0.50200,0.85560,0.85560,0.85560,1.55910,1.46390,3.55780,5.14200,0.24000,0.16000,6.61920,0.28750,0.46230,30.84660,17.46670,17.46670,16.19840,10.20880,0.38200,25.19990,1.18380,76.02620,7.40100,6.20920,3.89990,4.42410,,0.0083,-0.1302
2010-06-30,6.15350,3.83770,2.31580,1.01790,,1.01800,1.29780,-0.04740,1.25040,0.43110,0.81930,0.81930,0.81930,1.38920,1.29780,3.55780,5.19000,0.24000,0.16000,7.11790,0.28740,0.46590,37.63370,21.09120,21.09120,20.32050,13.31470,0.30130,13.70610,1.05910,84.97600,7.64940,6.34150,4.01240,4.51920,,0.19710,0.20720
2010-03-31,4.65500,15.25000,-10.59500,1.59000,,1.59000,-12.18500,-0.20900,-12.40000,0.74000,-13.14000,0.64400,0.64400,-12.07840,-12.18500,3.55770,5.44430,0.20000,0.12000,7.88430,0.30950,0.51520,-227.06770,-261.76150,-261.76150,-266.38020,13.83460,0.23960,50.93470,1.72830,52.07420,6.52530,5.33130,3.31540,3.68140,3.39530,-0.0073,-0.1605
2009-12-31,5.25560,4.24110,1.01450,0.88600,-0.10410,0.99010,0.02440,-0.09610,-0.07170,-0.27640,0.20470,0.20470,0.20470,0.33780,0.02440,3.55380,5.36200,0.04000,0.04000,4.72410,0.30760,0.51540,19.30310,0.46390,0.46390,-1.36460,3.89480,0.26400,14.62450,0.91240,98.63780,2.23420,1.79870,1.02810,1.24660,,-0.2535,-0.2564
2009-09-30,15.11700,,15.11700,,,,15.11700,,15.11000,0.00000,15.11000,1.32100,1.32100,14.99700,15.11700,3.47900,5.32500,0.36000,0.24000,,,,99.95370,100.00000,100.00000,99.95370,8.73850,,,,,,,,,,0,0
2009-06-30,3.31000,2.75000,0.56000,0.76000,,0.76000,-0.20000,-0.10100,-0.30000,-0.18000,-0.12000,-0.12000,-0.12000,-0.08000,-0.20000,,,,0.00000,2.89270,0.31980,0.53280,16.61630,-6.04230,-6.04230,-9.06340,-3.62540,0.16260,9.16670,0.63900,140.84590,-1.57670,-1.21090,-0.58940,-0.82360,,0.00000,
2009-03-31,4.27400,3.19000,1.08400,0.77000,,0.77000,0.31400,-0.12210,0.25000,-0.63000,0.88000,0.86800,0.86800,0.46400,0.31400,3.61650,5.42470,0.24000,0.16000,2.74760,0.32350,0.53970,25.73700,7.34680,7.34680,5.84930,20.30880,0.20080,9.11430,3.03120,29.69120,11.15480,8.61110,4.07700,5.82550,2.89920,1.7218,1.5208
