Date,revenue,cost-goods-sold,gross-profit,selling-general-administrative-expenses,other-operating-income-expenses,operating-expenses,operating-income,total-non-operating-income-expense,pre-tax-income,total-provision-income-taxes,income-after-taxes,income-from-continuous-operations,income-from-discontinued-operations,net-income,ebitda,ebit,basic-shares-outstanding,shares-outstanding,eps-basic-net-earnings-per-share,eps-earnings-per-share-diluted,current-ratio,long-term-debt-capital,debt-equity-ratio,gross-margin,operating-margin,ebit-margin,pre-tax-profit-margin,net-profit-margin,asset-turnover,inventory-turnover,receiveable-turnover,days-sales-in-receivables,roe,return-on-tangible-equity,roa,roi,book-value-per-share,operating-cash-flow-per-share,free-cash-flow-per-share
2023-09-30,372.86000,384.03600,-11.17600,28.70900,-5.85700,35.73300,-46.90900,-1.81400,-48.72300,8.04000,-56.76300,-56.76300,-0.05200,-72.84600,-37.09000,-46.90900,42.57000,42.57000,-1.71000,-1.71000,1.45910,-6.77970,-1.29960,-2.99740,-12.58090,-12.58090,-13.06740,-19.53710,0.43590,66.45370,2.74850,32.74530,38.39570,38.39570,-6.63540,298.70540,-3.47280,-0.2715,-0.4864
2023-06-30,381.27100,428.64400,-47.37300,6.76700,-5.81900,14.83400,-62.20700,-2.66300,-64.87000,0.30500,-65.17500,-65.17500,-0.06200,-80.83500,-51.47700,-62.20700,42.51700,42.51700,-1.90000,-1.90000,1.53990,2.59310,-2.41460,-12.42500,-16.31570,-16.31570,-17.01410,-21.20150,0.40350,59.80800,2.40680,37.39330,82.40720,82.40720,-6.89720,-131.27940,-1.85790,0.2368,0.1568
2023-03-31,404.06600,401.36100,2.70500,7.03400,-3.59300,10.70200,-7.99700,-3.28900,-11.28600,3.86000,-15.14600,-15.14600,-6.98100,-37.30000,1.80400,-7.99700,42.28400,42.28400,-0.88000,-0.88000,1.70930,1.02560,-59.18350,0.66940,-1.97910,-1.97910,-2.79310,-9.23120,0.40700,27.60580,2.26180,39.79200,470.95570,470.95720,-1.52540,-12.06910,-0.07570,-1.98330,-2.06070
2022-12-31,402.27600,386.31090,15.96510,9.77100,-3.70000,14.12410,1.84100,-10.55900,-8.71800,17.93500,-26.65300,-26.65300,-15.87500,-57.77300,13.14600,1.84100,41.95900,41.95900,-1.38000,-1.38000,1.41300,0.02320,1.21170,3.96870,0.45760,0.45770,-2.16720,-14.36150,0.41810,36.23590,2.17670,41.34680,-52.79180,-52.79180,-2.77010,-51.56820,1.20080,0.5427,0.3677
2022-09-30,384.43800,385.55000,-1.11200,8.03000,-2.96900,10.81000,-11.92200,7.98800,-3.93400,2.85200,-6.78600,-6.78600,5.31900,-16.44300,-1.19600,-11.92200,41.98400,41.98400,-0.39000,-0.39000,1.47480,0.01280,0.65890,-0.28930,-3.10120,-3.10120,-1.02330,-4.27720,0.40450,25.51620,2.08900,43.08270,-7.19790,-7.19790,-0.71400,-7.10550,2.24730,-0.6171,-0.7001
2022-06-30,392.50200,393.73700,-1.23500,6.68800,-2.26500,8.29500,-9.53000,4.69300,-4.83700,5.88200,-10.71900,-10.71900,5.20900,-20.06000,2.16600,-9.53000,41.96800,41.96800,-0.48000,-0.48000,1.43790,0.01440,0.53890,-0.31460,-2.42800,-2.42800,-1.23240,-5.11080,0.39980,28.68760,2.01370,44.69320,-9.27090,-9.27090,-1.09180,-9.13750,3.10080,0.5248,0.4657
2022-03-31,343.52500,342.49800,1.02700,7.86000,-0.90800,9.22500,-8.19800,-0.25000,-8.44800,2.94400,-11.39200,-11.39200,-4.40800,-29.93200,3.55500,-8.19800,41.89900,41.89900,-0.71000,-0.71000,1.44600,0.03800,0.36670,0.29900,-2.38640,-2.38640,-2.45920,-8.71320,0.34480,19.40610,1.82730,49.25220,-8.07760,-8.07760,-1.14360,-7.77050,3.78530,-1.93450,-2.06620
2021-12-31,129.26600,175.33300,-46.06710,5.42700,-2.43800,16.53210,-62.59910,-21.23400,-83.83300,-0.21000,-83.62300,-83.62300,,-93.31700,-46.69610,-62.59910,37.41500,37.41500,-2.47000,-2.47000,1.40750,0.06310,0.61210,-35.63740,-48.42660,-48.42660,-64.85310,-72.18990,0.12830,17.27080,0.84490,106.51900,-68.57040,-71.91960,-8.29840,-64.24630,3.28000,0.08,-0.0987
2021-09-30,479.59900,486.72900,-7.13000,8.18500,-7.25000,16.85700,-23.98700,1.55800,-22.42900,8.24800,-30.67700,-30.67700,,-30.67700,-10.58400,-23.98700,37.05200,37.05200,-0.83000,-0.83000,0.90280,0.07460,2.00000,-1.48670,-5.00150,-5.00150,-4.67660,-6.39640,0.49820,43.26100,2.69280,33.42240,-23.40610,-23.40610,-3.18690,-21.66000,3.53550,-0.6739,-0.7537
2021-06-30,458.84100,450.51500,8.32600,6.71200,-1.45100,10.35900,-2.03300,-8.87400,-10.90700,28.89000,-39.79700,-39.79700,,-39.79700,10.58200,-2.03300,36.88100,36.88100,-1.08000,-1.08000,1.26930,0.52820,1.46850,1.81460,-0.44310,-0.44310,-2.37710,-8.67340,0.48790,34.21290,3.10390,28.99570,-24.73450,-24.73450,-4.23140,-11.66950,4.34390,-0.2724,-0.4928
2021-03-31,404.68000,397.41000,7.27000,8.92200,-1.29700,10.47700,-3.20700,-5.69200,-8.89900,-7.10200,-1.79700,-1.79700,,-1.79700,8.51600,-3.20700,36.60100,36.60100,-0.05000,-0.05000,1.28000,0.48190,1.20380,1.79650,-0.79250,-0.79250,-2.19900,-0.44410,0.42420,33.59620,3.10300,29.00450,-0.92340,-0.92340,-0.18840,-0.47850,5.30090,0.18410,-0.32910
2020-12-31,-61.51210,-13.43300,-48.07900,7.85000,-0.22800,7.93990,-56.01890,0.30100,-55.71800,5.46800,-61.18600,-61.18600,,5.18400,-42.91290,-56.01890,35.53200,35.53200,0.15000,0.21000,1.34980,0.47830,1.07880,78.16190,91.06980,91.06980,90.58060,-8.42760,-0.06430,-1.23930,-0.46330,-194.25660,-30.43550,-31.52590,-6.39850,-15.87800,5.49820,0.1525,-0.2679
2020-09-30,474.11300,433.64000,40.47300,9.26300,-2.16000,11.46800,29.00500,-18.96100,10.04400,-32.33800,42.38200,42.38200,,42.38200,43.15100,29.00500,35.54600,37.42300,1.19000,1.13000,1.32290,0.52650,1.30930,8.53660,6.11770,6.11770,2.11850,8.93920,0.48100,29.76460,3.16110,28.47140,23.35710,23.35710,4.29980,11.05910,5.07700,1.6699,1.4329
2020-06-30,373.81700,378.56400,-4.74700,6.88700,-1.44000,8.50800,-13.25500,-3.53400,-16.78900,49.31200,-66.10100,-66.10100,,-66.10100,-1.57300,-13.25500,35.29900,35.29900,-1.87000,-1.87000,1.33310,0.62270,1.84640,-1.26990,-3.54590,-3.54590,-4.49120,-17.68270,0.41750,30.60840,2.80760,32.05640,-51.30270,-51.30270,-7.38320,-19.35820,3.64590,-0.8379,-1.2623
2020-03-31,356.63600,360.50900,-3.87300,9.49600,-1.91800,11.53100,-15.40400,-0.11600,-15.52000,-15.02800,-0.49200,-0.49200,,-0.49200,-4.32000,-15.40400,35.21300,35.21300,-0.01000,-0.01000,1.30320,0.49410,1.07920,-1.08600,-4.31930,-4.31930,-4.35180,-0.13800,0.38960,36.40030,2.80040,32.13880,-0.25750,-0.25750,-0.05370,-0.13030,5.41750,0.07290,-0.69340
2019-12-31,422.11310,391.31100,30.80210,12.11500,-7.55600,19.87300,10.92910,-3.38800,7.54100,8.40200,-0.86100,-0.86100,,-0.86100,21.82810,10.92910,35.06200,35.06200,-0.02000,-0.02000,1.25290,0.38410,0.68950,7.29710,2.58910,2.58910,1.78650,-0.20400,0.51060,58.13560,2.29390,39.23380,-0.41990,-0.43470,-0.10420,-0.25860,5.82840,-0.1576,-0.5978
2019-09-30,383.83600,357.90500,25.93100,10.60800,-3.35400,13.81300,12.11800,2.14900,14.26700,18.83800,-4.57100,-4.57100,,-4.57100,22.11800,12.11800,35.13100,35.13100,-0.13000,-0.13000,1.25590,0.37440,0.69190,6.75580,3.15710,3.15710,3.71700,-1.19090,0.46750,30.96330,2.51320,35.81020,-2.21720,-2.21720,-0.55680,-1.38700,5.86460,1.8274,1.1831
2019-06-30,330.77100,308.22000,22.55100,9.20800,-4.97200,18.05400,4.49700,-2.19400,2.30300,0.47500,1.82800,1.82800,,1.82800,11.67400,4.49700,35.03300,36.36900,0.05000,0.05000,1.27430,0.35200,0.70240,6.81770,1.35960,1.35960,0.69630,0.55260,0.41980,31.65130,2.14520,41.95410,0.86210,0.86210,0.23200,0.55870,6.04840,0.3047,-0.197
2019-03-31,299.78000,301.21600,-1.43600,7.98500,-2.23500,10.22000,-11.65600,-5.04800,-16.70400,-4.60000,-12.10400,-12.10400,,-12.10400,-0.94600,-11.65600,34.90600,34.90600,-0.35000,-0.35000,1.32730,0.35590,0.74760,-0.47900,-3.88820,-3.88820,-5.57210,-4.03760,0.38340,48.90660,1.79280,50.19950,-5.67520,-5.67520,-1.54810,-3.65520,6.09120,-0.34640,-0.88240
2018-12-31,290.05700,277.49200,12.56500,11.63400,,16.21500,-3.65000,-1.87400,-5.52400,3.32400,-8.84800,-8.84800,,-8.84800,3.75100,-3.65000,34.31100,36.00200,-0.26000,-0.23000,1.53380,0.33350,0.62280,4.33190,-1.25840,-1.25840,-1.90450,-3.05040,0.47950,48.38570,1.64050,54.86280,-4.00440,-4.14050,-1.46280,-2.66890,6.37170,-0.5644,-0.6323
2018-09-30,254.97600,238.00900,16.96700,9.75600,,9.75600,7.21100,-7.94800,-0.73700,-10.26900,9.53200,9.53200,,9.53200,13.11300,7.21100,34.41900,36.28200,0.28000,0.26000,1.55270,0.29050,0.58100,6.65440,2.82810,2.82810,-0.28900,3.73840,0.44370,31.96900,2.17810,41.32130,4.17060,4.17060,1.65860,2.95900,6.62250,0.3997,0.2425
2018-06-30,230.61000,215.55900,15.05100,10.98900,,10.98900,4.06200,-6.16000,-2.09800,1.95500,-4.05300,-4.05300,,-4.05300,10.27100,4.06200,34.16400,34.16400,-0.12000,-0.12000,1.65470,0.27840,0.55470,6.52660,1.76140,1.76140,-0.90980,-1.75750,0.40320,38.54090,1.93010,46.62900,-1.73140,-1.73140,-0.70870,-1.24930,6.83900,0.1597,-0.7486
2018-03-31,253.98100,225.72300,28.25800,11.16300,,11.16300,17.09500,-6.49000,10.60500,1.95700,8.64800,8.64800,,8.64800,24.34800,17.09500,34.04900,35.47900,0.25000,0.24000,1.72420,0.25380,0.51740,11.12600,6.73080,6.73080,4.17550,3.40500,0.43800,53.67970,2.15330,41.79640,3.55840,3.55840,1.49140,2.65530,7.12770,-0.08550,-0.41560
2017-12-31,253.50300,223.18100,30.32200,12.00000,,12.00000,18.32200,-4.82200,13.50000,11.29300,2.20700,2.20700,,2.20700,26.02000,18.32200,33.84400,34.86200,0.07000,0.06000,1.74160,0.28030,0.55040,11.96120,7.22750,7.22750,5.32540,0.87060,0.46450,54.27550,2.08510,43.16260,1.00070,1.01870,0.40440,0.72020,6.48290,0.8987,0.6213
2017-09-30,253.49800,223.19200,30.30600,9.31500,,9.31500,20.99100,-2.77700,18.21400,-3.52300,21.73700,21.73700,,21.73700,26.56200,20.99100,33.89100,35.01500,0.64000,0.62000,1.32090,0.37000,0.88050,11.95510,8.28050,8.28050,7.18510,8.57480,0.43980,1.71180,1.88530,47.73690,14.32250,14.32250,3.77140,9.02300,4.46460,0.4764,0.258
2017-06-30,239.58200,209.65700,29.92500,10.75200,,10.75200,19.17300,-3.89900,15.27400,5.69700,9.57700,9.57700,,9.57700,24.08000,19.17300,33.73700,33.82800,0.28000,0.28000,1.32520,0.41010,0.99320,12.49050,8.00270,8.00270,6.37530,3.99740,0.46080,1.79610,2.04420,44.02740,7.41050,7.41050,1.84210,4.37130,3.83070,0.471,0.1812
2017-03-31,208.61500,188.69700,19.91800,8.30600,,8.30600,11.61200,-4.06800,7.54400,2.33100,5.21300,5.21300,,5.21300,15.70700,11.61200,33.73700,33.82700,0.15000,0.15000,1.31170,0.43990,1.07520,9.54770,5.56620,5.56620,3.61620,2.49890,0.43650,1.56440,2.16040,41.65930,4.65170,4.65170,1.09070,2.60540,3.32180,0.29380,-0.20650
2016-12-31,199.71600,170.80800,28.90790,9.73800,,9.73810,19.16990,-9.13500,10.03500,-0.91100,10.94600,10.94600,,10.94600,23.04290,19.16990,17.53000,17.61600,-0.84000,-0.85000,1.37490,0.45730,1.15630,14.47460,9.59860,9.59860,5.02460,5.48080,0.45680,1.62050,2.94380,30.57230,10.27730,10.58250,2.50360,5.57730,3.15700,2.375,1.3343
2016-09-30,198.93800,176.73600,22.20200,14.06500,,14.06500,8.13700,-5.03100,3.10600,0.30900,2.79700,2.79700,,2.20100,13.61900,8.13700,27.28400,27.37500,0.08000,0.08000,1.42080,0.43270,1.01040,11.16030,4.09020,4.09020,1.56130,1.10640,0.45310,1.65130,1.98640,45.30810,2.54770,2.54770,0.63700,1.44520,3.25410,-1.3755,1.2897
2016-06-30,194.25500,171.43700,22.81800,5.34000,,5.34000,17.47800,-3.97000,13.50800,1.95300,11.55500,11.55500,,9.11700,21.81200,17.47800,4.23800,4.24400,2.15000,2.15000,1.12270,-1.01240,-0.65190,11.74640,8.99750,8.99750,6.95370,4.69330,0.55090,1.66760,2.21860,40.56540,-6.29370,-6.29370,3.27690,-12.66550,-43.32140,2.6663,1.8791
2016-03-31,176.11000,163.17200,12.93800,4.74900,,4.74900,8.18900,-4.14000,4.04900,2.30300,1.74600,1.74600,,-0.69100,12.36700,8.18900,4.23800,4.23800,-0.16000,-0.16000,1.01430,-0.68040,-0.68510,7.34650,4.64990,4.64990,2.29910,-0.39240,0.49130,1.54360,2.02350,44.47720,-0.91190,-0.91190,0.48710,-1.53250,-45.17700,-0.26880,-2.83790
2015-12-31,178.94600,157.75000,21.19600,4.61000,,4.61000,16.58600,-3.90000,12.70000,1.24000,11.46000,11.47600,0.00000,11.47600,20.63200,16.58600,4.23800,4.24400,2.15000,2.15000,1.04630,-0.67840,-0.67650,11.85270,9.26870,9.26870,7.09710,6.41310,0.54240,1.57070,2.45420,36.67120,-6.00220,-5.90260,3.47840,-10.07410,-45.11490,6.5446,6.2704
2015-09-30,161.57800,153.74300,7.83500,3.42300,,3.42300,4.41200,-4.92900,-0.51700,1.63000,-2.14700,-2.14700,,-4.50200,8.63900,4.41200,4.23800,4.23800,-1.06000,-1.06000,,,,4.84910,2.73060,2.73060,-0.32000,-2.78630,,,,,,,,,,0.8122,-0.3392
2015-06-30,149.73900,137.58900,12.15000,2.89900,,2.89900,9.25100,-3.93700,5.31400,1.22400,4.09000,4.09000,,1.73400,13.31100,9.25100,4.23800,4.24400,0.41000,0.41000,,,,8.11410,6.17810,6.17810,3.54880,1.15800,,,,,,,,,,-0.1796,-2.4629
2015-03-31,95.58900,95.03800,0.55100,3.20800,,3.20800,-2.65700,-3.20000,-5.85700,-0.12000,-5.73700,-5.73700,,-8.09300,0.74000,-2.65700,4.23800,4.23800,-1.91000,-1.91000,,,,0.57640,-2.77960,-2.77960,-6.12730,-8.46650,,,,,,,,,,0.19560,-2.30670
2014-12-31,,,,,,,,,,,,,,,,,,,,0.00000,,,,,,,,,,,,,,,,,,0,0
2013-12-31,,,,,,,,,,,,,,,,,,,,0.00000,,,,,,,,,,,,,,,,,,0,0
