Date,revenue,cost-goods-sold,gross-profit,selling-general-administrative-expenses,other-operating-income-expenses,operating-expenses,operating-income,total-non-operating-income-expense,pre-tax-income,total-provision-income-taxes,income-after-taxes,income-from-continuous-operations,net-income,ebitda,ebit,basic-shares-outstanding,shares-outstanding,eps-basic-net-earnings-per-share,eps-earnings-per-share-diluted,current-ratio,long-term-debt-capital,debt-equity-ratio,gross-margin,operating-margin,ebit-margin,pre-tax-profit-margin,net-profit-margin,asset-turnover,inventory-turnover,receiveable-turnover,days-sales-in-receivables,roe,return-on-tangible-equity,roa,roi,book-value-per-share,operating-cash-flow-per-share,free-cash-flow-per-share
2024-03-31,373.63500,204.02300,169.61200,50.60000,,50.60000,119.01200,0.00500,119.01700,29.94700,89.07000,89.07000,89.07000,133.16600,119.01200,108.64000,108.79100,0.82000,0.82000,1.39050,,0.27730,45.39510,31.85250,31.85250,31.85380,23.83880,0.28900,1.64690,1.00040,89.96030,11.07640,11.33080,6.88890,11.07640,7.39830,-1.59980,-1.94550
2023-12-31,195.74500,125.10900,70.63600,42.51000,,42.51000,28.12600,2.55100,30.67700,8.72600,21.95100,21.95100,21.95100,41.12100,28.12600,108.68000,108.80900,0.20000,0.20000,1.89160,,0.00770,36.08570,14.36870,14.36870,15.67190,11.21410,0.20980,1.16830,4.75850,18.91360,3.06290,3.14260,2.35300,3.06290,6.59850,0.9274,0.4398
2023-09-30,303.83600,172.94100,130.89500,44.53200,,44.53200,86.36300,0.73400,87.09700,21.83100,65.26600,65.26600,65.26600,99.35900,86.36300,108.58300,108.70200,0.60000,0.60000,1.49790,,0.08170,43.08080,28.42420,28.42420,28.66580,21.48070,0.30480,2.86400,1.51230,59.51170,9.43630,9.69220,6.54750,9.43630,6.36910,1.6615,1.3792
2023-06-30,356.53800,200.09000,156.44800,51.68100,,51.68100,104.76700,-1.30500,103.46200,26.42600,77.03600,77.03600,77.03600,117.05000,104.76700,108.77000,108.87100,0.71000,0.71000,1.14450,,0.33040,43.87980,29.38450,29.38450,29.01850,21.60670,0.33330,2.70370,1.33630,67.34970,12.35490,12.73000,7.20090,12.35490,5.74320,2.0502,1.6535
2023-03-31,238.71800,144.29000,94.42800,37.48000,,37.48000,56.94800,-1.98500,54.96300,13.83200,41.13100,41.13100,41.13100,68.86300,56.94800,108.77200,108.91600,0.38000,0.38000,1.02620,,0.65960,39.55630,23.85580,23.85580,23.02420,17.23000,0.21070,1.12920,0.79030,113.88500,7.34250,7.59290,3.62990,7.34250,5.14850,-1.06020,-1.42000
2022-12-31,192.09400,126.60200,65.49200,35.44600,,50.86900,14.62300,0.00100,14.62400,4.54800,10.07600,10.07600,10.07600,25.65200,14.62300,111.71100,111.88000,0.11000,0.11000,0.98710,,0.42830,34.09370,7.61240,7.61240,7.61290,5.24540,0.20570,0.89560,1.95900,45.94170,1.94390,2.01610,1.07910,1.94390,4.76670,-0.2831,-0.8124
2022-09-30,188.47200,142.26400,46.20800,26.85700,,26.85700,19.35100,,19.35100,4.92800,14.42300,14.42300,14.42300,30.81600,19.35100,110.14000,110.30000,0.13000,0.13000,1.35820,,0.13660,24.51720,10.26730,10.26730,10.26730,7.65260,0.22390,1.07680,2.12360,42.38170,2.59160,2.68160,1.71320,2.59160,5.06520,0.5382,0.1457
2022-06-30,386.24900,228.87200,157.37700,39.56800,,39.56800,117.80900,0.11600,117.92500,29.00900,88.91600,88.91600,88.91600,129.14000,117.80900,113.10000,113.25900,0.79000,0.79000,2.29970,,,40.74500,30.50080,30.50080,30.53080,23.02040,0.43530,2.26890,2.16890,41.49540,13.86120,14.27950,10.02100,13.86120,5.74990,1.0343,0.6406
2022-03-31,339.22800,204.31600,134.91200,39.96000,,39.96000,94.95200,-0.01400,94.93800,23.72700,71.21100,71.21100,71.21100,105.42500,94.95200,114.63800,114.85400,0.62000,0.62000,3.05660,,,39.77030,27.99060,27.99060,27.98650,20.99210,0.34890,2.08110,1.68840,53.30570,9.87580,10.14160,7.32330,9.87580,6.30480,0.64320,0.44920
2021-12-31,303.96000,185.78000,118.18000,36.74500,-51.00100,87.74600,30.43400,0.01500,30.44900,5.41800,25.03100,25.03100,25.03100,95.02100,30.43400,115.46100,115.76300,0.22000,0.21000,4.52140,,,38.88010,10.01250,10.01250,10.01740,8.23500,0.33030,2.21820,2.01170,44.73830,3.45240,3.54530,2.71980,3.45240,6.29650,1.2514,0.9508
2021-09-30,335.87200,207.62200,128.25000,33.93100,3.77700,30.15400,98.09600,0.01000,98.10600,24.31100,73.79500,73.79500,73.79500,107.99800,98.09600,115.34400,115.62600,0.64000,0.64000,2.64740,,,38.18420,29.20640,29.20640,29.20930,21.97120,0.35230,2.81960,1.26480,71.15930,10.23780,11.39770,7.73980,10.23780,6.24890,1.1355,0.8794
2021-06-30,311.59600,193.32300,118.27300,36.89900,0.98300,35.91600,82.35700,-0.01300,82.34400,20.97800,61.36600,61.36600,61.36600,91.63600,82.35700,115.36300,115.66300,0.53000,0.53000,2.19720,,0.07630,37.95720,26.43070,26.43070,26.42650,19.69410,0.34670,2.50310,1.18090,76.21300,9.45870,10.66640,6.82740,9.45870,5.62470,1.0712,0.7609
2021-03-31,245.52400,149.72300,95.80100,32.04900,0.73700,31.31200,64.48900,0.00300,64.49200,15.94700,48.54500,48.54500,48.54500,70.91200,64.48900,115.66300,116.01700,0.42000,0.42000,1.74040,,0.23050,39.01900,26.26590,26.26590,26.26710,19.77200,0.27270,1.99600,0.79320,113.46110,8.22600,9.39730,5.39220,8.22600,5.11560,-1.22890,-1.72710
2020-12-31,228.28600,135.89400,92.39190,34.22500,,34.22500,58.16690,0.19800,58.36500,15.06400,43.30100,43.30100,43.30100,63.65590,58.16700,115.88900,116.25300,0.37000,0.37000,3.02760,,,40.47210,25.47990,25.47990,25.56660,18.96790,0.29630,1.99150,2.13860,42.08460,7.35750,8.41020,5.61990,7.35750,5.08230,1.5033,0.8753
2020-09-30,231.50200,146.53800,84.96400,28.02700,,28.02700,56.93700,0.20800,57.14500,14.43500,42.71000,42.71000,42.71000,61.47200,56.93700,115.77300,116.13500,0.37000,0.37000,3.11420,,,36.70120,24.59460,24.59460,24.68450,18.44910,0.32230,2.84090,0.91350,98.51940,7.85020,9.08160,5.94650,7.85020,4.69890,0.3864,0.0674
2020-06-30,220.64800,128.24300,92.40500,29.00900,,29.00900,63.39600,0.07100,63.46700,16.24900,47.21800,47.21800,47.21800,67.46000,63.39600,115.73400,116.06200,0.41000,0.41000,2.96220,,,41.87890,28.73170,28.73170,28.76390,21.39970,0.32880,2.58300,0.88370,101.84270,9.45000,11.08960,7.03710,9.45000,4.31650,0.6539,0.3094
2020-03-31,200.39500,110.69900,89.69600,34.56100,,34.56100,55.13500,0.52200,55.65700,13.25500,42.40200,42.40200,42.40200,58.98600,55.13500,116.25900,116.64700,0.37000,0.36000,2.75230,,0.06310,44.75960,27.51320,27.51320,27.77370,21.15920,0.31770,1.88530,0.83070,108.34490,9.38670,11.22510,6.72130,9.38670,3.90410,-0.93250,-1.10900
2019-12-31,164.77200,93.50900,71.26300,25.02400,,25.02400,46.23900,0.70200,46.94100,11.44400,35.49700,35.49700,35.49700,49.79300,46.23900,116.86100,117.31500,0.30500,0.30500,3.85410,,,43.24950,28.06240,28.06240,28.48850,21.54310,0.27820,1.66660,2.10000,42.85670,7.90270,9.46360,5.99370,7.90270,3.85620,0.4883,0.2299
2019-09-30,194.55100,112.12000,82.43100,27.40900,,27.40900,55.02200,0.74400,55.76600,13.79000,41.97600,41.97600,41.97600,58.70700,55.02200,116.80200,117.21100,0.36000,0.36000,3.51730,,,42.36990,28.28150,28.28150,28.66400,21.57580,0.34090,2.55260,1.65740,54.30320,9.91050,12.01510,7.35430,9.91050,3.62910,0.4777,0.3253
2019-06-30,206.45300,123.00900,83.44400,35.70500,,35.70500,47.73900,0.00100,47.74000,12.03000,35.71000,35.71000,35.71000,51.13700,47.73900,116.97200,117.37400,0.30500,0.30500,3.51250,,,40.41790,23.12340,23.12340,23.12390,17.29690,0.38500,2.86610,1.75100,51.40060,9.12060,11.25650,6.65990,9.12060,3.34990,1.3016,1.2127
2019-03-31,179.57100,110.20600,69.36500,30.16600,,30.16600,39.19900,0.05600,39.25500,7.70000,31.55500,31.55500,31.55500,42.59300,39.19900,117.08600,117.65800,0.27000,0.27000,2.73310,,0.09640,38.62820,21.82920,21.82920,21.86040,17.57240,0.33520,2.19730,0.81870,109.93450,8.68910,10.92780,5.89100,8.68910,3.10190,-0.93480,-1.00830
2018-12-31,139.97100,80.11500,59.85600,27.62100,,27.62100,32.23500,0.56900,32.80400,7.63200,25.17200,25.17200,25.17200,35.66800,32.23500,117.47900,118.13500,0.22000,0.21000,2.91270,,,42.76320,23.02980,23.02980,23.43630,17.98370,0.30090,1.38600,1.53540,58.61690,7.33960,9.37640,5.41190,7.33960,2.92870,0.1929,0.0895
2018-09-30,166.38000,99.17000,67.21000,28.13200,,28.13200,39.07800,0.22200,39.30000,9.82900,29.47100,29.47100,29.47100,42.87900,39.07800,117.48400,118.16800,0.25000,0.25000,3.28030,,,40.39550,23.48720,23.48720,23.62060,17.71310,0.38260,2.79740,1.89250,47.55590,8.96720,11.60070,6.77640,8.96720,2.79690,0.9905,0.9574
2018-06-30,206.69200,115.57700,91.11500,33.51300,,33.51300,57.60200,-0.37000,57.23200,14.41300,42.81900,42.81900,42.81900,62.20000,57.60200,117.52200,118.10200,0.36500,0.36500,2.66430,,0.02850,44.08250,27.86850,27.86850,27.68950,20.71630,0.49870,3.19380,1.20780,74.51570,14.36880,19.21190,10.33170,14.36880,2.53740,0.8144,0.711
2018-03-31,171.20700,94.49400,76.71300,28.95900,,28.95900,47.75400,-0.22900,47.52500,10.41500,37.11000,37.11000,37.11000,52.51900,47.75400,117.71000,118.40000,0.31500,0.31500,1.76370,,0.32270,44.80720,27.89260,27.89260,27.75880,21.67550,0.38440,2.22590,0.82900,108.56590,14.17180,19.35190,8.33210,14.17180,2.22550,-0.82860,-0.87430
2017-12-31,122.21200,71.30600,50.90600,25.58400,,25.58400,25.32200,0.05300,25.37500,7.07600,18.29900,18.29900,18.29900,30.11700,25.32200,117.57000,118.30200,0.15750,0.15250,2.38040,,,41.65390,20.71970,20.71970,20.76310,14.97320,0.37460,2.06540,1.82730,49.25360,7.91310,11.44180,5.60930,7.91310,1.96450,0.0764,0.0436
2017-09-30,140.19400,84.91000,55.28400,24.91900,,24.91900,30.36500,-0.05900,30.30600,10.20800,20.09800,20.09800,20.09800,34.91700,30.36500,117.61600,118.31200,0.17000,0.17000,2.00370,,,39.43390,21.65930,21.65930,21.61720,14.33590,0.45050,3.26210,1.98010,45.45260,9.49920,14.45580,6.45830,9.49920,1.79760,0.7837,0.7501
2017-06-30,157.94100,85.92700,72.01400,27.22100,,27.22100,44.79300,-0.25100,44.54200,15.76000,28.78200,28.78200,28.78200,48.54200,44.79300,117.55800,118.20200,0.24500,0.24500,2.93150,,,45.59550,28.36060,28.36060,28.20170,18.22330,0.55900,3.18950,1.21600,74.01050,15.09380,15.97550,10.18730,15.09390,1.62120,0.7321,0.7082
2017-03-31,144.80600,79.63700,65.16900,23.26900,,23.26900,41.90000,-0.20400,41.69600,13.74700,27.94900,27.94900,27.94900,45.66400,41.90000,117.45200,118.24400,0.23750,0.23750,1.62310,,0.47850,45.00440,28.93530,28.93530,28.79440,19.30100,0.44790,2.64500,0.84540,106.45910,17.36680,18.58180,8.64480,17.36680,1.36840,-0.73110,-0.76750
2016-12-31,95.32200,57.20900,38.11300,18.35400,,18.35400,19.75900,-0.01800,19.74100,7.11200,12.62900,12.62900,12.62900,23.36400,19.75900,117.57800,118.45000,0.11000,0.11250,2.05600,,,39.98340,20.72870,20.72870,20.70980,13.24880,0.43050,2.00410,1.98430,45.35690,9.41330,10.21450,5.70340,9.41330,1.14080,0.0122,-0.0385
2016-09-30,106.16800,76.22300,29.94500,19.37900,,19.37900,10.56600,-0.07700,10.48900,2.70200,7.78700,7.78700,7.78700,14.04200,10.56600,117.18000,118.06800,0.06750,0.06500,2.02920,,,28.20530,9.95220,9.95220,9.87960,7.33460,0.50400,4.61760,2.31780,38.83040,6.46120,7.07940,3.69660,6.46120,1.02500,0.5685,0.54
2016-06-30,146.45000,85.04000,61.41000,24.79500,,24.79500,36.61500,-0.45800,36.15700,12.43200,23.72500,23.72500,23.72500,40.20300,36.61500,117.05600,117.91200,0.20250,0.20000,1.34520,,0.38300,41.93240,25.00170,25.00170,24.68900,16.20010,0.60570,4.53400,1.53100,58.78360,21.13170,23.31720,9.81190,21.13170,0.95640,0.8425,0.8204
2016-03-31,131.67600,74.04900,57.62700,20.61200,,20.61200,37.01500,-0.57200,36.44300,12.73700,23.70600,23.70600,23.70600,40.84400,37.01500,118.79200,119.64000,0.20000,0.19750,1.04950,,1.61630,43.76420,28.11070,28.11070,27.67630,18.00330,0.42110,2.88580,0.84230,106.84750,27.07770,30.77740,7.58120,27.07770,0.74620,-0.70310,-0.68800
2015-12-31,89.20200,57.24700,31.95500,18.70000,,18.70000,13.25500,-0.13700,13.11800,5.03200,8.08600,8.08600,8.08600,16.71900,13.25500,125.40000,126.72800,0.06750,0.06750,1.63820,,0.06010,35.82320,14.85950,14.85950,14.70600,9.06480,0.42080,2.47780,1.88250,47.80990,6.94300,7.63280,3.81420,6.94300,0.94210,0.3979,0.3587
2015-09-30,94.02300,71.88000,22.14300,15.69800,,15.69800,6.44500,-0.15700,6.28800,2.54400,3.74400,3.74400,3.74400,10.04300,6.44500,124.91200,126.14800,0.03000,0.03000,1.28880,,0.44910,23.55060,6.85470,6.85470,6.68770,3.98200,0.40420,4.23950,1.16950,76.95610,3.46670,3.84110,1.60940,3.46670,0.87480,0.3133,0.2782
2015-06-30,136.77900,84.25500,52.52400,22.47200,,22.47200,30.05200,-0.18800,29.86400,11.14900,18.71500,18.71500,18.71500,33.73800,30.05200,126.94000,128.57200,0.14750,0.14500,1.69130,,0.24750,38.40060,21.97120,21.97120,21.83380,13.68270,0.49420,4.52350,1.09890,81.89740,12.35400,13.27680,6.76210,12.35400,1.18160,0.4143,0.3754
2015-03-31,120.80000,72.55300,48.24700,20.59300,,20.59300,27.65400,-0.13700,27.51700,9.96400,17.55300,17.55300,17.55300,31.29000,27.65400,126.73600,128.38000,0.13750,0.13750,1.37480,,0.63860,39.93960,22.89240,22.89240,22.77900,14.53060,0.41670,3.16550,0.88180,102.06430,13.34430,14.50580,6.05520,13.34430,1.02510,-0.63130,-0.70190
2014-12-31,74.20200,47.56800,26.63400,17.90200,,17.90200,8.73200,-0.08700,8.64500,3.49300,5.15200,5.15200,5.15200,12.48700,8.73200,129.28000,131.00400,0.04250,0.04000,1.72360,,,35.89390,11.76790,11.76790,11.65060,6.94320,0.37890,2.00310,2.03900,44.13880,4.54380,5.00920,2.63090,4.54380,0.88530,0.0936,0.0634
2014-09-30,95.50200,65.13300,30.36900,15.90200,,15.90200,14.46700,-0.16700,14.30000,5.38700,8.91300,8.91300,8.91300,18.25600,14.46700,126.42400,128.03600,0.07000,0.07000,1.56730,,0.02800,31.79930,15.14840,15.14840,14.97350,9.33280,0.51380,4.44930,2.12340,42.38580,8.32100,9.22870,4.79540,8.32100,0.83680,0.268,0.2363
2014-06-30,121.31100,76.28500,45.02600,20.34400,,20.34400,24.68200,-0.30100,24.38100,9.22000,15.16100,15.16100,15.16100,28.54500,24.68200,131.59200,133.22800,0.11500,0.11500,1.22050,,0.36180,37.11620,20.34610,20.34610,20.09790,12.49760,0.57280,3.62310,2.01870,44.58270,15.67220,17.58820,7.15880,15.67220,0.75630,0.6963,0.6832
2014-03-31,100.64500,62.47800,38.16700,18.22200,,18.22200,19.94500,-0.32300,19.62200,7.32700,12.29500,12.29500,12.29500,23.74200,19.94500,132.51600,134.40000,0.09250,0.09250,1.39530,,0.63890,37.92240,19.81720,19.81720,19.49630,12.21620,0.36730,2.06790,0.86410,104.15120,9.81860,10.72090,4.48730,9.81860,0.93290,-0.61030,-0.63380
2013-12-31,63.83100,44.14600,19.68500,15.35800,,15.35800,4.32700,-0.07100,4.25600,-10.84700,15.10300,15.10300,15.10300,8.13800,4.32700,134.36000,137.09600,0.11250,0.11380,1.61450,,,30.83920,6.77880,6.77880,6.66760,23.66090,0.33920,1.96830,1.70950,52.64560,14.16580,15.72020,8.02680,14.16580,0.79620,-0.0688,-0.0975
2013-09-30,72.24900,72.09800,0.15100,15.37500,,15.37500,-15.22400,-0.07000,-15.29400,0.00400,-15.29800,-15.29800,-15.29800,-11.12100,-15.22400,134.64000,134.64000,-0.11250,-0.11250,1.58570,,,0.20900,-21.07160,-21.07160,-21.16850,-21.17400,0.41650,6.45060,2.88650,31.17970,-16.30730,-18.37220,-8.81960,-16.30730,0.70310,0.2323,0.2024
2013-06-30,98.55100,61.62900,36.92200,23.39200,,23.39200,13.53000,-0.21000,13.32000,0.09600,13.22400,13.22400,13.22400,17.70700,13.53000,136.09600,139.12000,0.09750,0.09500,2.06550,,,37.46490,13.72890,13.72890,13.51580,13.41840,0.49130,4.11880,1.90370,47.27620,10.10960,10.99620,6.59310,10.10960,0.94940,0.6434,0.6213
2013-03-31,107.88000,66.02000,41.86000,19.84200,,19.84200,22.01800,-0.25100,21.76700,0.19800,21.56900,21.56900,21.56900,26.18200,22.01800,135.06400,138.24000,0.16000,0.15630,1.32230,,0.61520,38.80240,20.40970,20.40970,20.17710,19.99350,0.42510,4.39140,0.91500,98.35850,18.43000,20.25560,8.49930,18.43000,0.85180,-0.47710,-0.49040
2012-12-31,46.15600,32.72900,13.42700,16.60400,,16.60400,-3.17700,-0.08300,-3.26000,0.35800,-3.61800,-3.61800,-3.61800,0.93100,-3.17700,128.98800,136.52000,-0.04000,-0.02500,1.23910,,0.05320,29.09050,-6.88320,-6.88320,-7.06300,-7.83860,0.27370,1.86800,1.71090,52.60270,-3.84950,-4.33630,-2.14570,-3.84950,0.69070,-0.0098,-0.0232
2012-09-30,70.81900,68.67300,2.14600,15.83600,,15.83600,-13.69000,-0.15300,-13.84300,0.46900,-14.31200,-14.31200,-14.31200,-9.49300,-13.69000,133.41600,133.41600,-0.10750,-0.10750,1.18610,,0.02040,3.03030,-19.33100,-19.33100,-19.54700,-20.20930,0.43070,7.98430,2.11550,42.54280,-14.57330,-16.32770,-8.70430,-14.57330,0.72500,0.1914,0.1705
2012-06-30,94.27900,60.68900,33.59000,20.86600,,20.86600,12.72400,-4.29900,8.42500,0.08600,8.33900,8.33900,8.33900,19.75800,12.72400,124.56800,137.68000,0.06750,0.06000,1.02280,,1.03870,35.62830,13.49610,13.49610,8.93620,8.84500,0.33360,4.51620,1.90660,47.20470,7.41120,8.17830,2.95100,7.41120,0.89420,0.6005,0.588
2012-03-31,96.10000,60.68100,35.41900,18.60100,,18.60100,16.81800,-4.41100,12.40700,0.09600,12.31100,12.31100,12.31100,23.93800,16.81800,123.79200,133.74400,0.10000,0.09250,0.96550,,1.20500,36.85640,17.50050,17.50050,12.91050,12.81060,0.34620,3.25110,0.92660,97.12600,11.78810,13.11360,4.43440,11.78810,0.83230,-0.33940,-0.34820
2011-12-31,51.46200,52.51400,-1.05200,13.60800,,13.60800,-14.66000,-3.59600,-18.25600,-0.00100,-18.25500,-18.25500,-18.25500,-7.87000,-14.66000,123.10400,123.10400,-0.14880,-0.14250,0.84600,,0.93430,-2.04420,-28.48700,-28.48700,-35.47470,-35.47280,0.22560,1.81730,1.74360,51.61590,-19.73540,-22.27820,-8.00340,-19.73540,0.74110,-0.0586,-0.0689
2011-09-30,67.91600,50.64400,17.27200,12.99100,,12.99100,4.28100,-4.79500,-0.51400,-0.01800,-0.49600,-0.49600,-0.49600,11.71500,4.28100,123.41600,123.41600,-0.00380,-0.00380,0.90270,,0.76430,25.43140,6.30340,6.30340,-0.75680,-0.73030,0.29350,1.53500,4.63310,19.42560,-0.44990,-0.49750,-0.21440,-0.44990,0.88370,0.3097,0.2954
2011-06-30,78.40500,54.86300,23.54200,17.36400,,17.36400,6.17800,-4.01000,2.16800,0.06200,2.10600,2.10600,2.10600,13.44400,6.17800,123.17600,137.22400,0.01750,0.01500,0.89320,,0.78920,30.02620,7.87960,7.87960,2.76510,2.68610,0.32180,1.40540,1.66660,54.00120,1.91280,2.11580,0.86440,1.91280,0.88310,0.0937,0.0751
2011-03-31,69.00600,45.97700,23.02900,16.65700,,16.65700,6.37200,-3.96300,2.40900,-2.64800,5.05700,5.05700,5.05700,13.59000,6.37200,122.34400,134.59200,0.04130,0.03750,0.88270,,0.78370,33.37250,9.23400,9.23400,3.49100,7.32830,0.28740,1.16090,1.30120,69.16620,4.68650,5.00360,2.10640,4.68650,0.86710,-0.06990,-0.08670
2010-12-31,75.27200,56.72100,18.55100,15.45900,,15.45900,3.09200,-3.71000,-0.61800,-0.10600,-0.51200,-0.51200,-0.51200,10.01200,3.09200,121.49600,121.49600,-0.00380,-0.00250,2.43050,0.45090,0.82680,24.64530,4.10780,4.10780,-0.82100,-0.68020,0.30370,1.95450,1.40950,63.85080,-0.49750,-0.53290,-0.20660,-0.27320,0.83230,-0.0995,-0.13
2010-09-30,60.57900,51.40000,9.17900,14.02400,,14.02400,-4.84500,-3.90700,-8.75200,0.06900,-8.82100,-8.82100,-8.82100,2.18000,-4.84500,121.65600,121.65600,-0.07250,-0.07250,2.94190,0.40840,0.69500,15.15210,-7.99780,-7.99780,-14.44730,-14.56120,0.24020,0.89820,4.62220,19.47110,-7.37220,-7.81900,-3.49790,-4.36170,0.96770,0.1906,0.1736
2010-06-30,115.49900,85.62800,29.87100,21.22800,,21.22800,8.64300,-3.86800,4.77500,0.00000,4.77500,4.77500,4.77500,16.12500,8.64300,121.51200,127.04000,0.03880,0.03750,2.72640,0.38780,0.63790,25.86260,7.48320,7.48320,4.13420,4.13420,0.42900,1.68200,2.13850,42.08610,3.75190,3.96490,1.77380,2.29690,1.02950,0.3828,0.3712
2010-03-31,66.34000,51.12600,15.21400,17.05300,,17.05300,-1.83900,-3.80300,-5.64200,-0.13400,-5.50800,-5.50800,-5.50800,5.67100,-1.83900,121.14400,121.14400,-0.04500,-0.04500,1.85030,0.39410,0.88620,22.93340,-2.77210,-2.77210,-8.50470,-8.30270,0.23810,0.98260,0.91840,97.99340,-4.54590,-4.81780,-1.97690,-2.75420,0.98000,-0.31760,-0.33980
2009-12-31,51.23200,34.50300,16.72900,17.32000,,17.32000,-0.59100,-3.68600,-4.27700,-5.60800,1.33100,1.33100,1.33100,6.90100,-0.59100,120.49600,120.49600,0.01130,0.01130,2.08300,0.41140,0.70390,32.65340,-1.15360,-1.15360,-8.34830,2.59800,0.20950,1.14610,1.30680,68.87020,1.20780,1.28770,0.54430,0.71090,0.89460,-0.105,-0.1209
2009-09-30,61.94900,43.46700,18.48200,13.96400,-23.25100,37.21500,-18.73300,-3.93000,-22.66300,-0.20100,-22.46200,-22.46200,-22.46200,-10.39900,-18.73300,120.65600,120.65600,-0.18630,-0.18630,2.42110,0.39590,0.66660,29.83420,-30.23940,-30.23940,-36.58330,-36.25890,0.24740,1.15370,4.08580,22.02750,-18.36590,-19.45340,-8.97070,-11.09470,0.99350,0.1617,0.1546
2009-06-30,91.45500,62.89300,28.56200,17.42300,,17.42300,11.13900,-3.64300,7.49600,0.11800,7.37800,7.37800,7.37800,18.89700,11.13900,120.40800,120.85600,0.06130,0.06130,2.36850,0.42100,0.73640,31.23070,12.17980,12.17980,8.19640,8.06740,0.29230,1.56930,2.40650,37.39840,5.13790,5.39480,2.35810,2.97500,1.16880,0.2425,0.2253
2009-03-31,67.65000,50.89600,16.75400,16.55000,,16.55000,0.20400,-3.44000,-3.23600,-0.12000,-3.11600,-3.11600,-3.11600,7.93800,0.20400,120.08800,120.08800,-0.02630,-0.02630,2.84790,0.42990,0.76370,24.76570,0.30160,0.30160,-4.78340,-4.60610,0.23040,0.83250,3.35080,26.85900,-2.27170,-2.39080,-1.06100,-1.29510,1.11370,-0.00820,-0.02510
