Date,revenue,cost-goods-sold,gross-profit,selling-general-administrative-expenses,other-operating-income-expenses,operating-expenses,operating-income,total-non-operating-income-expense,pre-tax-income,income-after-taxes,income-from-continuous-operations,income-from-discontinued-operations,net-income,ebitda,ebit,basic-shares-outstanding,shares-outstanding,eps-basic-net-earnings-per-share,eps-earnings-per-share-diluted,long-term-debt-capital,debt-equity-ratio,operating-margin,ebit-margin,pre-tax-profit-margin,net-profit-margin,asset-turnover,roe,return-on-tangible-equity,roa,roi,book-value-per-share,operating-cash-flow-per-share,free-cash-flow-per-share
2023-12-31,86.48400,21.64900,64.83500,9.73000,-0.09200,28.40500,36.43000,21.12700,57.55700,57.55700,57.55700,,57.28000,52.16000,36.43000,83.16900,83.37100,0.68000,0.68000,0.21630,0.27600,42.12340,42.12340,66.55220,66.23190,0.02210,1.97480,1.97480,1.47410,1.54760,33.31500,0.4864,-1.2481
2023-09-30,82.92000,20.46900,62.45100,9.11900,-0.05100,27.41500,35.03600,-4.72100,30.31500,30.31500,30.31500,,30.16500,50.17300,35.03600,84.04100,84.26700,0.36000,0.36000,0.22700,0.29370,42.25280,42.25280,36.55930,36.37840,0.02220,1.10760,1.10760,0.81070,0.85610,32.24860,0.6177,-0.1795
2023-06-30,79.53500,18.58600,60.94900,9.76600,-0.02700,28.02500,32.92400,7.33000,40.25400,40.25400,40.25400,,40.07400,47.89800,32.92400,83.11600,83.11600,0.48000,0.48000,0.23270,0.30340,41.39560,41.39560,50.61170,50.38540,0.02190,1.52000,1.52000,1.10670,1.16620,31.81630,0.5682,0.2031
2023-03-31,74.65100,18.38100,56.27000,9.32000,-0.04800,27.52700,28.74300,-5.41200,23.33100,23.33100,23.33100,,23.22600,43.74400,28.74300,79.89600,80.34500,0.29000,0.29000,0.23550,0.30800,38.50320,38.50320,31.25340,31.11280,0.02090,0.89740,0.89740,0.65200,0.68610,31.47160,0.48290,-4.33840
2022-12-31,76.00700,19.08300,56.92400,8.19300,-0.37400,27.10300,29.82100,29.05900,58.88000,58.88000,58.88000,,58.59600,43.27600,29.82100,75.49800,75.58600,0.77000,0.77000,0.26360,0.35800,39.23460,39.23450,77.46660,77.09290,0.02400,2.64050,2.64050,1.86070,1.94440,29.16250,0.4524,-0.5953
2022-09-30,70.80100,17.14000,53.66100,8.13900,-0.03600,25.13200,28.52900,-6.09000,22.43900,22.43900,22.43900,,22.33200,41.66500,28.52900,75.49500,75.58900,0.30000,0.30000,0.27290,0.37540,40.29460,40.29460,31.69310,31.54190,0.02280,1.04270,1.04270,0.72180,0.75810,28.45180,0.6031,-0.6362
2022-06-30,65.36900,15.80400,49.56500,7.33300,-1.02700,23.64800,25.91700,71.11600,97.03300,97.03300,97.03300,,96.65100,38.01300,25.91700,75.25100,75.34100,1.28000,1.28000,0.26290,0.35670,39.64720,39.64720,148.43890,147.85450,0.02160,4.55640,4.55640,3.20360,3.35850,28.34910,0.4668,-2.5724
2022-03-31,64.03500,16.87600,47.15900,7.52700,-0.02800,22.53700,24.62200,-4.96000,19.66200,19.66200,19.66200,,19.58100,36.79800,24.62200,75.20000,75.28400,0.26000,0.26000,0.26650,0.36330,38.45090,38.45090,30.70510,30.57860,0.02190,0.95710,0.95710,0.67330,0.70200,27.35320,0.37240,-0.91390
2021-12-31,60.67500,15.36500,45.31000,7.71600,0.00000,21.42300,23.88700,8.37200,32.25900,32.25900,32.25900,,32.13900,35.32500,23.88700,70.53400,70.79400,0.44000,0.44000,0.26570,0.36180,39.36880,39.36880,53.16690,52.96910,0.02070,1.56750,1.56750,1.10320,1.15110,27.41430,0.4762,-4.2949
2021-09-30,57.26900,14.20000,43.06900,6.80000,,20.43600,22.63300,-1.27300,21.36000,21.36000,21.36000,,21.27300,34.51100,22.63300,70.51700,70.75300,0.30000,0.30000,0.26120,0.35360,39.52050,39.52050,37.29770,37.14580,0.02320,1.22020,1.22020,0.86430,0.90150,24.64900,0.5429,-2.0527
2021-06-30,53.29500,13.17100,40.12400,6.86600,-0.11700,18.95100,21.17300,-3.79500,17.37800,17.37800,17.37800,,17.32500,31.86700,21.17300,69.58000,69.80800,0.25000,0.25000,0.21570,0.27500,39.72790,39.72790,32.60720,32.50770,0.02360,1.02110,1.02110,0.77100,0.80090,24.24550,0.4686,-0.5269
2021-03-31,50.69100,13.51200,37.17900,5.58200,-0.05500,17.01300,20.16600,-3.90900,16.25700,16.25700,16.25700,,16.20600,30.49200,20.16600,68.60300,68.86300,0.24000,0.24000,0.22190,0.28520,39.78220,39.78220,32.07080,31.97020,0.02330,0.99510,0.99510,0.74860,0.77420,23.64210,0.37980,-1.25210
2020-12-31,48.87900,13.02600,35.85300,6.93600,-0.08500,18.21300,17.64000,-4.12700,13.51300,13.51300,13.51300,,13.58400,27.83300,17.64000,67.76300,68.17000,0.20000,0.19000,0.22950,0.29780,36.08910,36.08910,27.64580,27.79110,0.02280,0.85080,0.85080,0.63150,0.65560,23.22720,0.3507,-0.5411
2020-09-30,47.14700,12.22800,34.91900,5.13000,-0.12300,17.37700,17.54200,5.18000,22.72200,22.72200,22.72200,,22.52800,28.69200,17.54200,68.11300,68.37300,0.33000,0.33000,0.22990,0.29860,37.20700,37.20700,48.19400,47.78250,0.02210,1.43400,1.43400,1.06340,1.10430,23.26930,0.4646,0.205
2020-06-30,45.74200,11.93400,33.80800,5.66500,-0.01100,17.13500,16.67300,14.03100,30.70400,30.70400,30.70400,,30.51000,27.08400,16.67300,67.62200,68.02900,0.45000,0.45000,0.22950,0.29790,36.45010,36.45010,67.12430,66.70020,0.02140,1.93200,1.93200,1.43790,1.48860,23.30880,0.3386,0.0659
2020-03-31,45.11600,11.90800,33.20800,5.75800,-0.05200,16.91000,16.29800,-3.44200,12.85600,12.85600,12.85600,,12.77300,26.33300,16.29800,67.06300,67.47000,0.19000,0.19000,0.23480,0.30680,36.12470,36.12470,28.49540,28.31150,0.02160,0.83330,0.83330,0.61620,0.63770,22.78900,0.32840,-0.28190
2019-12-31,45.01500,11.80800,33.20700,6.07200,0.00300,17.91600,15.29100,-0.47000,14.82100,14.82100,14.82100,,14.72700,25.96000,15.29100,64.42800,64.72300,0.23000,0.22000,0.25000,0.33330,33.96870,33.96870,32.92460,32.71580,0.02130,0.97690,0.97690,0.70290,0.73270,22.55840,0.4256,-0.2202
2019-09-30,43.39700,10.99100,32.40600,5.13200,-0.04700,16.28400,16.12200,-1.33800,14.78400,14.78400,14.78400,,14.68900,26.30900,16.12200,65.72400,66.01900,0.22000,0.22000,0.23240,0.30280,37.15000,37.15000,34.06690,33.84800,0.02120,0.98170,0.98170,0.72280,0.75360,22.47190,0.3516,-1.9772
2019-06-30,41.73000,10.70900,31.02100,6.75700,-0.00100,17.40600,13.61500,-3.23600,10.37900,10.37900,10.37900,,10.31500,23.59400,13.61500,63.78100,64.07500,0.16000,0.16000,0.24080,0.31720,32.62640,32.62640,24.87180,24.71840,0.02120,0.72270,0.72270,0.52750,0.54860,21.92770,0.3648,-0.6306
2019-03-31,40.88000,10.69300,30.18700,5.96300,,16.37800,13.80900,1.72300,15.53200,15.53200,15.53200,,15.43400,23.33800,13.80900,61.45700,61.60400,0.25000,0.25000,0.25450,0.34130,33.77940,33.77940,37.99410,37.75440,0.02200,1.16500,1.16500,0.83500,0.86860,21.11830,0.32100,-0.32280
2018-12-31,39.41300,10.29600,29.11700,6.37100,-0.00900,16.63000,12.48700,10.47200,22.95900,22.95900,22.95900,,22.82800,21.93500,12.48700,57.48600,57.48600,0.39000,0.39000,0.27530,0.37990,31.68240,31.68240,58.25240,57.92000,0.02190,1.84000,1.84000,1.27800,1.33340,20.45100,0.3733,-0.8366
2018-09-30,37.89900,9.48600,28.41300,5.04700,-0.12200,15.22600,13.18700,-3.06500,10.12200,10.12200,10.12200,,10.05600,22.56000,13.18700,58.36900,58.36900,0.17000,0.17000,0.29740,0.42330,34.79510,34.79510,26.70780,26.53370,0.02190,0.86730,0.86730,0.58470,0.60940,19.73470,0.3479,-0.9151
2018-06-30,37.23800,10.31300,26.92500,5.00700,0.00500,14.77600,12.14900,7.99800,20.14700,20.14700,20.14700,,20.01200,21.29500,12.14900,56.69900,56.69900,0.35000,0.35000,0.29470,0.41780,32.62530,32.62530,54.10330,53.74080,0.02210,1.76250,1.76250,1.19450,1.24310,19.58070,0.3622,-0.0324
2018-03-31,37.10700,9.89300,27.21400,5.07800,0.00200,15.81100,11.40300,-1.34200,10.06100,10.06100,10.06100,,9.99200,21.60800,11.40300,55.12800,55.12800,0.18000,0.18000,0.33220,0.49750,30.73010,30.73010,27.11350,26.92750,0.02310,0.97610,0.97610,0.62720,0.65190,18.55670,0.26650,-1.39670
2017-12-31,34.62500,9.85200,24.77300,4.43100,-0.00100,14.44700,10.32600,0.50800,10.83400,10.83400,10.83400,,10.76000,20.02800,10.32600,51.35800,51.35800,0.20000,0.20000,0.31510,0.46010,29.82240,29.82240,31.28950,31.07580,0.02210,1.05440,1.05440,0.69100,0.72220,18.55720,0.3372,-2.0227
2017-09-30,33.64000,9.02300,24.61700,5.04100,,14.63600,9.98100,10.95200,20.93300,20.93300,20.93300,,18.85200,19.18100,9.98100,52.80500,52.80500,0.36000,0.36000,0.32130,0.47330,29.67000,29.67000,62.22650,56.04040,0.02190,2.09710,2.09710,1.36280,1.42340,18.29210,0.3478,-0.6132
2017-06-30,32.77800,8.45200,24.32600,6.03000,-0.01000,15.11600,9.21000,6.31700,15.52700,15.52700,15.52700,,14.52900,18.08400,9.21000,50.32600,50.32600,0.29000,0.29000,0.29160,0.41170,28.09810,28.09810,47.37020,44.32550,0.02320,1.70420,1.62230,1.10060,1.14920,18.27810,0.3306,-2.215
2017-03-31,31.44100,8.54700,22.89400,4.17900,0.00100,13.36200,9.53200,-3.73100,5.80100,5.80100,5.80100,,4.87400,18.65800,9.53200,47.64500,47.64500,0.10000,0.10000,0.31040,0.45020,30.31710,30.31710,18.45040,15.50210,0.02430,0.70890,0.67110,0.44910,0.46280,17.43970,0.33760,-0.11460
2016-12-31,29.84000,8.18100,21.65900,6.01500,-0.99000,16.19000,5.46900,-3.63700,1.83200,1.83200,1.83200,,0.93600,14.56600,5.46900,44.72600,44.72600,0.02000,0.02000,0.34380,0.52380,18.32770,18.32780,6.13940,3.13670,0.02330,0.23920,0.22570,0.14320,0.14810,17.12160,0.289,-1.0468
2016-09-30,27.10400,7.28800,19.81600,5.56600,-0.69600,15.13400,4.68200,-1.61200,3.07000,3.07000,3.07000,,2.16100,13.44000,4.68200,45.76300,45.76300,0.05000,0.05000,0.33140,0.49570,17.27420,17.27420,11.32680,7.97300,0.02200,0.41110,0.38730,0.24970,0.25890,17.07970,0.3316,-0.6603
2016-06-30,25.81700,7.10200,18.71500,4.29800,-0.48400,12.86200,5.85300,-3.07000,2.78300,2.78300,2.78300,,1.87700,13.72500,5.85300,43.84000,43.84000,0.04000,0.04000,0.32700,0.48590,22.67110,22.67110,10.77970,7.27040,0.02140,0.37420,0.35240,0.23040,0.23710,17.14950,0.281,-0.4448
2016-03-31,25.65700,7.75400,17.90300,3.44000,-0.95900,12.66100,5.24200,2.19100,7.43300,7.43300,7.43300,,6.48400,13.34200,5.24200,42.99500,42.99500,0.15000,0.15000,0.34620,0.52940,20.43110,20.43110,28.97070,25.27190,0.02230,1.07940,1.01180,0.64590,0.66160,16.90260,0.19930,-0.57060
2015-12-31,24.20000,6.92300,17.27700,4.74700,-1.06200,17.87400,-0.59700,1.15700,0.56000,0.56000,0.56000,,-0.34300,11.25900,-0.59700,42.86100,42.86100,-0.01000,-0.01000,0.34670,0.53060,-2.46700,-2.46690,2.31410,-1.41740,0.02100,0.08150,0.07640,0.04860,0.04990,16.92640,0.2418,-1.6249
2015-09-30,24.32700,6.40500,17.92200,3.17500,-0.21900,11.50000,6.42200,-2.20800,4.21400,4.21400,4.21400,,3.28400,14.26500,6.42200,42.90600,42.90600,0.08000,0.08000,0.32380,0.47880,26.39870,26.39870,17.32230,13.49940,0.02170,0.60640,0.56870,0.37560,0.38460,17.10750,0.3098,-0.3946
2015-06-30,24.23700,6.19700,18.04000,3.08900,-0.21400,11.53200,6.50800,4.16400,10.67200,10.67200,10.67200,,9.75300,14.18200,6.50800,42.89800,42.89800,0.23000,0.23000,0.28760,0.40380,26.85150,26.85150,44.03180,40.24010,0.02270,1.52800,1.43350,0.99890,1.02120,17.30150,0.2961,-0.1306
2015-03-31,23.13100,7.13000,16.00100,3.83500,-3.21800,14.67900,1.32200,-2.16700,-0.84500,-0.84500,-0.84500,,-1.73600,8.44300,1.32200,42.73200,42.73200,-0.04000,-0.04000,0.29560,0.41960,5.71530,5.71530,-3.65310,-7.50510,0.02160,-0.12210,-0.11450,-0.07890,-0.08070,17.21360,0.13380,-3.47900
2014-12-31,18.74700,5.17200,13.57500,1.84200,-1.96800,8.93300,4.64200,-1.86800,2.77400,2.77400,2.77400,,1.88000,9.49800,4.64200,30.43300,30.43300,0.05000,0.05000,0.29180,0.41200,24.76130,24.76130,14.79700,10.02830,0.01740,0.39570,0.37130,0.25810,0.26300,17.42600,0.2629,-4.4532
2014-09-30,17.71400,4.77300,12.94100,2.83600,-0.27900,8.03300,4.90800,-1.47000,3.43800,3.43800,3.43800,,2.53500,9.63000,4.90800,32.93700,32.93700,0.08000,0.08000,0.23740,0.31120,27.70690,27.70690,19.40840,14.31070,0.02310,0.65750,0.60440,0.44840,0.46090,17.18880,0.2645,-0.1818
2014-06-30,16.61000,4.39400,12.21600,2.46200,-0.61100,7.83600,4.38000,-1.65900,2.72100,2.72100,2.72100,,1.82300,8.94900,4.38000,28.41900,28.41900,0.06000,0.06000,0.22200,0.28530,26.36970,26.36970,16.38170,10.97530,0.02210,0.51860,0.47680,0.36210,0.37100,17.24330,0.202,-1.3845
2014-03-31,15.80400,4.82200,10.98200,2.35600,-0.88200,7.60400,3.37800,-1.59300,1.78500,1.78500,1.78500,,0.88800,7.58100,3.37800,24.85100,24.85100,0.04000,0.04000,0.34130,0.51800,21.37430,21.37430,11.29460,5.61880,0.02330,0.45720,0.40900,0.26330,0.26940,17.43710,0.23410,-1.08480
2013-12-31,13.16900,3.63100,9.53800,2.25300,-1.43700,7.37500,2.16300,-1.60100,0.56200,0.56200,0.56200,3.13800,2.79000,5.72400,2.16300,21.01100,21.01100,0.14360,0.14360,0.30550,0.43990,16.42490,16.42490,4.26760,21.18610,0.02040,0.14310,0.12810,0.08710,0.08890,17.56040,0.2409,-5.368
2013-09-30,11.51600,3.28900,8.22700,1.78700,-0.79100,5.84200,2.38500,-1.45200,0.93300,0.93300,0.93300,0.39200,0.43200,5.51200,2.38500,24.20800,24.20800,0.02000,0.02000,0.26990,0.36970,20.71030,20.71030,8.10180,3.75130,0.01870,0.23740,0.21250,0.15150,0.15520,17.56870,0.1261,-0.6419
2013-06-30,10.81500,3.00800,7.80700,2.38900,-0.61300,5.89800,1.90900,-1.53700,0.37200,0.37200,0.37200,0.45000,-0.06900,4.51300,1.90900,19.07700,19.07700,-0.00360,-0.00360,0.32740,0.48680,17.65140,17.65140,3.43970,-0.63800,0.02080,0.12580,0.10890,0.07140,0.07320,17.75850,0.1546,-3.0557
2013-03-31,10.02900,2.84300,7.18600,1.99400,-0.45700,5.08700,2.09900,-1.51500,0.58400,0.58400,0.58400,0.21000,-0.09700,4.77700,2.09900,15.79300,15.79300,-0.01000,-0.01000,0.24760,0.32900,20.92930,20.92930,5.82310,-0.96720,0.02140,0.19620,0.16990,0.12480,0.12780,17.87930,0.12070,-0.70900
2012-12-31,7.71700,2.41900,5.29800,1.49600,-0.44000,4.64400,0.65400,-1.73900,-1.08500,-1.08500,-1.08500,4.63800,2.64000,3.85400,0.65400,13.13500,13.13500,0.20000,0.20000,0.41270,0.70280,8.47480,8.47480,-14.05990,34.21020,0.01730,-0.51850,-0.42500,-0.24360,-0.24960,19.00070,0.2068,-2.0884
2012-09-30,8.60700,2.33500,6.27200,1.60600,-0.76000,4.84800,1.42400,-1.57100,-0.14700,-0.14700,-0.14700,0.66900,-0.19100,4.13700,1.42400,13.28500,13.28500,-0.01000,-0.01000,0.38760,0.63300,16.54470,16.54470,-1.70790,-2.21910,0.02030,-0.07070,-0.05790,-0.03460,-0.03540,18.90850,0.2902,-4.7377
2012-06-30,6.77400,1.94800,4.82600,1.88600,-0.32400,3.97500,0.85100,-1.11400,-0.26300,-0.26300,-0.26300,0.52000,0.25500,2.98600,0.85100,13.27700,13.27700,0.02000,0.02000,0.38390,0.62310,12.56270,12.56270,-3.88250,3.76440,0.01930,-0.12440,-0.12440,-0.07480,-0.07670,15.73340,0.1872,-5.1973
2012-03-31,6.23700,1.86000,4.37700,1.41500,-0.71400,3.90200,0.47500,-1.01100,-0.53600,-0.53600,-0.53600,0.26900,-0.26700,2.52500,0.47500,12.68700,12.68700,-0.02000,-0.02000,0.24800,0.32990,7.61580,7.61580,-8.59390,-4.28090,0.02150,-0.25250,-0.25250,-0.18470,-0.18990,15.82480,0.05800,-0.65310
2011-12-31,2.64900,1.13000,1.51900,1.27900,-0.30000,2.53800,-1.01900,-0.98500,-2.00400,-2.00400,-2.00400,1.81000,-0.19400,0.69200,-1.01900,9.16200,9.16200,-0.03000,-0.03000,0.38860,0.63570,-38.46740,-38.46730,-75.65120,-7.32350,0.00990,-1.26030,-1.26030,-0.75040,-0.77050,17.08140,0.1751,-4.607
2011-09-30,4.39700,1.62100,2.77600,1.04000,-0.14300,2.50800,0.26800,-0.80400,-0.53600,-0.53600,-0.53600,0.26800,-0.26800,1.84600,0.26800,9.17400,9.17400,-0.03000,-0.03000,0.27580,0.38090,6.09510,6.09510,-12.19010,-6.09510,0.01940,-0.33500,-0.33500,-0.23600,-0.24260,17.18550,0.2199,-1.054
2011-06-30,3.76600,1.48800,2.27800,1.48000,-1.25600,3.77800,-1.50000,-0.46100,-1.96100,-1.96100,-1.96100,,-1.96100,-0.27000,-1.50000,9.16500,9.16500,-0.21000,-0.21000,0.19550,0.24300,-39.83010,-39.83010,-52.07120,-52.07120,0.01840,-1.21780,-1.21780,-0.95600,-0.97980,17.29770,-0.1107,-4.7409
2011-03-31,3.37000,1.46300,1.90700,1.60800,-0.28200,2.84900,-0.94200,-0.36400,-1.30600,-1.30600,-1.30600,,-1.30600,0.18200,-0.94200,9.13300,9.13300,-0.14000,-0.14000,0.10040,0.11160,-27.95250,-27.95250,-38.75370,-38.75370,0.01740,-0.79450,-0.79450,-0.67430,-0.71470,17.69330,-0.04970,-0.77930
2010-12-31,2.60200,0.89300,1.70900,1.18600,-0.38300,4.69400,-2.98500,-0.27300,-0.90700,-0.90700,-0.90700,,-0.59800,-1.98800,-0.63400,9.11200,9.11200,-0.06000,-0.06000,0.10090,0.11220,-114.71940,-24.36590,-34.85780,-22.98230,0.01340,-0.54800,-0.54800,-0.46660,-0.49270,17.86670,0.0522,-3.6693
2010-09-30,0.64200,0.20700,0.43500,1.23500,-1.55700,3.03400,-2.59900,-0.10500,-2.70400,-2.70400,-2.70400,,-2.70400,-2.25300,-2.59900,9.11200,9.11200,-0.30000,-0.30000,0.10140,0.11290,-404.82870,-404.82870,-421.18380,-421.18380,0.00330,-1.63080,-1.63080,-1.39070,-1.46540,17.90930,-0.1588,-7.8105
2010-06-30,0.33300,0.11000,0.22300,1.08100,-0.21900,,0.33300,-0.08400,-1.33100,-1.33100,-1.33100,,-1.33100,0.59400,-1.24700,9.11200,9.11200,-0.15000,-0.15000,0.00070,0.00070,100.00000,-374.47450,-399.69970,-399.69970,0.00190,-0.79090,-0.79090,-0.75530,-0.79040,18.16710,-0.0501,-0.0526
2010-03-31,0.01200,0.00600,0.00600,0.62000,-0.13000,,0.01200,0.00200,-0.75700,-0.75700,-0.75700,,-0.75700,0.03200,-0.75900,9.11200,9.11200,-0.08000,-0.08000,0.00070,0.00070,100.00000,-6325.00000,-6308.33300,-6308.33300,0.00010,-0.44690,-0.44690,-0.42740,-0.44660,18.28660,-0.06490,-1.46220
2009-12-31,,,,,,,,,,,,,,,,,,,0.00000,,,,,,,,,,,,,0,0
