Date,revenue,gross-profit,research-development-expenses,selling-general-administrative-expenses,operating-income,total-non-operating-income-expense,pre-tax-income,income-after-taxes,income-from-continuous-operations,net-income,ebitda,ebit,basic-shares-outstanding,shares-outstanding,eps-basic-net-earnings-per-share,eps-earnings-per-share-diluted,current-ratio,long-term-debt-capital,debt-equity-ratio,gross-margin,operating-margin,ebit-margin,pre-tax-profit-margin,net-profit-margin,asset-turnover,roe,return-on-tangible-equity,roa,roi,book-value-per-share,operating-cash-flow-per-share,free-cash-flow-per-share
2024-03-31,3.41100,3.41100,20.65700,7.08400,-24.33000,0.26900,-24.06100,-24.06100,-24.06100,-24.06100,-24.00500,-24.33000,231.24900,231.24900,-0.10000,-0.10000,3.38010,0.42930,0.75230,100.00000,-713.28050,-713.28050,-705.39430,-705.39430,0.02230,-44.68230,-44.68240,-15.72630,-25.49890,,-0.08560,-0.08620
2023-12-31,3.60400,3.60400,12.68200,6.71900,-16.24600,63.98700,47.74100,47.74100,47.74100,47.74100,-15.88000,-16.24600,116.12100,116.12100,0.63000,0.63000,4.07740,0.35090,0.54060,100.00000,-450.77690,-450.77690,1324.66700,1324.66700,0.02090,63.70820,63.70820,27.63890,41.35390,,-0.1761,-0.1788
2023-09-30,4.74600,4.74600,11.79100,8.58900,-16.25000,-100.83700,-117.08700,-117.08700,-117.08700,-117.08700,-15.91900,-16.25000,125.70100,125.70100,-0.93000,-0.93000,0.95210,-3.64830,-0.78490,100.00000,-342.39360,-342.39360,-2467.06700,-2467.06700,0.02420,238.39850,238.39840,-59.80880,1108.14900,-0.26270,0.1536,0.183
2023-06-30,2.39500,2.39500,19.79100,5.98800,-23.38400,-1.21400,-24.59800,-24.59800,-24.59800,-24.59800,-23.04100,-23.38400,64.24500,64.24500,-0.38000,-0.38000,1.06860,30.93060,-1.03340,100.00000,-976.36740,-976.36740,-1027.05600,-1027.05600,0.02940,66.27690,66.27690,-30.16570,-1983.70700,-0.57600,-0.2872,-0.2856
2023-03-31,4.70600,4.70600,12.51400,8.75100,-16.55900,-1.06300,-17.62200,-17.62200,-17.62200,-17.62200,-16.22800,-16.55900,63.26100,63.26100,-0.28000,-0.28000,1.32880,1.64400,-2.55290,100.00000,-351.87000,-351.87000,-374.45820,-374.45820,0.04630,117.88890,117.88870,-17.34450,-75.91440,-0.23550,-0.31910,-0.38070
2022-12-31,,,12.70700,7.34100,-56.46800,-1.11200,-55.07800,-55.07800,-55.07800,-55.07800,-56.10600,-53.96600,43.95200,43.95200,-0.96000,-0.96000,1.53550,0.97560,40.00740,,,,,,,-5803.76200,-5803.80800,-43.61720,-141.53050,0.01500,0.5074,0.4856
2022-09-30,,,16.77400,8.68300,-25.45700,-1.07000,-26.52700,-26.52700,-26.52700,-26.52700,-25.18000,-25.45700,40.93800,40.93800,-0.65000,-0.65000,1.29760,0.77250,3.39500,,,,,,,-238.42340,-238.42350,-23.79790,-54.24860,0.27020,-0.6678,-0.7093
2022-06-30,,,23.50600,9.86700,-33.37300,-0.71900,-34.09200,-34.09200,-34.09200,-34.09200,-33.10000,-33.37300,40.14200,40.14200,-0.85000,-0.85000,1.78880,0.53460,1.14890,,,,,,,-104.22490,-104.22500,-23.95250,-48.50190,0.79740,-0.7783,-0.9633
2022-03-31,,,38.18200,11.46900,-49.65100,-0.66600,-50.31700,-50.31700,-50.31700,-50.31700,-49.39100,-49.65100,38.17500,38.17500,-1.32000,-1.32000,2.19860,0.42430,0.73700,,,,,,,-99.19570,-99.19570,-30.31580,-57.10640,1.31840,-1.07240,-1.29320
2021-12-31,,,37.91800,11.80600,-49.72400,-0.66200,-50.38600,-50.38600,-50.38600,-50.38600,-49.51500,-49.72400,37.65100,37.65100,-1.33000,-1.33000,3.08430,0.28050,0.38990,,,,,,,-52.82490,-52.82490,-23.54970,-38.00570,2.47920,-1.0882,-1.3096
2021-09-30,,,39.52800,11.15300,-50.68100,-0.50600,-51.18700,-51.18700,-51.18700,-51.18700,-50.51500,-50.68100,38.00400,38.00400,-1.35000,-1.35000,4.56260,0.16530,0.19810,,,,,,,-36.45950,-36.45950,-21.23570,-30.43110,3.64910,-0.8237,-0.9146
2021-06-30,,,30.64300,10.12900,-40.77200,-0.15400,-40.92600,-40.92600,-40.92600,-40.92600,-40.68700,-40.77200,37.47900,37.47900,-1.09000,-1.09000,7.30170,,,,,,,,,-21.94480,-21.94480,-16.92140,-21.94480,4.85780,-0.601,-0.6808
2021-03-31,,,23.85400,8.23600,-32.09000,0.06600,-32.02400,-32.02400,-32.02400,-32.02400,-32.05800,-32.09000,36.99200,36.99200,-0.87000,-0.87000,12.64000,,,,,,,,,-14.36880,-14.36880,-13.18790,-14.36880,5.90220,-0.59570,-0.61010
2020-12-31,,,12.26000,6.10700,-18.36700,0.04900,-18.31800,-18.31800,-18.31800,-18.31800,-18.36100,-18.36700,17.66600,17.66600,0.33000,0.33000,36.17320,,,,,,,,,-7.28920,-7.28920,-7.07580,-7.28920,6.65510,-0.812,-0.8141
2020-09-30,,,11.05700,3.98400,-15.04100,-0.00100,-15.04200,-15.04200,-15.04200,-15.04200,-15.04100,-15.04100,11.73300,11.73300,-1.28000,-1.28000,24.02250,,,,,,,,,-5.62020,-5.62020,-5.38630,-5.62020,7.08780,-0.5451,-0.5477
2020-06-30,,,3.06200,0.94800,-4.01000,-17.21000,-21.22000,-21.22000,-21.22000,-21.22000,-4.01000,-4.01000,10.89500,10.89500,-1.95000,-1.95000,,,,,,,,,,,,,,,-0.2264,-0.2264
2020-03-31,,,5.51400,0.07000,-5.58400,0.15300,-5.43100,-5.43100,-5.43100,-5.43100,-5.58400,-5.58400,10.89500,10.89500,-0.50000,-0.50000,,,,,,,,,,,,,,,-0.15590,-0.15590
2019-12-31,,,,,,,,,,,,,,,,0.00000,,,,,,,,,,,,,,,0,0
