Date,revenue,cost-goods-sold,gross-profit,selling-general-administrative-expenses,other-operating-income-expenses,operating-expenses,operating-income,total-non-operating-income-expense,pre-tax-income,total-provision-income-taxes,income-after-taxes,income-from-continuous-operations,income-from-discontinued-operations,net-income,ebitda,ebit,basic-shares-outstanding,shares-outstanding,eps-basic-net-earnings-per-share,eps-earnings-per-share-diluted,current-ratio,long-term-debt-capital,debt-equity-ratio,gross-margin,operating-margin,ebit-margin,pre-tax-profit-margin,net-profit-margin,asset-turnover,receiveable-turnover,days-sales-in-receivables,roe,return-on-tangible-equity,roa,roi,book-value-per-share,operating-cash-flow-per-share,free-cash-flow-per-share
2023-09-30,115.10400,81.32300,33.78100,2.35000,-30.60800,44.44000,-10.65900,-8.36600,-19.02500,17.47800,-36.50300,-36.50300,,-36.99900,-4.10100,-10.65900,16.27700,16.27700,-2.27000,-2.27000,1.76980,0.97570,40.14300,29.34820,-9.26030,-9.26030,-16.52850,-32.14400,0.17510,1.81190,49.67190,-293.57450,9.94660,-5.55330,-7.13550,0.74720,0.5701,0.3731
2023-06-30,121.23100,85.65400,35.57700,2.10600,-26.19100,40.40500,-4.82800,-4.39200,-9.22000,-6.52000,-2.70000,-2.70000,,-3.20000,1.75300,-4.82800,17.22100,17.22100,-0.19000,-0.19000,1.66790,0.91210,10.38110,29.34650,-3.98250,-3.98250,-7.60530,-2.63960,0.17220,1.93850,46.42650,-5.46790,0.75350,-0.38350,-0.48040,3.00290,1.2799,1.4082
2023-03-31,103.11000,78.32400,24.78600,1.77200,-8.19500,20.54800,4.23800,-7.75700,-3.51900,-1.57800,-1.94100,-1.94100,,-2.42100,10.80700,4.23800,17.20400,17.20400,-0.14000,-0.14000,1.72100,0.88590,7.76710,24.03840,4.11020,4.11020,-3.41290,-2.34800,0.14360,1.86500,48.25840,-2.93970,0.53900,-0.27030,-0.33530,3.79620,0.54380,0.36090
2022-12-31,120.27600,83.35000,36.92600,1.36700,-15.42800,28.54900,8.37700,-9.94800,-1.57100,-5.50300,3.93200,3.93200,,3.45900,15.58600,8.37700,16.99100,18.20400,0.21000,0.20000,1.68290,0.88360,7.59190,30.70110,6.96480,6.96480,-1.30620,2.87590,0.16150,1.96420,45.82010,5.69200,-1.06520,0.52810,0.66250,4.00690,0.9203,0.807
2022-09-30,120.63500,83.98500,36.65000,0.72200,-10.18100,22.11800,14.53200,-9.45900,5.07300,2.27500,2.79800,2.79800,,2.26000,20.67500,14.53200,17.03700,17.48200,0.13000,0.13000,1.53780,0.89260,8.31270,30.38090,12.04630,12.04630,4.20520,1.87340,0.16320,1.95590,46.01430,4.43940,-0.71270,0.37850,0.47670,3.67330,0.606,0.2767
2022-06-30,121.92400,83.83300,38.09100,0.83900,-9.50800,21.22400,16.86700,-10.74200,6.12500,1.20600,4.91900,4.91900,,4.39400,22.76700,16.86700,16.98600,18.69500,0.26000,0.24000,1.25940,0.89800,8.80060,31.24160,13.83400,13.83400,5.02360,3.60390,0.16370,1.92130,46.84250,8.27070,-1.20630,0.66060,0.84390,3.46730,0.7914,0.5291
2022-03-31,100.24200,73.76300,26.47900,0.86900,-0.17000,10.66500,15.81400,-11.61500,4.19900,1.45800,2.74100,2.74100,,2.22400,21.80000,15.81400,16.79600,19.50900,0.13000,0.11000,1.67740,0.90690,9.73830,26.41510,15.77580,15.77580,4.18890,2.21860,0.13720,1.96520,45.79640,4.92540,-0.69610,0.37510,0.45870,3.24750,0.43910,0.32770
2021-12-31,110.57800,76.46500,34.11300,0.88500,-2.20600,15.24700,18.86600,-13.02100,5.84500,3.92000,1.92500,1.92500,,1.44800,24.02000,18.86600,18.58300,21.24100,-0.08000,0.00000,1.58300,0.91610,10.92130,30.84970,17.06130,17.06130,5.28590,1.30950,0.15220,1.91820,46.91920,3.88230,-0.49790,0.26500,0.32570,2.94270,0.91,0.7234
2021-09-30,111.28000,75.71900,35.56100,0.87700,0.01400,12.58000,22.98100,-6.73800,16.24300,3.34900,12.89400,12.89400,,12.40500,28.25700,22.98100,16.47400,19.38400,0.75000,0.64000,1.54160,0.92190,11.80740,31.95630,20.65150,20.65150,14.59650,11.14760,0.15640,1.92130,46.84240,28.14550,-3.28640,1.81200,2.19760,2.74060,0.3127,0.2068
2021-06-30,107.33800,71.59100,35.74700,0.89400,-0.12900,11.92700,23.82000,-9.76900,14.05100,3.97700,10.07400,10.07400,,9.43200,29.16200,23.82000,16.25000,18.83700,0.58000,0.50000,1.23920,0.94590,17.48000,33.30320,22.19160,22.19160,13.09040,8.78720,0.15250,1.96270,45.85520,32.58190,-2.47190,1.43090,1.76310,1.88130,0.6092,0.4799
2021-03-31,88.76100,64.52700,24.23400,1.06200,-5.49800,15.42300,8.81100,-15.81500,-7.00400,-0.89500,-6.10900,-6.10900,,-6.54900,13.86800,8.81100,18.60200,18.60200,-0.35000,-0.35000,1.04490,0.96140,24.89390,27.30250,9.92670,9.92670,-7.89090,-7.37820,0.12840,1.94100,46.36830,-28.14690,1.46460,-0.88400,-1.08710,1.32940,1.04380,0.96080
2020-12-31,108.49400,75.30100,33.19300,0.47300,-0.48200,11.93000,21.26300,-7.54000,13.72300,9.18600,4.53700,4.53700,,4.06700,26.47000,21.26300,27.62500,18.64700,0.62000,0.24000,2.34640,0.84360,5.39360,30.59430,19.59830,19.59830,12.64860,3.74860,0.14120,1.85040,48.63920,4.50300,-1.34090,0.59040,0.70430,5.29200,0.8417,0.4473
2020-09-30,95.35600,71.08800,24.26800,0.43000,-2.29100,14.73300,9.53500,-7.77300,1.76200,0.45100,1.31100,1.31100,,0.79500,15.19700,9.53500,27.66100,27.68800,0.03000,0.03000,2.12800,0.85020,5.67420,25.44990,9.99940,9.99940,1.84780,0.83370,0.12590,1.75820,51.18870,1.36930,-0.38190,0.17310,0.20520,5.04510,0.4237,0.3236
2020-06-30,74.05500,64.40800,9.64700,0.65700,-30.31400,43.30200,-33.65500,-5.77200,-39.42700,-12.60500,-26.82200,-26.82200,,-27.17800,-31.27300,-33.65500,27.59400,27.59400,-1.46000,-1.46000,2.22680,0.85240,5.77490,13.02680,-45.44590,-45.44590,-53.24020,-36.69980,0.10000,1.57600,57.10510,-28.53280,7.78700,-3.62330,-4.21190,4.95330,-0.0792,-0.0752
2020-03-31,93.43300,71.55000,21.88300,0.52400,-81.79600,93.99400,-72.11100,-8.35600,-80.46700,-20.89000,-59.57700,-59.57700,,-60.15400,-63.68900,-72.11100,27.56000,18.58200,-2.18000,-3.27000,1.94830,0.82250,5.00350,23.42110,-77.17940,-77.17940,-86.12270,-64.38200,0.11050,1.61250,55.81500,-49.10210,17.21940,-7.04740,-8.71730,6.39340,0.50240,0.19970
2019-12-31,112.07700,78.82800,33.24900,0.52400,-41.05100,124.67300,-91.42400,-9.11000,-100.53400,-22.29300,-78.24100,-78.24100,-0.03800,-76.78200,23.42600,-91.42400,27.52700,18.54900,-2.71800,-3.86800,2.25490,0.74980,3.05140,29.66620,-81.57250,-81.57250,-89.70080,-68.50830,0.12730,1.66130,54.17410,-42.88680,21.52200,-8.88700,-10.73000,9.62110,1.2349,0.8456
2019-09-30,112.56100,77.23900,35.32200,0.53200,-0.33600,15.13900,20.18300,-8.63200,11.55100,3.04900,8.50200,8.50200,-1.23400,6.71100,27.67800,20.18300,27.58000,27.58100,0.26000,0.26000,2.51780,0.61420,1.59230,31.38030,17.93070,17.93070,10.26200,5.96210,0.10930,1.67410,53.75890,2.43550,-2.38570,0.82570,0.93950,18.41060,0.7972,0.5998
2019-06-30,113.08800,75.59000,37.49800,0.66000,-0.33800,15.31500,22.18300,-8.56300,13.62000,3.76900,9.85100,9.85100,0.08400,9.44200,29.39300,22.18300,27.49000,27.49000,0.34000,0.34000,2.51530,0.61740,1.61390,33.15830,19.61570,19.61570,12.04370,8.34930,0.11170,1.67900,53.60300,2.86180,-2.73050,0.97270,1.09480,18.15350,-0.0926,-0.2302
2019-03-31,93.68200,68.76800,24.91400,0.87600,-0.33200,12.99100,11.92300,-8.62800,3.29500,0.91100,2.38400,2.38400,-6.96200,-5.02500,18.34500,11.92300,18.47800,27.45600,-0.27200,-0.27200,2.01740,0.62500,1.66650,26.59420,12.72710,12.72710,3.51720,-5.36390,0.09250,1.66790,53.95950,0.71490,-0.64100,0.23530,0.26810,17.58600,0.21640,0.03540
2018-12-31,108.56000,76.87800,31.68200,0.60000,-55.25200,69.26000,-37.57800,-9.21600,-46.79400,22.73800,-69.53200,-69.53200,-12.50700,-81.08900,17.12400,-37.57800,18.47800,18.47800,-4.47600,-4.69600,2.40730,0.68490,2.17350,29.18380,-34.61500,-34.61500,-43.10430,-74.69510,0.11590,1.73420,51.89670,-27.21320,17.40670,-7.42360,-8.57530,13.48680,1.4794,0.9766
2018-09-30,106.00700,72.17000,33.83700,0.59700,0.04400,12.06000,21.77700,-8.68100,13.09600,3.58300,9.51300,9.51300,0.17800,9.25800,26.80000,21.77700,27.45600,27.69000,0.35000,0.34000,2.27310,0.60770,1.54900,31.91960,20.54300,20.54300,12.35390,8.73340,0.10480,1.54890,58.10390,2.64620,-2.42090,0.94050,1.03810,18.97560,0.3896,0.2491
2018-06-30,105.31900,72.72200,32.59700,0.24600,-0.29000,12.23500,20.36200,-8.58100,11.78100,3.18800,8.59300,8.59300,-6.95900,1.33500,25.15000,20.36200,18.63300,27.61100,0.30000,0.05000,2.16570,0.61370,1.58840,30.95070,19.33360,19.33360,11.18600,1.26760,0.10450,1.56910,57.35890,2.45280,-2.22460,0.85290,0.94760,18.53950,0.0361,-0.0957
2018-03-31,87.98300,64.35600,23.62700,0.19000,-0.14900,10.37100,13.25600,-8.45900,4.79700,1.33000,3.46700,3.46700,-30.05600,-26.80700,18.02100,13.25600,18.47800,27.45600,-1.44000,-0.96000,1.94670,0.61050,1.56760,26.85410,15.06650,15.06650,5.45220,-30.46840,0.08770,1.63390,55.08250,0.97730,-0.90350,0.34560,0.38060,19.17950,-0.02110,-0.18030
2017-12-31,71.97900,38.24900,33.73000,0.16200,-9.48600,31.87400,1.85600,-8.32100,-6.46500,-16.30900,9.84400,9.84400,-39.56300,-29.67600,26.49200,1.85600,18.45900,27.85500,-1.60700,-0.98700,1.88810,0.59320,1.48300,46.86090,2.57850,2.57860,-8.98180,-41.22870,0.06810,1.16930,76.97000,2.58320,-2.76280,0.93190,1.05090,20.62350,0.9482,0.8493
2017-09-30,111.89700,79.47300,32.42400,0.19300,-0.15500,11.57100,20.85300,-8.48000,12.37300,5.27900,7.09400,7.09400,7.19800,14.29200,26.06700,20.85300,18.47800,27.99400,0.77000,0.26000,2.24310,0.58040,1.38340,28.97670,18.63590,18.63590,11.05750,12.77250,0.10130,1.70290,52.85130,1.73750,-1.77080,0.64200,0.72900,22.09580,0.8454,0.7026
2017-06-30,117.30300,83.18600,34.11700,0.17500,-0.71600,12.87300,21.24400,-8.03000,13.21400,5.41400,7.80000,7.80000,-2.23700,5.56300,25.18700,21.24400,18.47000,28.44500,0.30000,0.19000,2.01540,0.58900,1.43310,29.08450,18.11040,18.11040,11.26480,4.74240,0.10900,1.76300,51.04930,1.98040,-1.88430,0.72490,0.81390,21.31520,-0.1645,-0.1563
2017-03-31,88.40400,72.84000,15.56400,0.18800,0.00200,12.11700,3.44700,-8.28700,-4.84000,-1.93000,-2.91000,-2.91000,-0.09800,-3.05100,10.30100,3.44700,18.42900,18.42900,-0.16000,-0.16000,1.79020,0.59250,1.45380,17.60550,3.89910,3.89910,-5.47490,-3.45120,0.08260,1.68830,53.30830,-0.75000,0.69190,-0.27190,-0.30560,21.00990,0.21470,-0.08330
2016-12-31,24.23600,2.19900,22.03700,3.59100,-0.77800,10.05200,11.98500,-8.37200,3.61300,2.86500,0.74800,0.74800,,3.28900,11.60100,11.98500,18.25500,27.31300,0.18000,0.15000,1.88220,0.59130,1.46450,90.92680,49.45130,49.45140,14.90760,13.57070,0.02240,0.40680,221.24940,0.19180,-0.17950,0.06920,0.07840,21.20530,0.67,0.7324
2016-09-30,165.75600,114.64600,51.11000,0.20600,0.42600,12.17200,38.93800,-12.58200,26.35600,10.49300,15.86300,15.86300,,15.86300,45.01800,38.93800,18.39500,27.37200,0.86000,0.58000,1.92800,0.59860,1.49320,30.83450,23.49120,23.49120,15.90050,9.57010,0.15410,2.53370,35.52090,4.13490,-3.74240,1.47440,1.65960,20.85690,0.9783,0.8332
2016-06-30,137.15700,105.59400,31.56300,0.20400,-1.07900,13.78000,17.78300,-8.49800,9.28500,3.68300,5.60200,5.60200,,5.60200,24.21500,17.78300,18.36500,27.43800,0.31000,0.20000,1.47220,0.60860,1.55680,23.01230,12.96540,12.96540,6.76960,4.08440,0.13020,2.20460,40.82370,1.52340,-1.27430,0.53170,0.59630,19.99180,0.2683,0.1746
2016-03-31,94.43200,76.90500,17.52700,0.25200,0.36600,11.73500,5.79200,-8.08200,-2.29000,-0.90700,-1.38300,-1.38300,,-1.46100,12.29500,5.79200,17.86300,17.86300,-0.08000,-0.08000,1.60980,0.61910,1.62600,18.56050,6.13350,6.13350,-2.42500,-1.54710,0.08920,1.80280,49.92350,-0.38210,0.30890,-0.13070,-0.14550,20.26220,0.22060,-0.09590
2015-12-31,113.02000,84.43500,28.58500,0.00000,-1.60500,14.99300,13.59200,-8.80400,4.78800,2.39400,2.39400,2.39400,,2.82800,19.49500,13.59200,17.53700,27.72400,0.13000,0.26720,1.66240,0.61830,1.62020,25.29200,12.02620,12.02620,4.23640,2.50220,0.10660,1.87920,47.89300,0.65870,-0.53500,0.22570,0.25140,20.34710,0.4273,0.258
2015-09-30,129.56800,89.72800,39.84000,2.87500,11.90900,2.99400,36.84600,-8.84800,27.99800,11.54300,16.45500,16.45500,,16.45400,42.03900,36.84600,17.53200,27.61000,0.94000,0.60000,1.65660,0.62340,1.65570,30.74830,28.43760,28.43760,21.60870,12.69910,0.12110,1.95400,46.06000,4.54990,-3.62130,1.53750,1.71350,20.25300,1.3372,1.9937
2015-06-30,117.51600,82.29700,35.21900,1.40300,-0.02100,11.76500,23.45400,-38.29900,-14.84500,-6.11100,-8.73400,-8.73400,,-9.13200,27.40900,23.45400,17.37400,17.37400,-0.50000,-0.50000,2.09450,0.62930,1.70620,29.96950,19.95810,19.95810,-12.63230,-7.77090,0.12180,1.87470,48.00750,-2.59320,2.08910,-0.90520,-0.96130,19.38670,-1.4204,-1.6591
2015-03-31,81.11800,61.32900,19.78900,,0.00700,8.95100,10.83800,-10.60900,0.22900,0.09800,0.13100,0.13100,,0.09600,14.66000,10.83800,17.37400,33.76700,0.01000,0.00280,1.59390,0.60970,1.56590,24.39530,13.36080,13.36080,0.28230,0.11830,0.08470,1.54100,58.40380,0.03810,-0.03220,0.01370,0.01490,19.81070,0.59170,0.50050
2014-12-31,93.71700,62.10200,31.61500,0.00000,-0.00400,11.63600,19.97900,-10.63100,9.34800,4.31100,5.03700,5.03700,,4.61800,24.09900,19.97900,12.32060,12.32060,-2.94550,-2.10660,1.73890,0.60570,1.54010,33.73450,21.31840,21.31840,9.97470,4.92760,0.10000,1.53260,58.72560,1.46360,-1.24690,0.53740,0.57700,19.81020,3.6737,2.6086
2014-09-30,94.74700,61.60800,33.13900,37.58000,-0.22200,48.60100,-15.46200,-11.74300,-27.20500,6.37900,-33.58400,-33.58400,,-33.58400,-10.37100,-15.46200,,,,0.00000,1.88300,0.60990,1.56750,34.97630,-16.31930,-16.31930,-28.71330,-35.44600,0.09900,1.52250,59.11310,-9.92460,8.74580,-3.51080,-3.87120,19.59080,-0.4955,-0.2411
2014-06-30,106.26700,71.47800,34.78900,,0.02600,10.45200,24.33700,-12.12200,12.21500,0.09100,12.12400,12.12400,,12.12400,28.88300,24.33700,7.89600,17.40500,1.53550,0.69660,2.59250,0.72560,2.65270,32.73740,22.90180,22.90180,11.49460,11.40900,0.11250,1.67040,53.87790,1400.00000,-2.56610,1.28320,1.35100,,0.4955,0.2411
2014-03-31,79.16100,58.25200,20.90900,0.15900,0.11000,9.23100,11.67800,-12.11700,-0.43900,0.09100,-0.53000,-0.53000,,-0.53000,16.26500,11.67800,,,,0.00000,,,,26.41330,14.75220,14.75220,-0.55460,-0.66950,,,,,,,,,0.00000,
2013-12-31,,,,,,,,,,,,,,,,,,,,0.00000,,,,,,,,,,,,,,,,,0,0
2013-09-30,66.86700,45.73500,21.13200,,-0.01500,9.16600,11.96600,-7.47600,4.49000,0.08500,4.40500,4.40500,,4.40500,16.12500,11.96600,,,,0.00000,,,,31.60300,17.89520,17.89520,6.71480,6.58770,,,,,,,,,0,0
2013-06-30,72.47900,49.63200,22.84700,,0.00700,8.29700,14.55000,-7.51200,7.03800,0.08500,6.95300,6.95300,,6.95300,14.55000,14.55000,,,,0.00000,,,,31.52220,20.07480,20.07480,9.71040,9.59310,,,,,,,,,0,0
2012-12-31,,,,,,,,,,,,,,,,,,,,0.00000,,,,,,,,,,,,,,,,,0,0
