Date,revenue,gross-profit,research-development-expenses,selling-general-administrative-expenses,operating-expenses,operating-income,total-non-operating-income-expense,pre-tax-income,total-provision-income-taxes,income-after-taxes,income-from-continuous-operations,net-income,ebitda,ebit,basic-shares-outstanding,shares-outstanding,eps-basic-net-earnings-per-share,eps-earnings-per-share-diluted,current-ratio,long-term-debt-capital,debt-equity-ratio,gross-margin,operating-margin,ebit-margin,pre-tax-profit-margin,net-profit-margin,asset-turnover,receiveable-turnover,days-sales-in-receivables,roe,return-on-tangible-equity,roa,roi,book-value-per-share,operating-cash-flow-per-share,free-cash-flow-per-share
2024-03-31,408.73900,408.73900,21.31000,170.41400,,167.67800,19.34200,187.02000,43.63800,143.38200,143.38200,126.14200,217.01500,167.67800,212.70990,214.66090,0.59000,0.59000,2.99840,,,100.00000,41.02330,41.02330,45.75540,30.86130,0.05530,0.47050,191.28120,2.35980,6.56060,1.93870,2.35980,25.72670,0.17660,0.09620
2023-12-31,370.00000,370.00000,21.50500,159.36500,,141.63000,-0.33200,141.29800,37.55700,103.74100,103.74100,89.31400,189.13000,141.63000,210.79680,212.66880,0.42000,0.41000,3.68560,,,100.00000,38.27840,38.27840,38.18860,24.13890,0.05240,0.67320,133.68280,1.74900,4.91410,1.46950,1.74900,25.22910,1.16,1.1018
2023-09-30,328.35700,328.35700,19.73300,137.32700,,124.73800,15.55800,140.29600,28.66600,111.63000,111.63000,98.61400,171.29700,124.73800,211.61850,213.49160,0.47000,0.46000,8.26620,,,100.00000,37.98850,37.98850,42.72670,30.03260,0.05050,1.90900,47.14520,1.92080,5.68360,1.71620,1.92080,24.75980,1.0161,0.9325
2023-06-30,310.61300,310.61300,18.70100,129.69000,,116.33500,14.65300,130.98800,29.04900,101.93900,101.93900,89.08200,162.22200,116.33500,211.56970,213.15680,0.42000,0.42000,6.05240,,,100.00000,37.45340,37.45340,42.17080,28.67940,0.04790,1.06650,84.38500,1.78300,5.31520,1.57060,1.78300,24.36220,0.995,0.9259
2023-03-31,329.24900,329.24900,17.56700,143.71200,,122.56600,12.83200,135.39800,33.20500,102.19300,102.19300,87.85600,167.97000,122.56600,208.10540,210.14370,0.42000,0.42000,8.39490,,,100.00000,37.22590,37.22590,41.12330,26.68380,0.05280,1.77530,50.69540,1.82460,5.75870,1.63770,1.82460,23.86430,0.33710,0.25760
2022-12-31,293.04200,293.04200,17.23100,139.37600,,91.55400,21.05300,112.60700,13.60500,99.00200,99.00200,88.94600,136.43500,91.55400,205.57660,208.40000,0.42000,0.42000,6.01280,,,100.00000,31.24260,31.24260,38.42690,30.35270,0.04680,1.89910,47.39160,1.78500,5.84690,1.58150,1.78500,23.69980,0.9974,0.9271
2022-09-30,287.11500,287.11500,16.81600,122.71100,,102.81000,3.41300,106.22300,24.65700,81.56600,81.56600,69.08300,147.58800,102.81000,205.72120,208.32950,0.34000,0.33000,6.59790,,,100.00000,35.80800,35.80800,36.99670,24.06110,0.04680,1.90070,47.35080,1.49560,5.18310,1.32920,1.49560,23.25360,0.9618,0.9033
2022-06-30,297.13800,297.13800,16.03400,129.72700,,106.60700,0.54100,107.14800,25.54800,81.60000,81.60000,68.34400,151.37700,106.60700,204.50100,207.27270,0.33000,0.33000,7.17460,,,100.00000,35.87790,35.87790,36.06000,23.00080,0.04960,1.89170,47.57550,1.51930,5.57340,1.36240,1.51930,22.90110,0.8594,0.7867
2022-03-31,311.48600,311.48600,15.77600,139.65800,,111.60200,-0.44700,111.15500,13.71000,97.44500,97.44500,82.96500,156.05200,111.60200,204.06130,207.49710,0.41000,0.40000,4.56090,,,100.00000,35.82890,35.82890,35.68540,26.63520,0.05190,1.21650,73.98330,1.84080,7.16370,1.62380,1.84080,22.59800,0.21800,0.13110
2021-12-31,276.88300,276.88300,13.94100,128.10900,,91.18100,12.33400,103.51500,43.51000,60.00500,60.00500,48.89000,134.83300,91.18100,201.41910,207.25480,0.25000,0.23000,5.02810,,,100.00000,32.93120,32.93120,37.38580,17.65730,0.04620,2.13090,42.23560,1.13030,4.44920,1.00170,1.13030,22.71230,0.9331,0.8561
2021-09-30,265.32500,265.32500,14.74700,120.22700,,85.52800,-0.36100,85.16700,19.86200,65.30500,65.30500,54.76300,130.35100,85.52800,202.23810,208.19740,0.27000,0.26000,4.63960,,,100.00000,32.23520,32.23520,32.09910,20.64000,0.04470,1.58590,56.74960,1.24430,5.17990,1.10010,1.24430,22.55150,0.8725,0.8247
2021-06-30,260.84000,260.84000,13.95700,121.22400,,83.79200,-0.32500,83.46700,17.23400,66.23300,66.23300,55.31600,125.65900,83.79200,201.75000,207.46400,0.27000,0.27000,4.54160,,,100.00000,32.12390,32.12390,31.99930,21.20690,0.04450,1.45450,61.87900,1.27410,5.59410,1.12930,1.27410,22.34710,0.7123,0.6509
2021-03-31,273.39900,273.39900,13.54400,120.56200,,98.32700,-0.49300,97.83400,16.26900,81.56500,81.56500,67.85900,139.29300,98.32700,199.06460,205.02870,0.34000,0.33000,5.87980,,,100.00000,35.96470,35.96470,35.78430,24.82050,0.04710,1.60960,55.91480,1.57910,6.21140,1.40410,1.57910,22.25320,0.27100,0.20950
2020-12-31,233.07600,233.07600,13.10300,108.55600,,71.58010,11.04500,82.62500,16.17600,66.44900,66.44900,55.06000,111.41710,71.58010,180.40950,188.22300,0.29000,0.28000,4.49260,,,100.00000,30.71100,30.71100,35.44980,23.62320,0.04100,2.20600,40.79730,1.32390,5.81700,1.16990,1.32390,21.91590,0.7979,0.7224
2020-09-30,212.87000,212.87000,12.03700,103.45500,,58.52100,-0.34900,58.17200,11.12400,47.04800,47.04800,36.81200,97.37800,58.52100,187.77420,194.95570,0.20000,0.19000,3.64620,,,100.00000,27.49140,27.49140,27.32750,17.29320,0.03840,1.37220,65.58750,0.96430,4.81290,0.84960,0.96430,21.45360,0.6698,0.6227
2020-06-30,212.10700,212.10700,12.04200,106.50700,,55.63900,-0.28600,55.35300,12.94500,42.40800,42.40800,30.49600,93.55800,55.63900,177.64950,185.48980,0.17000,0.16000,3.52350,,,100.00000,26.23160,26.23160,26.09670,14.37770,0.03880,1.26000,71.42610,0.87820,4.69840,0.77620,0.87820,21.26550,1.0118,0.9563
2020-03-31,234.60600,234.60600,10.31800,109.49700,,77.61500,0.69900,78.31400,15.82900,62.48500,62.48500,43.92800,114.79100,77.61500,166.23480,174.51720,0.26000,0.25000,3.52590,,,100.00000,33.08310,33.08310,33.38110,18.72420,0.04520,1.02280,87.99370,1.33260,8.47300,1.20520,1.33260,20.85200,-0.12470,-0.17260
2019-12-31,197.30800,197.30800,10.19900,96.37800,,54.32900,33.83800,88.16700,30.88900,57.27800,57.27800,-1.02300,90.73100,54.32900,148.01330,156.54020,0.08000,0.06000,2.84300,,,100.00000,27.53510,27.53510,44.68500,-0.51850,0.03870,1.59820,56.31270,1.24710,9.29070,1.12410,1.24710,20.63940,0.7284,0.641
2019-09-30,200.98100,200.98100,9.52700,98.06300,,58.25800,0.63600,58.89400,10.31600,48.57800,48.57800,29.61200,93.39100,58.25800,142.93520,151.36260,0.21000,0.20000,1.36910,,,100.00000,28.98680,28.98680,29.30330,14.73370,0.03570,0.23840,377.52430,1.08260,9.99250,0.86400,1.08260,20.19170,0.748,0.6688
2019-06-30,190.48500,190.48500,9.51900,115.71900,,30.95500,0.17500,31.13000,6.31400,24.81600,24.81600,12.82800,65.24700,30.95500,142.93320,150.84720,0.09000,0.09000,1.73280,,,100.00000,16.25060,16.25060,16.34250,6.73440,0.03760,0.54720,164.47150,0.55710,5.78650,0.48920,0.55710,20.04660,0.6047,0.5244
2019-03-31,186.79200,186.79200,10.04000,96.97200,,46.27700,0.85800,47.13500,4.78300,42.35200,42.35200,42.35200,79.78000,46.27700,222.22200,223.32000,0.19000,0.19000,2.80870,0.00800,0.00810,100.00000,24.77460,24.77460,25.23400,22.67340,0.03830,1.02240,88.03130,0.91650,7.42420,0.86760,0.90910,,-0.09440,-0.13150
2018-12-31,178.63700,187.10000,18.37000,103.77500,155.16500,31.93500,0.78700,32.72200,3.41500,29.30700,29.30700,29.30700,64.95500,31.93500,,,,0.00000,1.75070,,,104.73750,17.87700,17.87700,18.31760,16.40590,0.03570,0.68240,131.89020,0.64100,5.90050,0.58650,0.64100,,-0.7521,-0.6341
2018-09-30,167.79000,167.79000,9.11200,89.49900,,52.81700,0.67300,53.49000,7.53500,45.95500,45.95500,45.95500,69.17900,52.81700,219.16600,219.16600,0.21000,0.21000,,,,100.00000,31.47800,31.47800,31.87910,27.38840,,,,,,,,,0.4474,0.4039
2018-06-30,151.71800,151.71800,9.02300,86.35500,,40.16200,0.58200,40.74400,1.84700,38.89700,38.89700,38.89700,56.34000,40.16200,213.43530,213.43530,0.18000,0.18000,,,,100.00000,26.47150,26.47150,26.85510,25.63770,,,,,,,,,0.3047,0.2302
2018-03-31,159.43300,150.97000,0.00000,87.34700,103.61500,47.35500,0.47100,47.82600,2.51800,45.30800,45.30800,45.30800,63.62300,47.35500,,,,0.00000,,,,94.69180,29.70210,29.70210,29.99760,28.41820,,,,,,,,,0.00000,
2017-12-31,,,,,,,,,,,,,,,,,,0.00000,,,,,,,,,,,,,,,,,0,0
