Date,revenue,cost-goods-sold,gross-profit,research-development-expenses,selling-general-administrative-expenses,other-operating-income-expenses,operating-expenses,operating-income,total-non-operating-income-expense,pre-tax-income,total-provision-income-taxes,income-after-taxes,income-from-continuous-operations,net-income,ebitda,ebit,basic-shares-outstanding,shares-outstanding,eps-basic-net-earnings-per-share,eps-earnings-per-share-diluted,current-ratio,long-term-debt-capital,debt-equity-ratio,gross-margin,operating-margin,ebit-margin,pre-tax-profit-margin,net-profit-margin,asset-turnover,inventory-turnover,receiveable-turnover,days-sales-in-receivables,roe,return-on-tangible-equity,roa,roi,book-value-per-share,operating-cash-flow-per-share,free-cash-flow-per-share
2023-12-31,183.97900,68.19700,115.78200,65.26700,86.12500,,170.97000,-55.18800,8.59000,-46.59800,2.35400,-48.95200,-48.95200,-48.95200,-43.48200,-55.18800,117.16500,117.16500,-0.42000,-0.42000,4.68710,,,62.93220,-29.99690,-29.99690,-25.32790,-26.60740,0.19060,0.92530,1.60220,56.17420,-6.60580,-6.79970,-5.07200,-6.60580,6.22220,0.2182,0.1869
2023-09-30,153.64400,58.11500,95.52900,66.50700,82.41500,,190.32400,-94.79500,3.05100,-91.74400,1.24200,-92.98600,-92.98600,-92.98600,-83.37500,-94.79500,117.72830,117.72830,-0.79000,-0.79000,5.37020,,,62.17560,-61.69780,-61.69780,-59.71210,-60.52040,0.16200,0.71820,1.47950,60.83040,-12.47770,-12.93500,-9.80310,-12.47770,6.30420,-0.2138,-0.341
2023-06-30,146.81900,47.20700,99.61200,71.46000,91.51000,,162.97000,-63.35800,2.59100,-60.76700,1.64700,-62.41400,-62.41400,-62.41400,-51.63100,-63.35800,116.70800,116.70800,-0.53000,-0.53000,5.94310,,,67.84680,-43.15380,-43.15380,-41.38910,-42.51090,0.14840,0.56410,1.67440,53.75090,-7.86760,-8.14270,-6.30680,-7.86760,6.75620,-0.0984,-0.3153
2023-03-31,134.28500,35.89500,98.39000,67.09800,83.28000,,150.37800,-51.98800,2.33400,-49.65400,1.09300,-50.74700,-50.74700,-50.74700,-43.22200,-51.98800,115.61990,115.61990,-0.44000,-0.44000,5.37380,,,73.26950,-38.71470,-38.71470,-36.97660,-37.79050,0.13240,0.43610,1.72290,52.23670,-6.32450,-6.54860,-5.00450,-6.32450,6.90570,-0.03570,-0.07510
2022-12-31,156.23200,36.82700,119.40500,63.61400,78.88700,,142.50100,-23.09600,6.68500,-16.41100,0.80400,-17.21500,-17.21500,-17.21500,-14.62400,-23.09600,113.85900,113.85900,-0.14000,-0.14000,4.84920,,,76.42800,-14.78310,-14.78310,-10.50420,-11.01890,0.15180,0.45120,1.49920,60.03250,-2.13650,-2.21170,-1.67300,-2.13650,6.99460,0.1196,-0.2312
2022-09-30,131.07200,30.37700,100.69500,67.29000,73.40100,,140.69100,-39.99600,-0.03900,-40.03500,1.87900,-41.91400,-41.91400,-41.91400,-31.88100,-39.99600,114.11240,114.11240,-0.37000,-0.37000,4.96170,,,76.82420,-30.51450,-30.51450,-30.54430,-31.97780,0.13160,0.38630,1.56880,57.36860,-5.40270,-5.60510,-4.20740,-5.40270,6.95550,-0.0823,-0.4004
2022-06-30,114.60900,27.70400,86.90500,70.68500,79.33700,,150.02200,-63.11700,-0.71400,-63.83100,0.62700,-64.45800,-64.45800,-64.45800,-54.85600,-63.11700,113.57500,113.57500,-0.57000,-0.57000,5.65040,,,75.82740,-55.07160,-55.07160,-55.69460,-56.24170,0.11440,0.39220,1.50400,59.84140,-8.22680,-8.53890,-6.43560,-8.22680,6.87980,-0.1484,-0.3867
2022-03-31,114.49600,25.47800,89.01800,64.07800,66.67500,,130.75300,-41.73500,0.04100,-41.69400,0.71900,-42.41300,-42.41300,-42.41300,-33.57700,-41.73500,112.96620,112.96620,-0.38000,-0.38000,7.38340,,,77.74770,-36.45110,-36.45110,-36.41530,-37.04320,0.11410,0.40000,1.49620,60.15350,-5.25770,-5.45570,-4.22760,-5.25770,7.12140,-0.18410,-0.43320
2021-12-31,143.53000,27.59800,115.93200,61.88500,69.87700,,131.76200,-15.83010,-0.16300,-15.99300,2.45600,-18.44900,-18.44900,-18.44900,-8.50600,-15.83010,110.34800,110.34800,-0.17000,-0.17000,6.77430,,,80.77200,-11.02910,-11.02910,-11.14260,-12.85380,0.14090,0.46020,1.68360,53.45820,-2.25660,-2.34230,-1.81080,-2.25660,7.26630,0.0514,-0.202
2021-09-30,125.29700,24.51800,100.77900,54.58200,62.07600,,116.65800,-15.87900,-0.76900,-16.64800,0.52300,-17.17100,-17.17100,-17.17100,-8.60400,-15.87900,110.87430,110.87430,-0.15000,-0.15000,7.41320,,,80.43210,-12.67310,-12.67310,-13.28680,-13.70420,0.12650,0.47940,1.59760,56.33580,-2.14580,-2.15790,-1.73340,-2.14580,7.17450,-0.2363,-0.4144
2021-06-30,115.84200,4.91500,110.92700,53.40200,68.70300,0.85000,121.25500,-10.32800,0.37000,-9.95800,1.09400,-11.05200,-11.05200,-11.05200,-3.14100,-10.32800,109.86630,109.86630,-0.10000,-0.10000,6.69320,,,95.75720,-8.91560,-8.91560,-8.59620,-9.54060,0.11850,0.11150,1.94110,46.36660,-1.40860,-1.41680,-1.13050,-1.40860,7.08490,0.0287,-0.1001
2021-03-31,105.82100,17.06000,88.76100,41.88300,56.90400,-0.19000,98.97700,-10.21600,-0.90000,-11.11600,0.43500,-11.55100,-11.55100,-11.55100,-3.74800,-10.21600,108.71400,108.71400,-0.11000,-0.11000,6.18600,,,83.87840,-9.65400,-9.65400,-10.50450,-10.91560,0.11090,0.44300,1.84330,48.82510,-1.53510,-1.54440,-1.21080,-1.53510,6.86620,-0.03750,-0.39500
2020-12-31,112.21800,18.89700,93.32100,39.70500,55.97400,-0.31400,502.90400,-409.58290,0.96000,-408.62300,6.95000,-415.57300,-415.57300,-415.57300,-404.16690,-409.58300,101.15170,101.15170,-4.09000,-4.09000,6.55540,,,83.16050,-364.98860,-364.98860,-364.13320,-370.32650,0.12080,0.63080,2.19140,41.06930,-56.22900,-57.98280,-44.71700,-56.22900,6.81260,-1.2886,-1.4998
2020-09-30,71.81700,14.41100,57.40600,30.14300,51.54900,-0.33200,122.66100,-65.25500,-0.00800,-65.26300,0.58500,-65.84800,-65.84800,-65.84800,-60.37800,-65.25500,101.34190,101.34190,-0.65000,-0.65000,6.18560,,,79.93370,-90.86290,-90.86290,-90.87400,-91.68860,0.06890,0.57370,1.99350,45.14730,-7.98080,-7.98080,-6.31610,-7.98080,7.81330,-0.5413,-0.5429
2020-06-30,42.90500,10.05200,32.85300,27.53500,44.41600,-0.32200,72.27300,-39.42000,-0.32500,-39.74500,0.42200,-40.16700,-40.16700,-40.16700,-34.95200,-39.42000,98.97830,98.97830,-0.41000,-0.41000,3.69610,,,76.57150,-91.87740,-91.87740,-92.63490,-93.61850,0.07360,0.46200,1.88790,47.67140,-10.26580,-10.26580,-6.89200,-10.26580,3.90260,-0.2977,-0.364
2020-03-31,71.90500,15.10800,56.79700,25.99200,50.38700,-0.30200,76.68100,-19.88400,-0.96100,-20.84500,0.29800,-21.14300,-21.14300,-21.14300,-15.62400,-19.88400,96.82900,96.82900,-0.22000,-0.22000,7.27520,,,78.98900,-27.65320,-27.65320,-28.98960,-29.40410,0.11780,0.78050,2.33070,38.61470,-5.16860,-5.16860,-3.46390,-5.16860,4.16800,-0.02660,-0.11000
2019-12-31,75.28900,16.58200,58.70700,27.88900,38.89800,-0.14200,66.78700,-8.08000,1.05400,-7.02600,0.10800,-7.13400,-7.13400,-7.13400,-5.23500,-8.08000,96.02700,96.02700,-0.07000,-0.07000,7.62640,0.04510,0.07070,77.97550,-10.73200,-10.73200,-9.33200,-9.47550,0.12430,1.08590,2.25610,39.89150,-1.69820,-1.69820,-1.17740,-1.62170,4.36490,-0.5963,0.1985
2019-09-30,61.20700,15.48000,45.72700,22.20900,32.61400,,54.82300,-9.09600,-0.49900,-9.59500,0.00800,-9.60300,-9.60300,-9.60300,-7.05500,-9.09600,29.18400,29.18400,-0.33000,-0.33000,,,,74.70880,-14.86100,-14.86100,-15.67630,-15.68940,,,,,,,,,,0.0961,0.302
2019-06-30,55.81900,15.00600,40.81300,18.03400,32.57100,-0.57000,51.17500,-10.36200,-0.44800,-10.81000,0.06800,-10.87800,-10.87800,-10.87800,-9.21800,-10.36200,15.56800,15.56800,-0.70000,-0.70000,,,,73.11670,-18.56360,-18.56360,-19.36620,-19.48800,,,,,,,,,,0.2313,-0.5817
2019-03-31,53.57800,13.96500,39.61300,14.96500,26.89300,-0.79000,42.64800,-3.03500,-0.56700,-3.60200,0.03400,-3.63600,-3.63600,-3.63600,-1.99900,-3.03500,14.80200,14.80200,-0.25000,-0.25000,,,,73.93520,-5.66460,-5.66460,-6.72290,-6.78640,,,,,,,,,,0.62950,-0.00330
2018-12-31,,,,,,,,,,,,,,,,,,,,0.00000,,,,,,,,,,,,,,,,,,0,0
2017-12-31,,,,,,,,,,,,,,,,,,,,0.00000,,,,,,,,,,,,,,,,,,0,0
