Date,revenue,cost-goods-sold,gross-profit,research-development-expenses,selling-general-administrative-expenses,operating-expenses,operating-income,total-non-operating-income-expense,pre-tax-income,total-provision-income-taxes,income-after-taxes,income-from-continuous-operations,net-income,ebitda,ebit,basic-shares-outstanding,shares-outstanding,eps-basic-net-earnings-per-share,eps-earnings-per-share-diluted,current-ratio,long-term-debt-capital,debt-equity-ratio,gross-margin,operating-margin,ebit-margin,pre-tax-profit-margin,net-profit-margin,asset-turnover,inventory-turnover,receiveable-turnover,days-sales-in-receivables,roe,return-on-tangible-equity,roa,roi,book-value-per-share,operating-cash-flow-per-share,free-cash-flow-per-share
2024-03-31,3661.00000,1566.00000,2095.00000,478.00000,455.00000,809.00000,1286.00000,7.00000,1293.00000,188.00000,1105.00000,1105.00000,1100.00000,1648.00000,1286.00000,910.00000,917.00000,1.21000,1.20000,4.91080,0.43050,0.83550,57.22480,35.12700,35.12700,35.31820,30.04640,0.10490,0.38350,2.19090,41.07890,6.50650,8.75530,3.16760,3.70520,18.66260,1.10910,-0.04250
2023-12-31,4077.00000,1646.00000,2431.00000,460.00000,438.00000,898.00000,1533.00000,15.00000,1548.00000,177.00000,1371.00000,1371.00000,1363.00000,1870.00000,1533.00000,908.00000,916.00000,1.50000,1.50000,4.55480,0.38600,0.66420,59.62720,37.60120,37.60120,37.96910,33.43140,0.12600,0.41160,2.28150,39.44810,8.11390,10.93740,4.23830,4.98170,18.58860,2.1004,0.8472
2023-09-30,4532.00000,1717.00000,2815.00000,471.00000,452.00000,923.00000,1892.00000,30.00000,1922.00000,213.00000,1709.00000,1709.00000,1700.00000,2212.00000,1892.00000,908.00000,916.00000,1.87000,1.85000,5.69270,0.39640,0.67480,62.11390,41.74760,41.74760,42.40950,37.51100,0.14320,0.43940,2.29350,39.24100,10.27600,13.92940,5.40170,6.20260,18.31610,2.1146,0.4836
2023-06-30,4531.00000,1621.00000,2910.00000,477.00000,461.00000,938.00000,1972.00000,30.00000,2002.00000,280.00000,1722.00000,1722.00000,1714.00000,2272.00000,1972.00000,908.00000,916.00000,1.89000,1.87000,5.72260,0.40660,0.70380,64.22420,43.52240,43.52240,44.18450,37.82830,0.14640,0.43470,2.31650,38.85240,10.80300,14.87300,5.56580,6.41100,17.55510,1.5273,-0.0502
2023-03-31,4379.00000,1516.00000,2863.00000,455.00000,474.00000,929.00000,1934.00000,12.00000,1946.00000,238.00000,1708.00000,1708.00000,1699.00000,2215.00000,1934.00000,907.00000,916.00000,1.87000,1.85000,5.17320,0.38710,0.66430,65.38020,44.16530,44.16530,44.43940,38.79880,0.14990,0.46110,2.33300,38.57730,11.20510,15.69710,5.84530,6.86800,16.78750,1.26640,0.19540
2022-12-31,4670.00000,1583.00000,3087.00000,434.00000,429.00000,911.00000,2176.00000,-9.00000,2167.00000,205.00000,1962.00000,1962.00000,1952.00000,2439.00000,2176.00000,916.00000,926.00000,2.16000,2.14000,4.69720,0.36100,0.59920,66.10280,46.59530,46.59530,46.40260,41.79870,0.17160,0.57420,2.46440,36.52030,13.45960,19.20710,7.21140,8.60070,16.08940,2.1817,1.1439
2022-09-30,5241.00000,1624.00000,3617.00000,431.00000,431.00000,939.00000,2678.00000,-20.00000,2658.00000,363.00000,2295.00000,2295.00000,2284.00000,2940.00000,2678.00000,913.00000,923.00000,2.50000,2.47000,4.92210,0.33890,0.54710,69.01360,51.09710,51.09710,50.71550,43.57950,0.20110,0.67550,2.56910,35.03150,15.82000,22.62200,8.80760,10.45800,15.94180,3.0286,2.1643
2022-06-30,5212.00000,1587.00000,3625.00000,414.00000,422.00000,902.00000,2723.00000,-42.00000,2681.00000,390.00000,2291.00000,2291.00000,2281.00000,2963.00000,2723.00000,920.00000,930.00000,2.48000,2.45000,5.09490,0.32370,0.51410,69.55100,52.24480,52.24480,51.43900,43.76440,0.21080,0.72170,2.37990,37.81660,16.25750,23.54570,9.26670,10.99490,15.40110,1.911,1.2681
2022-03-31,4905.00000,1463.00000,3442.00000,391.00000,422.00000,879.00000,2563.00000,-37.00000,2526.00000,325.00000,2201.00000,2201.00000,2192.00000,2777.00000,2563.00000,923.00000,934.00000,2.37000,2.35000,5.54190,0.34070,0.55230,70.17330,52.25280,52.25280,51.49850,44.68910,0.19410,0.71020,2.73260,32.93580,15.70240,22.79650,8.70790,10.35330,15.20280,2.29550,1.82330
2021-12-31,4832.00000,1482.00000,3350.00000,389.00000,404.00000,847.00000,2503.00000,-40.00000,2463.00000,325.00000,2138.00000,2138.00000,2129.00000,2716.00000,2503.00000,923.00000,936.00000,2.31000,2.27000,5.32700,0.35190,0.58060,69.32950,51.80050,51.80050,50.97270,44.06040,0.19580,0.77590,2.84070,31.68250,16.03540,23.83240,8.66430,10.39180,14.42970,2.5182,1.2212
2021-09-30,4643.00000,1491.00000,3152.00000,388.00000,412.00000,847.00000,2305.00000,-30.00000,2275.00000,328.00000,1947.00000,1947.00000,1938.00000,2558.00000,2305.00000,923.00000,936.00000,2.10000,2.07000,5.62990,0.37330,0.63690,67.88710,49.64460,49.64460,48.99850,41.74030,0.19950,0.80030,2.80880,32.04180,16.02340,25.02570,8.36590,10.04130,13.15880,2.5985,2.0817
2021-06-30,4580.00000,1503.00000,3077.00000,391.00000,425.00000,864.00000,2213.00000,29.00000,2242.00000,311.00000,1931.00000,1931.00000,1924.00000,2460.00000,2213.00000,923.00000,937.00000,2.08000,2.05000,5.07810,0.34030,0.56050,67.18340,48.31880,48.31880,48.95200,42.00870,0.22230,0.80980,2.87870,31.26420,17.31370,28.67540,9.37240,11.42270,12.08230,2.2594,1.8513
2021-03-31,4289.00000,1492.00000,2797.00000,386.00000,425.00000,858.00000,1939.00000,,1939.00000,186.00000,1753.00000,1753.00000,1745.00000,2180.00000,1939.00000,922.00000,935.00000,1.89000,1.87000,6.12060,0.38070,0.61480,65.21330,45.20870,45.20870,45.20870,40.68550,0.21840,0.78940,2.70770,33.23850,17.24380,30.75980,8.92610,10.67860,11.01120,1.97860,1.65030
2020-12-31,4076.00000,1430.00000,2646.00000,388.00000,398.00000,833.00000,1813.00000,114.00000,1927.00000,239.00000,1688.00000,1688.00000,1668.00000,2056.00000,1813.00000,921.00000,921.00000,1.83000,1.80000,4.28410,0.40480,0.74000,64.91660,44.47990,44.47990,47.27670,40.92250,0.21060,0.73150,2.88260,31.22180,18.37380,34.98450,8.72310,10.93620,9.98590,2.3448,2.1117
2020-09-30,3817.00000,1364.00000,2453.00000,386.00000,407.00000,844.00000,1609.00000,-22.00000,1587.00000,234.00000,1353.00000,1353.00000,1353.00000,1859.00000,1609.00000,917.00000,929.00000,1.47000,1.45000,4.23750,0.42870,0.81650,64.26510,42.15350,42.15350,41.57720,35.44670,0.20960,0.65830,2.74210,32.82160,16.25230,35.85060,7.43120,9.28490,9.07220,1.5473,1.393
2020-06-30,3239.00000,1157.00000,2082.00000,379.00000,401.00000,854.00000,1228.00000,51.00000,1279.00000,-101.00000,1380.00000,1380.00000,1373.00000,1477.00000,1228.00000,916.00000,927.00000,1.50000,1.48000,3.92420,0.44960,0.88910,64.27910,37.91290,37.91290,39.48750,42.38960,0.18570,0.54170,2.75430,32.67680,18.05340,45.36490,7.91060,9.93590,8.34870,1.8711,1.7289
2020-03-31,3329.00000,1241.00000,2088.00000,377.00000,417.00000,844.00000,1244.00000,-20.00000,1224.00000,50.00000,1174.00000,1174.00000,1174.00000,1494.00000,1244.00000,931.00000,943.00000,1.25000,1.24000,3.49010,0.41560,0.84690,62.72150,37.36860,37.36860,36.76780,35.26590,0.19260,0.61960,2.52960,35.57830,15.17970,38.09220,6.79280,8.87180,8.39300,0.90240,0.73170
2019-12-31,3350.00000,1253.00000,2097.00000,386.00000,412.00000,848.00000,1249.00000,8.00000,1257.00000,187.00000,1070.00000,1070.00000,1046.00000,1499.00000,1249.00000,936.00000,952.00000,1.15000,1.13000,4.12670,0.37320,0.65150,62.59700,37.28360,37.28360,37.52240,31.22390,0.18590,0.62620,3.11920,28.85370,12.01300,25.44590,5.93850,7.52990,9.55650,1.8316,1.6619
2019-09-30,3771.00000,1325.00000,2446.00000,379.00000,399.00000,857.00000,1589.00000,-9.00000,1580.00000,155.00000,1425.00000,1425.00000,1425.00000,1864.00000,1589.00000,935.00000,950.00000,1.51000,1.49000,4.34130,0.37110,0.64560,64.86340,42.13740,42.13740,41.89870,37.78840,0.20960,0.64950,2.81000,32.02860,15.85980,33.66410,7.92020,9.97410,9.60780,2.1064,1.9479
2019-06-30,3668.00000,1308.00000,2360.00000,390.00000,420.00000,854.00000,1506.00000,8.00000,1514.00000,209.00000,1305.00000,1305.00000,1305.00000,1773.00000,1506.00000,937.00000,953.00000,1.38000,1.36000,3.00680,0.34940,0.68430,64.34020,41.05780,41.05780,41.27590,35.57800,0.21100,0.62910,2.58490,34.81730,15.37830,35.70450,7.50690,10.00460,9.08020,1.8882,1.6188
2019-03-31,3594.00000,1333.00000,2261.00000,389.00000,414.00000,882.00000,1379.00000,-2.00000,1377.00000,160.00000,1217.00000,1217.00000,1209.00000,1637.00000,1379.00000,939.00000,956.00000,1.29000,1.26000,3.68270,0.37250,0.68170,62.91040,38.36950,38.36950,38.31390,33.63940,0.20600,0.62550,2.49580,36.06010,14.28570,33.73060,6.97700,8.96430,9.07440,1.15800,0.89750
2018-12-31,3717.00000,1310.00000,2407.00000,400.00000,414.00000,891.00000,1516.00000,-13.00000,1503.00000,264.00000,1239.00000,1239.00000,1196.00000,1765.00000,1516.00000,970.00000,990.00000,1.29000,1.26000,3.27280,0.32440,0.56350,64.75650,40.78560,40.78560,40.43580,32.17650,0.21690,0.59090,3.07950,29.22520,13.77590,30.94410,7.23000,9.30670,9.51590,2.1615,1.8452
2018-09-30,4261.00000,1457.00000,2804.00000,390.00000,396.00000,867.00000,1937.00000,-13.00000,1924.00000,354.00000,1570.00000,1570.00000,1570.00000,2180.00000,1937.00000,969.00000,989.00000,1.61000,1.58000,3.97480,0.29110,0.48180,65.80620,45.45880,45.45880,45.15370,36.84580,0.22940,0.68860,2.68830,33.47810,14.92960,28.82320,8.45310,10.58380,10.89900,2.1533,1.7756
2018-06-30,4017.00000,1398.00000,2619.00000,384.00000,441.00000,907.00000,1712.00000,-6.00000,1706.00000,301.00000,1405.00000,1405.00000,1405.00000,1945.00000,1712.00000,977.00000,997.00000,1.43000,1.40000,6.54300,0.32270,0.47640,65.19790,42.61890,42.61890,42.46950,34.97640,0.21680,0.66890,2.58990,34.74980,13.21230,25.61530,7.58350,8.94900,10.91380,1.8403,1.5891
2018-03-31,3789.00000,1342.00000,2447.00000,385.00000,433.00000,899.00000,1548.00000,5.00000,1553.00000,187.00000,1366.00000,1366.00000,1366.00000,1777.00000,1548.00000,983.00000,1005.00000,1.38000,1.35000,4.61830,0.25160,0.38320,64.58170,40.85510,40.85510,40.98710,36.05170,0.21640,0.66040,2.60590,34.53680,12.83590,25.23090,7.80260,9.60620,10.84020,1.10650,0.91840
2017-12-31,3750.00000,1310.00000,2440.00000,386.00000,409.00000,877.00000,1563.00000,-13.00000,1550.00000,1206.00000,344.00000,344.00000,310.00000,1787.00000,1563.00000,991.00000,1012.00000,0.35000,0.35000,3.86800,0.25710,0.39440,65.06670,41.68000,41.68000,41.33330,8.26670,0.21260,0.66940,2.93430,30.67200,3.32790,6.84030,1.94990,2.47230,10.51410,1.8927,1.6661
2017-09-30,4116.00000,1460.00000,2656.00000,375.00000,412.00000,868.00000,1788.00000,1.00000,1789.00000,504.00000,1285.00000,1285.00000,1285.00000,2013.00000,1788.00000,988.00000,1008.00000,1.29000,1.26000,3.88860,0.21920,0.32610,64.52870,43.44020,43.44020,43.46450,31.21960,0.24310,0.76520,2.61170,34.46060,11.69460,22.94230,7.59050,9.13160,11.14000,1.72,1.5339
2017-06-30,3693.00000,1319.00000,2374.00000,378.00000,434.00000,894.00000,1480.00000,6.00000,1486.00000,430.00000,1056.00000,1056.00000,1056.00000,1705.00000,1480.00000,994.00000,1015.00000,1.05000,1.03000,4.00160,0.22360,0.33460,64.28380,40.07580,40.07580,40.23830,28.59460,0.22470,0.67750,2.51400,35.80020,9.86180,20.14880,6.42410,7.65660,10.79740,0.9065,0.7574
2017-03-31,3402.00000,1258.00000,2144.00000,369.00000,439.00000,892.00000,1252.00000,3.00000,1255.00000,258.00000,997.00000,997.00000,997.00000,1482.00000,1252.00000,998.00000,1019.00000,0.99000,0.97000,4.39450,0.21880,0.31560,63.02180,36.80190,36.80190,36.89010,29.30630,0.21290,0.68260,2.54450,35.37040,9.37120,19.57590,6.23980,7.32070,10.66320,0.78020,0.69480
2016-12-31,3414.00000,1277.00000,2137.00000,340.00000,405.00000,805.00000,1332.00000,165.00000,1497.00000,450.00000,1047.00000,1047.00000,1047.00000,1559.00000,1332.00000,1003.00000,1021.00000,1.03000,1.02000,3.29370,0.22140,0.34460,62.59520,39.01580,39.01580,43.84890,30.66780,0.20780,0.71340,2.69460,33.40070,9.99710,21.60100,6.37210,7.78380,10.51520,1.3647,1.2561
2016-09-30,3675.00000,1391.00000,2284.00000,353.00000,442.00000,876.00000,1408.00000,-27.00000,1381.00000,363.00000,1018.00000,1018.00000,1018.00000,1645.00000,1408.00000,1003.00000,1023.00000,1.00000,0.98000,3.30920,0.22450,0.35110,62.14970,38.31290,38.31290,37.57820,27.70070,0.22660,0.76940,2.53970,35.43670,9.89690,22.22710,6.27780,7.67550,10.27450,1.4269,1.2919
2016-06-30,3273.00000,1266.00000,2007.00000,341.00000,454.00000,876.00000,1131.00000,-29.00000,1102.00000,283.00000,819.00000,819.00000,819.00000,1373.00000,1131.00000,1004.00000,1020.00000,0.81000,0.79000,3.35960,0.23000,0.36260,61.31990,34.55550,34.55550,33.66940,25.02290,0.20860,0.67480,2.42800,37.06690,8.22120,19.61210,5.21890,6.33070,9.92880,1.0886,0.9334
2016-03-31,3008.00000,1179.00000,1829.00000,322.00000,441.00000,845.00000,984.00000,-34.00000,950.00000,239.00000,711.00000,711.00000,711.00000,1233.00000,984.00000,1007.00000,1022.00000,0.70000,0.69000,2.75170,0.22680,0.42100,60.80450,32.71280,32.71280,31.58250,23.63700,0.19180,0.65320,2.37040,37.96880,7.26850,18.15170,4.53270,5.62010,9.71810,0.63890,0.51760
2015-12-31,3189.00000,1308.00000,1881.00000,293.00000,385.00000,691.00000,1190.00000,-51.00000,1139.00000,303.00000,836.00000,836.00000,836.00000,1451.00000,1190.00000,1030.00000,1043.00000,0.81000,0.80000,2.76870,0.23880,0.41420,58.98400,37.31580,37.31580,35.71650,26.21510,0.19650,0.77350,2.73730,32.87870,8.40540,20.89480,5.15100,6.39830,9.83520,1.4737,1.4151
2015-09-30,3429.00000,1432.00000,1997.00000,316.00000,434.00000,833.00000,1164.00000,-16.00000,1148.00000,350.00000,798.00000,798.00000,798.00000,1449.00000,1164.00000,1023.00000,1035.00000,0.77000,0.76000,2.91560,0.23900,0.41440,58.23860,33.94580,33.94580,33.47920,23.27210,0.20730,0.80860,2.31530,38.87140,8.00400,20.22300,4.82470,6.09070,9.77810,1.3823,1.2446
2015-06-30,3232.00000,1351.00000,1881.00000,320.00000,470.00000,871.00000,1010.00000,-21.00000,989.00000,293.00000,696.00000,696.00000,696.00000,1301.00000,1010.00000,1038.00000,1051.00000,0.66000,0.65000,2.52430,0.23500,0.47860,58.19930,31.25000,31.25000,30.60030,21.53470,0.18430,0.71670,2.25380,39.93190,6.82020,16.97150,3.96990,5.21780,9.86850,0.7857,0.6742
2015-03-31,3150.00000,1334.00000,1816.00000,338.00000,439.00000,858.00000,958.00000,-18.00000,940.00000,284.00000,656.00000,656.00000,656.00000,1254.00000,958.00000,1046.00000,1061.00000,0.62000,0.61000,3.36480,0.25970,0.44730,57.65080,30.41270,30.41270,29.84130,20.82540,0.18160,0.72340,2.25970,39.82860,6.32660,15.67500,3.78190,4.68340,9.92810,0.57400,0.45900
2014-12-31,3269.00000,1374.00000,1895.00000,311.00000,429.00000,795.00000,1100.00000,-13.00000,1087.00000,262.00000,825.00000,825.00000,811.00000,1405.00000,1100.00000,1065.00000,1080.00000,0.77000,0.75000,2.79190,0.25890,0.44570,57.96880,33.64940,33.64940,33.25180,24.80880,0.18820,0.77020,2.62360,34.30410,7.94030,19.99520,4.74900,5.88450,9.92710,1.3142,1.2885
2014-09-30,3501.00000,1457.00000,2044.00000,332.00000,463.00000,869.00000,1175.00000,-20.00000,1155.00000,329.00000,826.00000,826.00000,813.00000,1483.00000,1175.00000,1060.00000,1074.00000,0.77000,0.76000,2.93450,0.25810,0.44360,58.38330,33.56180,33.56180,32.99060,23.22190,0.19560,0.83210,2.37030,37.96920,7.88850,20.01450,4.61450,5.85230,9.91290,1.3005,1.2089
2014-06-30,3292.00000,1411.00000,1881.00000,349.00000,472.00000,899.00000,982.00000,-21.00000,961.00000,278.00000,683.00000,683.00000,673.00000,1289.00000,982.00000,1071.00000,1086.00000,0.63000,0.62000,4.13530,0.29570,0.44410,57.13850,29.82990,29.82990,29.19200,20.44350,0.18480,0.80910,2.15590,41.74670,6.52590,16.89760,3.83490,4.59620,9.80370,0.7175,0.6463
2014-03-31,2983.00000,1376.00000,1607.00000,366.00000,479.00000,917.00000,690.00000,-19.00000,671.00000,184.00000,487.00000,487.00000,480.00000,1000.00000,690.00000,1081.00000,1096.00000,0.44000,0.44000,3.38320,0.30460,0.53220,53.87190,23.13110,23.13110,22.49410,16.09120,0.15750,0.80280,2.20150,40.88170,4.58570,11.83190,2.57200,3.18880,9.83920,0.42150,0.38500
2013-12-31,3029.00000,1388.00000,1641.00000,346.00000,463.00000,954.00000,687.00000,-5.00000,682.00000,171.00000,511.00000,511.00000,503.00000,1000.00000,687.00000,1098.00000,1113.00000,0.47000,0.45000,2.91920,0.27780,0.47730,54.17630,22.68080,22.68080,22.51570,16.60610,0.15990,0.80180,2.51790,35.74450,4.72840,12.10330,2.69830,3.41460,9.98060,1.0737,0.978
2013-09-30,3244.00000,1465.00000,1779.00000,368.00000,465.00000,935.00000,844.00000,-28.00000,816.00000,187.00000,629.00000,629.00000,618.00000,1162.00000,844.00000,1096.00000,1111.00000,0.56000,0.56000,2.97500,0.27350,0.46700,54.83970,26.01730,26.01730,25.15410,19.05060,0.16860,0.84880,2.12860,42.28110,5.69180,14.34760,3.26860,4.13490,10.09630,1.0401,0.9313
2013-06-30,3047.00000,1477.00000,1570.00000,389.00000,471.00000,664.00000,906.00000,-24.00000,882.00000,222.00000,660.00000,660.00000,649.00000,1227.00000,906.00000,1103.00000,1117.00000,0.59000,0.58000,2.86870,0.27340,0.46670,51.52610,29.73420,29.73420,28.94650,21.29960,0.15710,0.85870,2.04360,44.04000,5.96310,15.28490,3.40240,4.33270,10.05110,0.606,0.518
2013-03-31,2885.00000,1511.00000,1374.00000,419.00000,459.00000,979.00000,395.00000,-21.00000,374.00000,12.00000,362.00000,362.00000,355.00000,740.00000,395.00000,1107.00000,1123.00000,0.32000,0.32000,2.63830,0.27640,0.51890,47.62570,13.69150,13.69150,12.96360,12.30500,0.14640,0.88880,2.16430,41.58410,3.30530,8.79280,1.83750,2.39180,9.87420,0.32060,0.26180
2012-12-31,2979.00000,1533.00000,1446.00000,425.00000,433.00000,1308.00000,138.00000,16.00000,154.00000,-110.00000,264.00000,264.00000,260.00000,557.00000,138.00000,1132.00000,1146.00000,0.24000,0.24000,2.39940,0.27640,0.51870,48.53980,4.63240,4.63240,5.16950,8.72780,0.14880,0.87250,2.42200,37.16010,2.40850,6.53300,1.31860,1.74290,9.89100,0.9379,0.8556
2012-09-30,3390.00000,1650.00000,1740.00000,463.00000,453.00000,900.00000,840.00000,3.00000,843.00000,59.00000,784.00000,784.00000,769.00000,1167.00000,840.00000,1130.00000,1141.00000,0.68000,0.67000,2.50630,0.26870,0.49900,51.32740,24.77880,24.77880,24.86730,22.68440,0.16530,0.89290,2.08870,43.08850,6.87540,18.19870,3.82180,5.02790,10.17400,1.0672,0.9333
2012-06-30,3335.00000,1684.00000,1651.00000,480.00000,456.00000,1053.00000,598.00000,-22.00000,576.00000,130.00000,446.00000,446.00000,438.00000,924.00000,598.00000,1140.00000,1154.00000,0.38000,0.38000,1.92440,0.19500,0.42150,49.50530,17.93100,17.93100,17.27140,13.13340,0.17080,0.89340,2.04730,43.96100,3.99710,11.21450,2.28470,3.21770,9.80700,0.5886,0.4612
2012-03-31,3121.00000,1590.00000,1531.00000,509.00000,462.00000,1134.00000,397.00000,-35.00000,362.00000,97.00000,265.00000,265.00000,261.00000,726.00000,397.00000,1143.00000,1165.00000,0.23000,0.22000,2.60950,0.27540,0.47740,49.05480,12.72030,12.72030,11.59890,8.36270,0.15600,0.85810,2.11160,42.62100,2.39360,6.96640,1.32440,1.73450,9.67450,0.38540,0.29700
2011-12-31,3419.00000,1872.00000,1547.00000,474.00000,443.00000,1182.00000,365.00000,-17.00000,348.00000,51.00000,297.00000,297.00000,293.00000,790.00000,365.00000,1151.00000,1171.00000,0.26000,0.26000,2.23720,0.27770,0.51060,45.24720,10.67560,10.67560,10.17840,8.56980,0.16680,1.04700,2.21290,40.66980,2.71180,8.25000,1.44900,1.95870,9.61120,0.8056,0.6817
2011-09-30,3466.00000,1722.00000,1744.00000,395.00000,388.00000,930.00000,814.00000,-34.00000,780.00000,179.00000,601.00000,601.00000,591.00000,1040.00000,814.00000,1144.00000,1157.00000,0.52000,0.51000,2.10360,0.27660,0.52610,50.31740,23.48530,23.48530,22.50430,17.05140,0.16580,0.87630,1.94280,46.32430,5.45080,16.92480,2.87460,3.94330,9.64950,1.0046,0.842
2011-06-30,3458.00000,1705.00000,1753.00000,424.00000,411.00000,848.00000,905.00000,4.00000,909.00000,237.00000,672.00000,672.00000,661.00000,1131.00000,905.00000,1156.00000,1180.00000,0.57000,0.56000,6.19510,0.24290,0.32080,50.69400,26.17120,26.17120,26.28690,19.11510,0.20220,0.96770,2.06820,43.51650,6.16340,6.77690,3.93030,4.66630,9.43720,0.5381,0.304
2011-03-31,3392.00000,1664.00000,1728.00000,422.00000,396.00000,820.00000,908.00000,10.00000,918.00000,252.00000,666.00000,666.00000,656.00000,1139.00000,908.00000,1167.00000,1194.00000,0.56000,0.55000,3.92860,,,50.94340,26.76890,26.76890,27.06370,19.33960,0.25480,0.99170,2.16330,41.60380,6.29850,6.95130,5.00380,6.29850,9.10630,0.43220,0.26970
2010-12-31,3525.00000,1655.00000,1870.00000,391.00000,391.00000,640.00000,1230.00000,18.00000,1248.00000,306.00000,942.00000,942.00000,922.00000,1468.00000,1230.00000,1199.00000,1213.00000,0.79000,0.77000,3.56390,,,53.04970,34.89360,34.89360,35.40430,26.15600,0.26300,1.08880,2.32210,38.75750,9.02560,9.98200,7.02930,9.02560,8.94000,0.9836,0.8681
2010-09-30,3740.00000,1701.00000,2039.00000,417.00000,391.00000,812.00000,1227.00000,8.00000,1235.00000,376.00000,859.00000,859.00000,846.00000,1451.00000,1227.00000,1184.00000,1196.00000,0.71000,0.71000,3.51900,,,54.51870,32.80750,32.80750,33.02140,22.62030,0.29570,1.19450,2.13230,42.20860,8.62280,9.59780,6.79110,8.62280,8.48440,1.1238,0.7841
2010-06-30,3496.00000,1602.00000,1894.00000,392.00000,378.00000,787.00000,1107.00000,4.00000,1111.00000,342.00000,769.00000,769.00000,758.00000,1334.00000,1107.00000,1208.00000,1221.00000,0.63000,0.62000,3.98570,,,54.17620,31.66480,31.66480,31.77920,21.68190,0.28740,1.18750,2.03850,44.15050,7.88310,8.80670,6.32190,7.88310,8.16180,0.472,0.2365
2010-03-31,3205.00000,1516.00000,1689.00000,370.00000,359.00000,739.00000,950.00000,7.00000,957.00000,299.00000,658.00000,658.00000,658.00000,1174.00000,950.00000,1233.00000,1246.00000,0.53000,0.52000,3.67830,,,52.69890,29.64120,29.64120,29.85960,20.53040,0.25910,1.18810,2.10030,42.85180,6.71090,7.50460,5.31930,6.71090,8.02220,0.56980,0.39410
2009-12-31,3004.00000,1416.00000,1588.00000,353.00000,348.00000,713.00000,875.00000,6.00000,881.00000,226.00000,655.00000,655.00000,641.00000,1098.00000,875.00000,1260.00000,1269.00000,0.53000,0.52000,3.85260,,,52.86290,29.12780,29.12780,29.32760,21.33820,0.24790,1.17800,2.35240,38.25900,6.73730,7.55300,5.40470,6.73730,7.83960,0.7877,0.4444
2009-09-30,2880.00000,1399.00000,1481.00000,368.00000,340.00000,718.00000,763.00000,2.00000,765.00000,227.00000,538.00000,538.00000,538.00000,992.00000,763.00000,1255.00000,1268.00000,0.42000,0.42000,3.69310,,,51.42360,26.49310,26.49310,26.56250,18.68060,0.24200,1.25360,2.00700,44.84380,5.70040,6.42460,4.51990,5.70040,7.53310,0.6598,0.4813
2009-06-30,2457.00000,1333.00000,1124.00000,369.00000,327.00000,781.00000,343.00000,13.00000,356.00000,96.00000,260.00000,260.00000,260.00000,576.00000,343.00000,1267.00000,1272.00000,0.20000,0.20000,3.91010,,,45.74690,13.96010,13.96010,14.48920,10.58200,0.21350,1.25400,1.97510,45.56780,2.82210,3.19530,2.25890,2.82210,7.30370,0.4386,0.4008
2009-03-31,2086.00000,1280.00000,806.00000,386.00000,305.00000,796.00000,10.00000,5.00000,15.00000,-2.00000,17.00000,17.00000,17.00000,250.00000,10.00000,1275.00000,1277.00000,0.01000,0.01000,4.29840,,,38.63850,0.47940,0.47940,0.71910,0.81500,0.18110,1.16580,1.85420,48.53790,0.18460,0.20790,0.14760,0.18460,7.23230,0.19660,0.16290
