Date,revenue,cost-goods-sold,gross-profit,research-development-expenses,selling-general-administrative-expenses,other-operating-income-expenses,operating-expenses,operating-income,total-non-operating-income-expense,pre-tax-income,income-after-taxes,income-from-continuous-operations,net-income,ebitda,ebit,basic-shares-outstanding,shares-outstanding,eps-basic-net-earnings-per-share,eps-earnings-per-share-diluted,current-ratio,long-term-debt-capital,debt-equity-ratio,gross-margin,operating-margin,ebit-margin,pre-tax-profit-margin,net-profit-margin,asset-turnover,inventory-turnover,receiveable-turnover,days-sales-in-receivables,roe,return-on-tangible-equity,roa,roi,book-value-per-share,operating-cash-flow-per-share,free-cash-flow-per-share
2023-09-30,3.48390,2.26990,1.21410,1.36840,4.33580,,7.20410,-5.99010,-2.03000,-8.02010,-8.02010,-8.02010,-8.02010,-3.20180,-5.99010,5.55420,5.55420,-1.40000,-1.40000,1.35770,0.05590,0.14690,34.84780,-171.93540,-171.93540,-230.20330,-230.20330,0.07570,0.37430,1.72900,52.05440,-23.98570,-318.88070,-17.41600,-22.64530,5.67310,-0.1797,-0.1931
2023-06-30,3.27820,2.24670,1.03150,1.36950,4.45460,-0.07930,5.90340,-4.87180,-0.41870,-5.29060,-5.29060,-5.29060,-5.29060,-3.69000,-4.87180,4.81090,4.81090,-1.00000,-1.00000,2.18240,0.03090,0.08160,31.46640,-148.61270,-148.61270,-161.38620,-161.38620,0.06340,0.34460,1.55870,57.73900,-12.84720,-66.70040,-10.23070,-12.44990,7.52220,-0.4653,-0.4968
2023-03-31,4.05710,2.07840,1.97860,1.58230,4.55740,,6.13980,-4.16110,-0.43840,-4.59950,-4.59950,-4.59950,-4.59950,-2.99090,-4.16110,4.48250,4.48250,-1.00000,-1.00000,2.55390,0.04070,0.07530,48.77000,-102.56440,-102.56440,-113.37000,-113.37000,0.07770,0.31570,1.39390,64.56510,-10.90830,-56.57500,-8.81340,-10.46400,9.29050,-0.94470,-1.00140
2022-12-31,4.47390,2.25390,2.22000,1.92800,4.86310,,48.47900,-46.25900,-0.46140,-46.72040,-46.72040,-46.72040,-46.72040,-3.47320,-46.25900,4.16850,4.16850,-11.00000,-10.80000,2.68630,0.05070,0.07040,49.62130,-1033.98400,-1033.98400,-1044.29700,-1044.29700,0.08260,0.33710,2.02160,44.51940,-108.08780,-547.24290,-86.22400,-102.60810,9.77190,-2.1537,-2.3177
2022-09-30,5.49070,3.40760,2.08310,1.81850,5.41190,,7.23040,-5.14730,6.81230,1.66500,1.66500,1.66500,1.66500,-4.10430,-5.14730,4.29830,5.68120,0.40000,0.20000,2.77090,0.00710,0.01150,37.93940,-93.74610,-93.74610,30.32310,30.32310,0.05760,0.55700,1.72770,52.09190,1.88600,14.87440,1.74630,1.87260,20.19060,0.1779,0.1839
2022-06-30,5.28790,2.73780,2.55010,2.18230,5.75640,,7.93870,-5.38860,-0.21320,-5.60170,-5.60170,-5.60170,-5.60170,-4.42040,-5.38860,4.08300,4.08300,-1.40000,-1.40000,1.53340,0.00720,0.01450,48.22540,-101.90450,-101.90450,-105.93550,-105.93550,0.05010,0.48470,1.40510,64.05320,-6.70060,-95.69680,-5.30810,-6.65250,20.28000,-1.1769,-1.293
2022-03-31,3.84200,2.47710,1.36490,2.18490,6.66190,,8.84680,-7.48190,-0.11460,-7.59660,-7.59660,-7.59660,-7.59660,-6.60600,-7.48190,3.89620,3.89620,-2.00000,-2.00000,1.19240,0.01010,0.01590,35.52580,-194.74190,-194.74190,-197.72550,-197.72550,0.03830,0.46660,1.23740,72.73340,-9.69340,-3630.22400,-7.57370,-9.59510,19.21530,-1.67100,-1.81640
2021-12-31,4.10030,2.69670,1.40360,2.16600,5.59170,,20.11550,-18.71200,-0.01710,-18.72910,-18.72910,-18.72910,-18.72910,-5.63690,-18.71200,3.50280,3.50280,-5.20000,-5.20000,1.34090,0.01040,0.01650,34.23240,-456.35700,-456.35690,-456.77460,-456.77460,0.03920,0.66770,1.41930,63.41000,-24.45790,1009.19100,-17.89120,-24.20250,20.33510,-1.7808,-2.0605
2021-09-30,2.02170,1.22690,0.79480,0.77700,3.81730,,4.59430,-3.79950,0.02860,-3.77090,-3.77090,-3.77090,-3.77090,-3.46970,-3.79950,3.75720,3.75720,-1.00000,-1.00000,5.14360,,,39.31310,-187.93690,-187.93690,-186.52070,-186.52070,0.01860,0.70610,3.00730,29.92700,-4.00400,-16.18770,-3.47120,-4.00400,25.01800,-0.7512,-0.8446
2021-06-30,1.93740,0.95920,0.97810,0.90700,4.89160,,5.79860,-4.82050,0.14230,-4.67820,-4.67820,-4.67820,-4.67820,-4.50070,-4.82050,3.41690,3.41690,-1.40000,-1.40000,5.16020,,,50.48790,-248.81670,-248.81670,-241.47100,-241.47100,0.01690,0.93040,2.37800,37.84730,-4.92970,-19.40020,-4.08420,-4.92970,25.41830,-0.6578,-0.7333
2021-03-31,1.70160,0.62190,1.07970,0.23280,3.80770,,4.04050,-2.96080,0.03030,-2.93050,-2.93050,-2.93050,-2.93050,-2.82570,-2.96080,3.06470,3.06470,-1.00000,-1.00000,2.89520,0.00010,0.00280,63.45160,-174.00170,-174.00170,-172.22280,-172.22280,0.03180,0.69500,4.47290,20.12100,-7.60570,-22.99050,-5.47800,-7.60480,12.32970,-0.36830,-0.46250
2020-12-31,0.12750,0.09150,0.03600,,2.70150,,2.73090,-2.69490,-0.00030,-2.69520,-2.69520,-2.69520,-2.69520,-2.64960,-2.69490,2.03440,2.03440,0.00000,0.00000,11.36290,0.00070,0.00410,28.24490,-2114.44900,-2114.45000,-2114.66500,-2114.66600,0.00440,0.67420,,,-10.22660,-11.81790,-9.38230,-10.21970,8.98930,-0.5881,-0.6508
2020-09-30,0.75030,0.43070,0.31960,0.00000,0.89740,,0.89740,-0.57770,-0.00090,-0.57860,-0.57860,-0.57860,-0.57860,-0.53380,-0.57770,2.76900,2.76900,-0.20000,-0.20000,57.13830,,0.00380,42.60050,-76.99820,-76.99820,-77.11410,-77.11410,0.02630,2.71910,,,-2.05600,-2.34930,-2.02450,-2.05600,9.72440,-0.0929,-0.1145
2020-06-30,0.01630,0.01500,0.00130,0.00000,1.25670,,1.25670,-1.25540,,-1.25540,-1.25540,-1.25540,-10.32630,-1.21320,-1.25540,1.65960,1.65960,-6.20000,-6.20000,12.14080,,0.00670,7.93260,-7689.85000,-7689.85000,-7689.85000,-63254.21000,0.00100,0.03250,,,-7.83880,-10.07310,-7.32840,-7.83880,6.53940,0.0329,0.0321
2020-03-31,0.39130,0.17450,0.21680,0.00000,0.62010,,0.62010,-0.40330,,-0.40330,-0.40330,-0.40330,-0.44370,-0.36110,-0.40330,0.78000,0.78000,-0.60000,-0.60000,1.69550,,,55.40710,-103.06510,-103.06510,-103.06510,-113.40160,0.09190,1.50350,7.81970,11.50950,-10.38150,-137.06780,-9.47620,-10.38150,4.97700,-0.46110,-0.46400
2019-12-31,0.18890,0.11620,0.07270,,0.68870,,0.72760,-0.65490,0.00000,-0.65490,-0.65490,-0.65490,-0.73580,-0.61200,-0.65490,0.73570,0.73570,-1.00000,-1.00000,2.16370,,,38.49770,-346.70020,-346.70010,-346.70030,-389.52300,0.03940,0.52530,2.86930,31.36700,-15.32400,-101.52360,-13.65630,-15.32390,5.54150,-0.9936,-0.9507
2019-09-30,0.04160,0.03270,0.00890,,0.57190,,0.57200,-0.56300,,-0.56300,-0.56300,-0.56300,-0.60390,-0.52060,-0.56300,0.75870,0.75870,-0.80000,-0.80000,2.62220,,,21.35720,-1352.93600,-1352.93600,-1352.93600,-1451.19000,0.00750,0.22090,4.60150,19.55880,-11.42880,-51.34010,-10.13420,-11.42880,6.49330,-0.1979,-0.2279
2019-06-30,0.02020,0.01920,0.00100,,0.74020,,0.74020,-0.73930,0.00000,-0.73930,-0.73930,-0.73930,-0.77970,-0.69810,-0.73930,0.74920,0.74920,-1.00000,-1.00000,6.56990,,,4.83740,-3664.07100,-3664.07100,-3664.26400,-3864.72000,0.00350,0.15300,,,-13.54430,-46.48570,-12.89390,-13.54430,7.19440,-0.6482,-0.6943
2019-03-31,0.04600,0.03390,0.01200,,0.57700,,0.57710,-0.56500,-0.00050,-0.56550,-0.56550,-0.56550,-0.56550,-0.51990,-0.56500,0.66270,0.66270,-0.80000,-0.80000,7.12280,,0.00150,26.18880,-1228.45400,-1228.45400,-1229.45900,-1229.45900,0.00730,0.25310,4.00180,22.48970,-9.48260,-27.49080,-8.98270,-9.48260,8.25410,-0.63170,-0.63170
2018-12-31,0.03700,0.01630,0.02070,,0.49500,,0.49500,-0.47430,-0.00010,-0.47440,-0.47440,-0.47440,-0.47440,-0.43320,-0.47430,0.40880,0.40880,-1.40000,-1.40000,9.42600,,0.00630,55.97300,-1282.77800,-1282.77900,-1282.98300,-1282.98300,0.00540,0.10890,,,-7.28950,-18.53320,-6.96790,-7.28950,10.37170,-0.4347,-0.4347
2018-09-30,0.01710,0.00340,0.01370,0.00000,0.72720,,0.72720,-0.71350,0.02390,-0.68960,-0.68960,-0.68960,-0.68960,-0.69750,-0.71350,0.52230,0.52230,-1.40000,-1.40000,2.01160,,0.01240,79.98250,-4165.06100,-4165.06100,-4025.64500,-4025.64500,0.00290,0.02500,1.18460,75.97200,-13.81110,-68.31710,-11.57540,-13.81110,9.07660,-0.563,-0.563
2018-06-30,0.02450,0.01820,0.00630,,0.68800,,0.68800,-0.68170,-0.03050,-0.71220,-0.71220,-0.71220,-0.71220,-0.67750,-0.68170,0.50220,0.50220,-1.40000,-1.40000,5.53730,,0.02730,25.87190,-2780.39300,-2780.39300,-2904.96400,-2904.96400,0.00620,0.13740,3.85370,23.35440,-20.84070,-20.84060,-18.14110,-20.84060,6.72450,-0.2223,-0.2223
2018-03-31,0.02920,0.02380,0.00540,,0.19650,,0.19650,-0.19110,-0.01230,-0.20350,-0.20350,-0.20350,-0.20350,-0.18700,-0.19110,0.24600,0.24600,-0.80000,-0.80000,4.38410,,0.03120,18.47490,-654.81820,-654.81820,-697.12240,-697.12240,0.00600,0.16600,,,-5.05950,-5.05950,-4.17650,-5.05950,8.18160,-3.12980,-3.12980
2017-12-31,0.01040,0.03780,-0.02740,,0.35160,,0.34050,-0.36780,-0.03200,-0.39990,-0.39990,-0.39990,-0.39990,-0.36330,-0.36780,0.21000,0.21000,-2.00000,-2.00000,0.10040,,-0.77950,-262.99640,-3528.13200,-3528.13300,-3835.22900,-3835.22900,0.03350,0.23860,,,24.14390,24.14390,-128.46400,24.14390,-7.88650,0.0809,0.081
2017-09-30,0.02320,0.00620,0.01700,0.00140,0.08100,,0.08230,-0.06530,-0.02600,-0.09130,-0.09130,-0.09130,-0.09130,-0.06080,-0.06530,0.21000,0.21000,-0.40000,-0.40000,0.08260,,-0.41720,73.39560,-281.38090,-281.38090,-393.22940,-393.22940,0.01130,,0.09030,996.79900,0.81590,0.82710,-4.42570,0.82710,-534.76230,-0.4757,-0.4757
2017-06-30,0.04720,0.03690,0.01030,0.00160,0.10000,-0.00640,0.10790,-0.09760,-0.03580,-0.13350,-0.13350,-0.13350,-0.13350,-0.08600,-0.09760,0.21000,0.21000,-0.60000,-0.60000,0.12750,,-0.46970,21.79820,-206.86980,-206.86980,-282.83180,-282.83180,0.01990,0.51270,0.17980,500.60690,1.34050,1.36110,-5.63950,1.36110,-475.05390,-0.3683,-0.3683
2017-03-31,0.03520,0.01240,0.02280,0.00030,0.15690,-0.00160,0.15890,-0.13610,-0.03650,-0.17260,-0.17260,-0.17260,-0.17260,-0.11330,-0.13610,0.21000,0.21000,-0.80000,-0.80000,0.07840,,-0.87140,64.68370,-386.55360,-386.55360,-490.29800,-490.29800,0.00460,0.06160,0.05610,1603.62000,0.83890,0.83900,-2.27790,0.83900,-1220.93000,-0.80300,-0.86390
2016-12-31,0.83630,,0.83630,,1.57580,-0.58810,,-1.42920,-0.89740,-2.32660,-2.32660,-2.32660,-3.20620,-1.36150,-1.42920,0.01680,0.01680,-190.00000,-190.00000,0.08500,,-0.97010,100.00000,-170.89730,-170.89720,-278.20820,-383.38750,0.10460,,1.36910,65.73560,12.59080,12.59150,-29.11260,12.59150,-1096.74000,-47.879,-47.802
2016-09-30,0.47380,,0.47380,,1.03440,-0.80000,,-1.42430,-0.27010,-1.69440,-1.69440,-1.69440,-2.55450,-1.21400,-1.42430,0.01680,0.01680,-150.00000,-150.00000,0.13240,,-1.17190,100.00000,-300.64150,-300.64150,-357.65480,-539.19650,0.04960,,0.52510,171.39260,11.07670,11.07740,-17.72410,11.07740,-907.88370,-8.8263,-18.721
2016-06-30,0.59570,,0.59570,,1.13120,-2.13770,,-2.75760,-0.70530,-3.46290,-3.46290,-3.46290,-4.14710,-2.61680,-2.75760,0.01680,0.01680,-245.00000,-245.00000,0.17060,,-1.40540,100.00000,-462.93850,-462.93850,-581.34200,-696.19210,0.05420,,0.51530,174.63960,27.03610,27.03810,-31.50710,27.03810,-760.18570,-27.0258,-32.1164
2016-03-31,0.55600,,0.55600,,1.41250,-4.50690,,-5.52770,-0.16410,-5.69180,-5.69180,-5.69180,-6.27820,-5.30710,-5.52770,0.01680,0.01680,-375.00000,-375.00000,0.26570,,-2.08390,100.00000,-994.18640,-994.18640,-1023.70500,-1129.17300,0.03660,,0.23810,377.92230,65.14530,65.15230,-37.47560,65.15230,-518.52600,-40.83330,-41.28430
2015-12-31,0.76600,,0.76600,,1.94020,-11.38610,,-12.67120,0.36110,-12.31010,-12.31010,-12.31010,-12.56860,-12.50900,-12.67120,0.01650,0.01650,-719.99990,-719.99990,1.69300,1.17980,-7.34600,100.00000,-1654.18800,-1654.18800,-1607.04600,-1640.78900,0.03510,,0.21830,412.26660,485.69930,485.87990,-56.37950,-87.35900,-150.37830,31.4705,32.6584
2015-09-30,1.02940,,1.02940,,1.56360,-9.72100,,-10.36750,1.42170,-8.94580,-8.94580,-8.94580,-9.53220,-10.19080,-10.36750,0.01680,0.01680,-565.00000,-565.00000,3.22870,0.64120,1.84540,100.00000,-1007.14900,-1007.14900,-869.04090,-926.00710,0.02990,,0.25610,351.36030,-86.66850,-86.66060,-26.00330,-31.09120,612.70310,19.5038,184.5509
2015-06-30,1.58550,,1.58550,,1.96990,-11.42160,,-12.14870,-1.16260,-13.31140,-13.31140,-13.31140,-13.85770,-11.73510,-12.14870,0.01680,0.01680,-824.99990,-824.99990,2.07990,0.50400,1.08560,100.00000,-766.24640,-766.24640,-839.57730,-874.03460,0.03390,,0.31380,286.84050,-67.28360,-67.28040,-28.47470,-33.37440,1174.31600,-24.9884,-24.0726
2015-03-31,1.49780,,1.49780,,2.27310,-16.40140,,-17.92220,0.56760,-17.35460,-17.35460,-17.35460,-17.76170,-17.10560,-17.92220,0.01560,0.01560,-1140.00000,-1140.00000,2.78470,0.43120,0.75820,100.00000,-1196.53600,-1196.53600,-1158.63800,-1185.81700,0.02460,,0.30500,295.12950,-55.98370,-55.98230,-28.44900,-31.84030,1843.70600,-34.97940,-42.38900
2014-12-31,2.67830,,2.67830,,2.76530,,,-1.14100,4.83010,3.68910,3.68910,3.68910,3.21890,-0.02250,-1.14100,0.01500,0.01500,215.00000,215.00000,1.79040,0.33340,0.50100,100.00000,-42.59990,-42.59990,137.74110,120.18560,0.03520,,0.53410,168.50430,8.01980,8.01970,4.85040,5.34560,3009.35400,18.1972,-120.6008
2014-09-30,3.81070,,3.81070,,2.68760,0.00000,,0.22390,1.56370,1.78770,1.78770,1.78770,1.26530,1.18710,0.22390,0.01530,0.01530,85.00000,85.00000,0.94010,0.33030,0.49310,100.00000,5.87630,5.87630,46.91190,33.20320,0.05370,,2.05070,43.88780,4.19390,4.19380,2.51860,2.80870,2788.60500,90.5918,-81.7486
2014-06-30,3.94940,,3.94940,,2.35860,0.00000,,0.75840,-1.76520,-1.00680,-1.00680,-1.00680,-1.00680,1.65450,0.75840,0.01470,0.01470,-70.00000,-70.00000,0.83700,0.31530,0.46040,100.00000,19.20250,19.20250,-25.49260,-25.49260,0.05700,,1.91030,47.11290,-2.43610,-2.43600,-1.45240,-1.66800,2703.77600,72.0461,-21.8585
2014-03-31,3.85500,,3.85500,,2.20820,0.00000,,0.88300,-0.77940,0.10360,0.10360,0.10360,-0.29580,1.71050,0.88300,0.01460,0.01460,-20.00000,-20.00000,0.97070,0.52610,1.11040,100.00000,22.90630,22.90630,2.68830,-7.67350,0.05500,,1.50520,59.79130,0.35920,0.35920,0.14790,0.17020,1975.17300,-4.51390,-26.96510
2013-12-31,3.71370,,3.71370,,2.95280,,,0.25180,0.92190,1.17370,1.17370,1.17370,0.72610,0.81610,0.25180,0.01120,0.01120,55.00000,55.00000,0.83020,0.52180,1.09120,100.00000,6.78150,6.78150,31.60530,19.55050,0.05310,,1.50860,59.65900,4.06050,4.05990,1.67700,1.94140,1978.28100,79.2755,-72.6385
2013-09-30,2.69450,,2.69450,,1.54020,,,0.66980,-1.28970,-0.61990,-0.61990,-0.61990,-0.81940,1.18250,0.66980,0.00910,0.00910,-90.00000,-90.00000,0.79730,0.51040,1.05040,100.00000,24.85960,24.85960,-23.00620,-30.40980,0.03950,,1.20410,74.74610,-2.18690,-2.18650,-0.90810,-1.07050,1945.24600,159.4336,-58.6783
2013-06-30,2.19670,,2.19670,,1.38140,,,0.39670,0.31980,0.71660,0.71660,0.71660,0.51710,0.84350,0.39670,0.00900,0.00900,55.00000,55.00000,0.86450,0.33290,0.51830,100.00000,18.06040,18.06040,32.62040,23.54080,0.05770,,2.22280,40.48910,3.25150,3.25080,1.88090,2.16860,2432.67600,50.5924,-73.6543
2013-03-31,2.33730,,2.33730,,1.52370,,,0.36910,-0.34900,0.02000,0.02000,0.02000,-0.17290,0.84180,0.36910,0.00900,0.00900,0.00000,0.00000,0.75640,0.31930,0.49830,100.00000,15.78980,15.78980,0.85720,-7.39530,0.06210,,1.93630,46.48000,0.09400,0.09400,0.05330,0.06400,2356.18800,-11.17550,-177.14890
2012-12-31,2.29180,,2.29180,,1.84290,,,0.10570,-0.04860,0.05710,0.05710,0.05710,-0.94650,0.46730,0.10570,0.00930,0.00930,,0.00000,0.77610,0.28230,0.43140,100.00000,4.61430,4.61430,2.49260,-41.29810,0.06190,,1.87550,47.98740,0.26440,0.26430,0.15420,0.18970,2382.05900,155.6782,-263.4647
2012-09-30,2.25270,,2.25270,,1.43690,,,0.35600,-1.65200,-1.29600,-1.29600,-1.29600,-1.29600,0.84380,0.35600,0.00930,0.00930,-149.92500,-149.92500,1.10460,0.19230,0.23800,100.00000,15.80220,15.80220,-57.53360,-57.53360,0.06520,,1.74590,51.54800,-5.44610,-5.44500,-3.75030,-4.39810,2561.97700,28.9485,-176.3614
2012-06-30,2.04920,,2.04920,,1.39680,,,0.24450,2.81730,3.06170,3.06170,3.06170,3.06170,0.67750,0.24450,0.00930,0.00930,299.85010,299.85010,1.74840,0.16260,0.19420,100.00000,11.92980,11.92980,149.41330,149.41330,0.06020,,1.64440,54.73170,12.09920,12.09690,8.98900,10.12950,2724.36200,205.9916,-92.7008
2012-03-31,1.90290,,1.90290,,1.31980,,,0.16050,-1.24210,-1.08170,-1.08170,-1.08170,-1.08170,0.60550,0.16050,0.00930,0.00930,-149.92500,-149.92500,1.37270,0.19470,0.24210,100.00000,8.43240,8.43240,-56.84410,-56.84410,0.06110,,1.10090,81.75220,-5.31380,-5.31250,-3.47460,-4.27810,2191.56400,-144.94560,-336.08750
2011-12-31,1.78820,,1.78820,,2.40960,,,-0.77420,-2.43720,-3.21140,-3.21140,-3.21140,-3.28910,-0.60270,-0.77420,0.00920,0.00920,-299.85010,-299.85010,1.55500,0.15130,0.17860,100.00000,-43.29540,-43.29540,-179.58920,-183.93000,0.05690,,1.22950,73.19960,-14.96380,-14.96050,-10.22260,-12.69710,2309.98000,12.727,166.246
2011-09-30,1.67390,,1.67390,,1.27000,,,0.02870,3.09070,3.11940,3.11940,3.11940,3.11940,0.41950,0.02870,0.00930,0.00930,299.85010,299.85010,2.96210,0.21390,0.27240,100.00000,1.71510,1.71510,186.35830,186.35830,0.05270,,1.54290,58.33000,13.84350,13.84050,9.82330,10.88030,2433.14600,-97.6865,-246.0635
2011-06-30,1.68520,,1.68520,,1.53500,,,-0.17860,1.10020,0.92160,0.92160,0.92160,0.92160,0.17450,-0.17860,0.00930,0.00930,74.96250,74.96250,0.64240,0.00070,0.31670,100.00000,-10.60040,-10.60040,54.68870,54.68870,0.05140,,2.10170,42.82330,4.75180,4.75070,2.81260,4.74740,2094.30900,-18.1914,-185.9989
2011-03-31,1.36920,,1.36920,,1.37360,,,-0.27640,-2.57040,-2.84680,-2.84680,-2.84680,-2.84680,0.02430,-0.27640,0.00900,0.00900,-299.85010,-299.85010,0.63970,0.00110,0.35810,100.00000,-20.19060,-20.19060,-207.92170,-207.92170,0.04300,,2.08810,43.10070,-16.58020,-16.57560,-8.95080,-16.55770,1855.46800,20.45680,-114.42610
2010-12-31,-0.15090,,-0.15090,,0.46160,,,-0.55590,1.19150,0.63560,0.63560,0.63560,0.63560,-0.76170,-0.55590,0.00070,0.00070,1199.40100,1199.40100,0.77230,0.00110,0.31750,100.00000,368.40560,368.40570,-421.21240,-421.21240,-0.00490,,-0.42220,-213.15610,3.28080,3.28000,2.05810,3.27630,9.41620,0.0037,-0.2669
2010-09-30,0.89720,,0.89720,,0.79170,,,-0.06780,-0.88630,-0.95410,-0.95410,-0.95410,-0.95410,0.09340,-0.06780,0.00070,0.00070,-1424.28800,-1424.28800,0.05540,-0.00300,-1.23470,100.00000,-7.55460,-7.55460,-106.34030,-106.34030,0.14000,,2.70130,33.31730,12.48860,12.48850,-14.88600,12.52580,-1.48930,0.0076,0.0075
2010-06-30,1.03050,,1.03050,,0.66950,,,0.15420,0.89430,1.04850,1.04850,1.04850,1.04850,0.34240,0.15420,0.00070,0.00070,1574.21300,1574.21300,0.04610,-0.00270,-1.32520,100.00000,14.96110,14.96110,101.74800,101.74800,0.16460,,3.88490,23.16690,-14.89210,-14.89210,16.74380,-14.93240,-1.37270,-0.0275,-0.0089
2010-03-31,1.15230,,1.15230,,0.95770,,,0.13640,-1.74430,-1.60800,-1.60800,-1.60800,-1.60800,0.43280,0.13640,0.00060,0.00060,-2548.72600,-2548.72600,0.05700,-0.00550,-1.16110,100.00000,11.83430,11.83430,-139.54250,-139.54250,0.16440,,3.49070,25.78240,19.51980,20.18130,-22.93780,20.29190,-1.57840,-0.01980,-0.03660
2009-12-31,0.91450,,0.91450,,0.44870,0.00000,,0.91450,,-3.03880,,,-3.03880,1.22620,,0.00060,0.00060,-4722.63900,-4722.63900,0.43290,3.66090,-1.43570,,100.00000,,-332.27920,-332.27920,0.12460,,2.51770,35.74700,,,,,-1.28850,0.1011,0.1039
2009-09-30,1.39410,,1.39410,,1.40470,,,-0.30020,-0.24350,-0.54380,-0.54380,-0.54380,-0.54380,0.15970,-0.30020,0.00060,0.00060,-899.55020,-899.55020,0.71290,1.63640,-2.66930,100.00000,-21.53520,-21.53520,-39.00410,-39.00410,0.19010,,2.84170,31.67160,16.03190,16.03190,-7.41510,-10.20330,-0.70750,0.0685,0.0584
2009-06-30,1.39510,,1.39510,,0.89490,,,0.34390,0.09230,0.43620,0.43620,0.43620,0.43620,0.34390,0.34390,0.00060,0.00060,749.62520,749.62520,0.54020,1.64290,-2.71420,100.00000,24.65270,24.65270,31.26700,31.26700,0.18410,,2.86390,31.42600,-13.00560,-13.00560,5.75600,8.36080,-0.75550,0.1779,0.1492
2009-03-31,,,,,,,,,,,,,,,,,,,0.00000,,,,,,,,,,,,,,,,,,0.00000,
