Date,revenue,cost-goods-sold,gross-profit,selling-general-administrative-expenses,other-operating-income-expenses,operating-expenses,operating-income,total-non-operating-income-expense,pre-tax-income,total-provision-income-taxes,income-after-taxes,income-from-continuous-operations,net-income,ebitda,ebit,basic-shares-outstanding,shares-outstanding,eps-basic-net-earnings-per-share,eps-earnings-per-share-diluted,current-ratio,long-term-debt-capital,debt-equity-ratio,gross-margin,operating-margin,ebit-margin,pre-tax-profit-margin,net-profit-margin,asset-turnover,inventory-turnover,receiveable-turnover,days-sales-in-receivables,roe,return-on-tangible-equity,roa,roi,book-value-per-share,operating-cash-flow-per-share,free-cash-flow-per-share
2023-09-30,1827.63700,1463.23700,364.39990,195.64900,-1.41900,197.06800,167.33190,6.17700,173.50900,39.32600,134.18300,134.18300,127.28100,199.93190,167.33190,59.53400,60.62100,2.14000,2.10000,4.16250,0.08480,0.09320,19.93830,9.15560,9.15560,9.49360,6.96420,0.45640,1.96470,2.52420,35.65450,4.55050,5.42700,3.35120,4.16450,47.70490,6.4389,5.7058
2023-06-30,2043.91800,1643.85100,400.06700,204.70300,-1.86700,206.57000,193.49710,4.02500,197.52200,46.73400,150.78800,150.78800,143.17300,225.87110,193.49710,59.62600,60.54400,2.40000,2.36000,4.34360,0.08840,0.09780,19.57350,9.46700,9.46700,9.66390,7.00480,0.53170,2.00180,2.50470,35.93170,5.31880,6.40820,3.92270,4.84880,45.82550,5.9128,5.1446
2023-03-31,1822.47600,1464.14700,358.32900,194.68300,-1.93800,196.62100,161.70800,2.84100,164.54900,38.97100,125.57800,125.57800,120.48800,192.49100,161.70800,59.94800,60.80300,2.01000,1.98000,4.27450,0.09230,0.10280,19.66170,8.87300,8.87300,9.02890,6.61120,0.49300,1.52460,2.25170,39.97040,4.64130,5.66030,3.39690,4.21310,43.57220,-0.60980,-1.23220
2022-12-31,1913.69700,1556.22700,357.47070,183.06400,-5.85700,188.92100,168.54910,4.49000,173.03900,41.16000,131.87900,131.87900,127.03400,199.78210,168.54930,60.18000,60.65300,2.12000,2.08000,3.69730,0.09580,0.10710,18.67960,8.80750,8.80750,9.04210,6.63810,0.52110,1.59900,2.94080,30.60340,5.07850,6.25530,3.59140,4.59190,42.14380,4.8544,3.8975
2022-09-30,2322.85500,1872.67900,450.17600,214.32700,1.19500,213.13200,237.04420,-6.38200,230.66200,58.56100,172.10100,172.10100,160.38400,266.59920,237.04420,59.88500,60.19200,2.68000,2.66000,3.03460,0.10040,0.13010,19.38030,10.20490,10.20490,9.93010,6.90460,0.62130,1.85990,2.56230,35.12460,6.97120,8.48480,4.60340,6.27150,40.05250,7.3596,6.6612
2022-06-30,2900.87400,2397.42200,503.45190,214.53800,-3.34800,217.88600,285.56590,-8.56600,277.00000,69.14700,207.85300,207.85300,194.84800,311.82590,285.56590,60.21100,60.41600,3.24000,3.23000,2.88410,0.10620,0.14140,17.35520,9.84410,9.84410,9.54880,6.71690,0.80340,2.16710,2.73760,32.87500,8.93970,11.06000,5.75640,7.99010,37.73080,5.5149,4.8684
2022-03-31,2489.31300,2010.95000,478.36300,220.15000,0.81200,219.33800,259.02510,-4.91000,254.11500,60.98400,193.13100,193.13100,182.89700,285.53920,259.02510,60.74800,60.97300,3.01000,3.00000,2.73740,0.14590,0.21800,19.21670,10.40550,10.40550,10.20820,7.34730,0.67760,1.63450,2.27260,39.60230,8.70680,10.89330,5.25670,7.43620,35.35830,-4.01870,-4.52490
2021-12-31,2016.80500,1645.24100,371.56360,178.14900,1.59200,176.55700,195.00680,-1.93800,193.06900,46.06300,147.00600,147.00600,133.36100,222.02880,195.00700,60.19500,60.35400,2.21000,2.20000,2.67190,0.12100,0.16730,18.42340,9.66910,9.66910,9.57300,6.61250,0.62150,1.70790,2.71580,33.13910,7.28990,9.27400,4.52990,6.40790,32.57680,3.8263,3.2007
2021-09-30,2093.78400,1766.22900,327.55490,169.46700,10.03700,159.43000,168.12490,-4.75000,163.37500,37.62800,125.74700,125.74700,117.08900,193.69990,168.12490,60.23300,60.40100,1.94000,1.94000,2.88840,0.14180,0.17100,15.64420,8.02970,8.02970,7.80290,5.59220,0.69460,1.96100,2.62350,34.30550,6.69770,8.47470,4.17180,5.74820,30.33660,6.5822,6.3984
2021-06-30,2700.54100,2279.24700,421.29390,184.53900,0.18000,184.35900,236.93480,-3.04500,233.89000,58.53000,175.36000,175.36000,167.71200,259.73880,236.93480,60.20700,60.36300,2.79000,2.78000,2.90230,0.24530,0.34450,15.60040,8.77360,8.77360,8.66090,6.21030,0.83650,2.22040,2.75410,32.67920,9.96610,13.13110,5.43200,7.52160,28.44840,1.3595,0.6541
2021-03-31,1825.00400,1538.45000,286.55410,150.09800,1.03100,149.06700,137.48710,-1.48500,136.00200,31.75100,104.25100,104.25100,100.13600,160.21810,137.48710,59.98700,60.01500,1.67000,1.67000,2.84280,0.21180,0.29850,15.70160,7.53350,7.53350,7.45210,5.48690,0.65500,1.86840,2.25840,39.85170,6.57100,8.90170,3.74180,5.17930,25.65630,-3.27680,-3.77000
2020-12-31,1393.70800,1206.65400,187.05440,86.82700,-11.99400,98.82000,88.23360,-0.17400,88.06000,23.30300,64.75700,64.75700,61.19000,107.82460,88.23360,59.90800,59.92800,1.02000,1.02000,3.31720,0.17360,0.21020,13.42140,6.33090,6.33090,6.31840,4.39040,0.57950,2.12700,2.92590,30.76010,4.36620,5.62470,2.69270,3.60810,24.23220,2.5206,2.1584
2020-09-30,1486.22700,1245.15300,241.07410,134.64900,0.17600,134.47300,106.60110,-0.92100,105.68000,26.81900,78.86100,78.86100,75.00900,125.23110,106.60110,59.79800,59.81800,1.25000,1.25000,3.06340,0.18040,0.22210,16.22050,7.17260,7.17260,7.11060,5.04690,0.63230,2.35500,2.54890,35.30890,5.57790,7.15410,3.35490,4.57150,23.10640,0.631,0.3249
2020-06-30,1242.00100,1037.07000,204.93100,113.78100,1.20900,112.57200,92.35900,0.99200,93.35100,23.65700,69.69400,69.69400,64.57600,109.53000,92.35900,59.74800,59.76600,1.08000,1.08000,2.84140,0.10730,0.12230,16.50010,7.43630,7.43630,7.51620,5.19940,0.60330,2.25730,2.37510,37.89350,5.20370,6.70550,3.38550,4.64510,21.89540,3.2295,2.9047
2020-03-31,1032.06200,864.82600,167.23600,109.33900,0.73500,108.60400,58.63200,-4.74000,53.89200,13.32200,40.57000,40.57000,39.10000,75.92000,58.63200,60.21200,60.23000,0.65000,0.65000,3.22220,0.11210,0.12840,16.20410,5.68110,5.68110,5.22180,3.78850,0.54810,1.69350,2.22690,40.41430,3.18880,4.17260,2.15460,2.83150,20.82210,-0.76640,-1.21270
2019-12-31,998.04090,840.78590,157.25490,104.88100,-0.61800,105.49910,51.75590,-0.15000,51.60600,12.93000,38.67600,38.67600,33.24000,69.23290,51.75570,60.10600,60.13000,0.61000,0.61000,3.08740,0.11340,0.13010,15.75640,5.18580,5.18570,5.17070,3.33050,0.52820,1.72690,2.64520,34.02360,3.07510,3.97680,2.04690,2.72630,20.48130,2.5183,2.2178
2019-09-30,1163.02600,975.75600,187.27000,115.95800,-0.84500,116.80300,70.46700,-1.49000,68.97700,16.39600,52.58100,52.58100,51.85900,87.66300,70.46700,60.17100,60.19500,0.84000,0.84000,2.83330,0.11700,0.13260,16.10200,6.05890,6.05890,5.93080,4.45900,0.61840,2.03560,2.44230,36.85030,4.27800,5.57900,2.79590,3.77750,20.02120,2.111,1.7186
2019-06-30,1239.81700,1053.09100,186.72610,112.89100,0.40200,112.48900,74.23710,-1.72500,72.51200,17.36700,55.14500,55.14500,54.51500,90.05610,74.23710,60.12500,60.14800,0.88000,0.88000,2.89010,0.13680,0.17970,15.06080,5.98770,5.98770,5.84860,4.39700,0.66990,1.99190,2.56550,35.08070,4.66050,6.06370,2.97970,4.02310,19.28130,2.1108,1.6817
2019-03-31,1015.12500,860.85800,154.26700,105.31700,-0.50400,105.82100,48.44600,-0.86700,47.57900,11.57700,36.00200,36.00200,35.54000,64.77300,48.44600,59.87900,59.95400,0.58000,0.58000,3.44220,0.18970,0.25070,15.19690,4.77240,4.77240,4.68700,3.50100,0.55730,1.48380,2.26220,39.78490,3.16260,4.15210,1.97660,2.56280,18.55460,-0.93120,-1.19210
2018-12-31,988.18110,850.53780,137.64320,91.73000,-0.47500,92.20520,45.43810,-4.54800,40.89000,9.25800,31.63200,31.63200,27.10600,62.01610,45.43830,60.35100,60.43300,0.50000,0.50000,3.20880,0.15660,0.21090,13.92890,4.59820,4.59820,4.13790,2.74300,0.59980,1.52910,2.76350,32.56710,2.90550,3.87780,1.91990,2.45050,17.88140,0.9393,0.5972
2018-09-30,1212.70200,1054.02900,158.67300,102.70400,1.02200,101.68200,56.99100,-1.73400,55.25700,13.18900,42.06800,42.06800,41.21900,72.90900,56.99100,60.52400,60.61400,0.67000,0.66000,2.92190,0.14590,0.19950,13.08430,4.69950,4.69950,4.55650,3.39890,0.72310,2.06650,2.61330,34.43990,3.85340,5.06810,2.50830,3.29100,17.70670,1.5872,1.2685
2018-06-30,1294.44000,1128.75100,165.68900,104.59500,-0.47700,105.07200,60.61690,-2.06700,58.55000,13.42000,45.13000,45.13000,44.04400,75.52290,60.61690,60.46400,60.54900,0.71000,0.71000,3.00410,0.20870,0.29630,12.80010,4.68290,4.68290,4.52320,3.40260,0.74540,2.12220,2.63340,34.17590,4.30740,5.75120,2.59870,3.40860,16.99960,0.7987,0.3113
2018-03-31,993.85700,862.96800,130.88900,93.20600,6.53400,86.67200,44.21700,-1.06100,43.15600,9.57400,33.58200,33.58200,32.83300,58.15700,44.21700,60.27800,60.36300,0.53000,0.53000,3.33320,0.20440,0.28690,13.16980,4.44900,4.44900,4.34230,3.30360,0.60920,1.65410,2.30990,38.96190,3.30230,4.40490,2.05840,2.62720,16.52380,-1.39440,-1.19750
2017-12-31,966.09070,836.93200,129.15870,88.24300,0.56200,87.68090,41.47780,-1.19300,40.27500,7.11200,33.16300,33.16300,32.79600,55.31490,41.47790,60.27300,60.36300,0.51000,0.50000,2.84750,0.12930,0.17640,13.36920,4.29340,4.29340,4.16890,3.39470,0.65960,1.81820,2.88400,31.20630,3.40470,4.61200,2.26420,2.96440,15.91750,0.6496,0.4323
2017-09-30,1056.58600,911.89900,144.68710,92.38900,-0.02700,92.41600,52.27110,-1.35200,50.91900,16.25000,34.66900,34.66900,33.03700,66.20510,52.27110,60.22500,60.34800,0.55000,0.55000,2.62160,0.13310,0.18390,13.69380,4.94720,4.94720,4.81920,3.12680,0.71060,2.21070,2.51600,35.77100,3.64910,4.99280,2.33160,3.16330,15.53070,1.3617,1.003
2017-06-30,1072.37500,924.13500,148.24000,94.60500,0.26400,94.34100,53.89900,-1.49000,52.40900,17.83500,34.57400,34.57400,32.97900,67.01300,53.89900,60.41700,60.51000,0.55000,0.55000,2.87180,0.18260,0.25090,13.82350,5.02610,5.02610,4.88720,3.07530,0.72360,2.10780,2.69080,33.44690,3.77300,5.21580,2.33290,3.08390,14.95730,1.4215,1.1353
2017-03-31,846.13000,725.39000,120.74000,86.98300,0.06400,86.91900,33.82100,-1.42700,32.40400,10.77000,21.63400,21.63400,20.70000,46.33200,33.82100,60.35700,60.45600,0.34000,0.34000,3.23680,0.21990,0.30840,14.26970,3.99710,3.99710,3.82970,2.44640,0.57260,1.53680,2.29430,39.22700,2.41090,3.34270,1.46410,1.88080,14.57830,-1.17010,-1.43770
2016-12-31,859.58390,737.27400,122.30980,87.00000,,87.00020,35.30970,-1.16400,34.14600,11.90500,22.24100,22.24100,22.04400,48.04570,35.30980,60.12600,60.22500,0.34330,0.33330,2.78330,0.11250,0.15280,14.22900,4.10780,4.10780,3.97240,2.56450,0.66530,1.85610,2.92660,30.75220,2.58480,3.51440,1.72140,2.29400,14.10000,0.6024,0.3456
2016-09-30,826.66500,708.61100,118.05400,74.50200,,74.50200,43.55190,-0.92700,42.62500,13.86100,28.76400,28.76400,27.35600,53.97090,43.55190,60.18600,60.28500,0.45330,0.45330,2.54960,0.11530,0.14860,14.28080,5.26840,5.26840,5.15630,3.30920,0.63070,1.91550,2.35400,38.23320,3.39560,4.61770,2.19470,3.00420,13.88830,1.5974,1.4112
2016-06-30,872.09300,740.60600,131.48700,77.82200,,77.82200,53.66500,-0.78500,52.88000,18.64300,34.23700,34.23700,32.84100,63.94300,53.66500,60.14100,60.23400,0.54670,0.54670,3.05080,0.09350,0.10450,15.07720,6.15360,6.15360,6.06360,3.76580,0.73010,2.48700,2.73810,32.86970,4.17710,5.50660,2.86620,3.78660,13.45410,1.1636,0.9791
2016-03-31,682.15100,579.41200,102.73900,70.82800,,70.82800,31.91100,-0.89100,31.02000,10.76500,20.25500,20.25500,18.93800,42.09600,31.91100,59.97300,60.06000,0.31670,0.31670,3.16910,0.09610,0.10740,15.06100,4.67800,4.67800,4.54740,2.77620,0.59540,1.77090,2.37370,37.91490,2.54800,3.39510,1.76780,2.30310,13.05240,-0.49880,-0.71210
2015-12-31,653.59990,556.42700,97.17290,66.17800,-0.10400,66.28220,30.89060,-1.34800,29.54300,8.98200,20.56100,20.56100,18.65300,41.38860,30.89070,59.75700,59.86500,0.31000,0.31330,3.17490,0.09960,0.11210,14.86740,4.72620,4.72620,4.52000,2.85390,0.59010,1.82480,2.83250,31.77380,2.68280,3.62170,1.85620,2.41560,12.68410,0.7939,0.684
2015-09-30,762.27500,651.56900,110.70610,67.95100,-0.23000,68.18090,42.52510,-0.92400,41.60100,14.71800,26.88300,26.88300,25.21500,52.97410,42.52510,59.82000,59.93400,0.42000,0.42000,3.02160,0.10080,0.11310,14.52310,5.57870,5.57870,5.45750,3.30790,0.68550,2.26080,2.78270,32.34320,3.55530,4.84200,2.41770,3.19710,12.51910,1.4108,1.2866
2015-06-30,838.17100,725.72800,112.44300,68.43100,0.17600,68.25500,44.18800,-1.23800,42.95000,16.06600,26.88400,26.88400,25.62900,54.50300,44.18800,59.78400,59.88300,0.43000,0.42670,2.90050,0.14300,0.19800,13.41530,5.27200,5.27200,5.12430,3.05770,0.73550,2.19760,2.77050,32.48550,3.66860,4.97570,2.35890,3.14390,12.13290,1.4625,1.2695
2015-03-31,633.02500,553.44300,79.58200,61.70500,-0.01400,61.71900,17.86300,-0.95500,16.90800,6.10400,10.80400,10.80400,10.03900,27.84200,17.86300,59.54400,59.63100,0.17000,0.17000,3.29630,0.20730,0.29180,12.57170,2.82190,2.82190,2.67100,1.58590,0.54220,1.36750,2.42610,37.09700,1.51110,2.07030,0.92540,1.19780,11.84530,-0.84760,-1.10000
2014-12-31,620.09010,547.33410,72.75600,56.94200,-0.01800,56.95970,15.79630,0.30900,16.10500,5.15000,10.95500,10.95500,9.04400,26.13530,15.79610,59.49300,59.56200,0.15670,0.15330,3.26570,0.12360,0.14190,11.73310,2.54740,2.54740,2.59720,1.45850,0.60570,1.60960,2.98340,30.16680,1.56600,2.15790,1.07000,1.37250,11.66870,0.0481,-0.1396
2014-09-30,713.48900,623.90300,89.58600,59.93600,2.57000,57.36600,32.22000,-0.55200,31.66800,11.17600,20.49200,20.49200,19.05600,41.36600,32.22000,59.74200,59.79600,0.32000,0.32000,3.03410,0.10860,0.12190,12.55600,4.51580,4.51580,4.43850,2.67080,0.70260,2.27980,2.77370,32.44780,2.94810,3.89390,2.01800,2.62790,11.59930,0.7987,0.6834
2014-06-30,772.75200,675.76400,96.98800,58.98900,-1.27600,60.26500,36.72300,-0.68600,36.03700,13.58800,22.44900,22.44900,21.58000,45.28400,36.72300,59.83200,59.89200,0.36000,0.36000,2.89340,0.12270,0.16000,12.55100,4.75220,4.75220,4.66350,2.79260,0.75620,2.43270,2.69790,33.35870,3.30260,4.39850,2.19680,2.89730,11.28880,1.1119,0.943
2014-03-31,553.99800,487.98600,66.01200,53.90800,0.52400,53.38400,12.62800,-0.72500,11.90300,4.23500,7.66800,7.66800,7.15300,20.90500,12.62800,59.64600,59.71500,0.12000,0.12000,3.63470,0.17850,0.23560,11.91560,2.27940,2.27940,2.14860,1.29120,0.55030,1.56400,2.28520,39.38460,1.16110,1.56340,0.76160,0.95390,10.98010,-0.73110,-0.86860
2013-12-31,525.73790,461.50910,64.22890,50.04000,-0.62200,50.66180,13.56700,-1.04100,12.52600,3.86600,8.66000,8.66000,7.92200,22.91800,13.56710,59.28300,59.44500,0.13330,0.13000,3.56870,0.11530,0.13200,12.21690,2.58060,2.58060,2.38260,1.50680,0.57330,1.60630,2.87780,31.27380,1.33290,1.80410,0.94440,1.17910,10.85710,0.1121,-0.012
2013-09-30,651.78000,573.49100,78.28900,53.02000,-0.74200,53.76210,24.52700,-0.98200,23.54500,8.53000,15.01500,15.01500,13.95700,32.95700,24.52700,59.32500,59.40000,0.23670,0.23670,3.10060,0.11630,0.13160,12.01160,3.76310,3.76310,3.61240,2.14140,0.69820,2.46970,2.69340,33.41480,2.33370,3.17370,1.60840,2.06220,10.78050,1.2335,1.0693
2013-06-30,738.43600,658.22000,80.21600,53.10200,0.00300,53.09900,27.11700,-0.93100,26.18600,9.81300,16.37300,16.37300,15.61500,35.15600,27.11700,59.25600,59.35800,0.26330,0.26330,3.36730,0.18490,0.23230,10.86300,3.67220,3.67220,3.54610,2.11460,0.75560,2.59600,2.72540,33.02310,2.60760,3.58180,1.67530,2.12540,10.52060,0.6608,0.438
2013-03-31,554.49400,496.67600,57.81800,48.22800,-0.53300,48.76100,9.05700,-1.05600,8.00100,2.24500,5.75600,5.75600,5.17600,16.80100,9.05700,59.10600,59.20800,0.08670,0.08670,3.57590,0.20130,0.26450,10.42720,1.63340,1.63340,1.44290,0.93350,0.57340,1.70820,2.38030,37.81080,0.93490,1.29510,0.59530,0.74670,10.32860,-1.09060,-1.22290
2012-12-31,470.76320,426.62190,44.14120,44.52100,-0.71400,45.23490,-1.09370,-1.13400,-2.22800,-1.08600,-1.14200,-1.14200,-1.99000,7.91330,-1.09380,58.88100,58.89900,-0.03000,-0.03000,3.94810,0.13620,0.15770,9.37650,-0.23230,-0.23230,-0.47330,-0.42270,0.54710,1.75430,2.75710,32.64300,-0.18800,-0.26090,-0.13270,-0.16240,10.22770,-0.1394,-0.2247
2012-09-30,533.36600,478.13900,55.22700,45.18600,-1.73100,46.91700,8.31000,-0.65100,7.65900,2.90300,4.75600,4.75600,4.19800,16.74600,8.31000,58.94700,59.02200,0.07000,0.07000,2.55130,0.02540,0.09140,10.35440,1.55800,1.55800,1.43600,0.78710,0.64000,2.28620,2.77150,32.47290,0.77750,1.07450,0.57070,0.75780,10.30350,0.3756,0.2745
2012-06-30,593.69300,521.61800,72.07500,49.43400,6.87800,42.55600,29.51900,-0.97100,28.54800,10.53800,18.01000,18.01000,17.36100,37.53200,29.51900,58.84200,58.92900,0.29330,0.29330,2.50820,0.05160,0.12060,12.14010,4.97210,4.97210,4.80850,2.92420,0.69630,2.51310,2.79990,32.14360,2.98140,4.14590,2.11230,2.82760,10.20310,0.4251,0.5046
2012-03-31,457.11100,403.44500,53.66600,45.77800,-0.09500,45.87300,7.79300,-0.70800,7.08500,2.69900,4.38600,4.38600,4.15500,15.71600,7.79300,58.70700,59.10000,0.07000,0.07000,2.54910,0.06890,0.15480,11.74030,1.70480,1.70480,1.55000,0.90900,0.54420,1.84600,2.35000,38.29840,0.74280,1.03630,0.52210,0.69170,9.98290,-0.75840,-0.85700
2011-12-31,422.02300,374.65500,47.36800,45.53400,-2.65700,48.19110,-0.82310,-0.98700,-1.81000,-0.63400,-1.17600,-1.17600,-1.62200,8.77490,-0.82300,58.22100,58.59900,-0.03000,-0.03000,2.69730,0.02050,0.09010,11.22400,-0.19500,-0.19500,-0.42890,-0.38430,0.55240,1.92430,3.22650,27.89380,-0.20190,-0.28360,-0.15390,-0.19770,9.89600,0.1601,-0.0236
2011-09-30,468.94100,414.58300,54.35800,44.01300,-0.20700,44.22000,10.13800,-0.84000,9.29800,3.29300,6.00500,6.00500,5.57100,19.20200,10.13800,58.32300,58.42200,0.09670,0.09670,3.26840,0.08180,0.08950,11.59170,2.16190,2.16190,1.98280,1.18800,0.58730,2.29200,2.72940,32.97390,1.02480,1.44000,0.75210,0.94100,9.98790,1.0279,0.8683
2011-06-30,544.13900,487.55200,56.58700,45.32800,-3.48200,48.81000,7.77700,-0.77900,6.99800,2.50200,4.49600,4.49600,4.23200,16.75900,7.77700,58.23900,58.40700,0.07330,0.07330,2.65220,0.08250,0.14570,10.39940,1.42920,1.42920,1.28610,0.77770,0.65220,2.38310,2.67040,33.70300,0.77400,1.09480,0.53890,0.71020,9.91620,0.8987,0.8169
2011-03-31,387.23300,345.81900,41.41400,46.48800,-0.00700,46.49500,-5.08100,-0.61800,-5.69900,-2.28700,-3.41200,-3.41200,-3.67000,3.26200,-5.08100,57.91800,57.91800,-0.06330,-0.06330,2.39160,0.08300,0.21930,10.69490,-1.31210,-1.31210,-1.47170,-0.94770,0.45230,1.41940,2.14710,41.91640,-0.58840,-0.83550,-0.39860,-0.53960,9.90010,-1.89020,-1.99610
2010-12-31,378.68400,332.66400,46.01990,47.80100,-0.70000,48.50090,-2.48090,-0.63000,-3.11100,-3.63600,0.52500,0.52500,0.11800,7.31910,-2.48100,57.69600,58.42800,0.00670,0.00330,3.21050,0.08580,0.09510,12.15260,-0.65510,-0.65520,-0.82150,0.03120,0.47970,1.74730,2.96780,30.32510,0.09030,0.12860,0.06650,0.08260,10.02050,0.305,0.1179
2010-09-30,480.57400,426.15900,54.41500,47.28600,-1.13700,48.42300,5.99200,-0.77700,5.21500,2.01700,3.19800,3.19800,2.58400,14.75100,5.99200,57.60300,58.24800,0.04330,0.04330,3.01980,0.08270,0.09130,11.32290,1.24680,1.24680,1.08520,0.53770,0.59890,2.47110,2.88860,31.15690,0.54940,0.78570,0.39850,0.50400,10.05780,1.1512,1.0819
2010-06-30,638.63500,560.74900,77.88600,54.04100,-0.21200,54.25300,23.63300,-0.83300,22.80000,8.33200,14.46800,14.46800,13.71600,32.96700,23.63300,57.77700,58.59300,0.23670,0.23330,2.71150,0.10490,0.11830,12.19570,3.70050,3.70050,3.57010,2.14770,0.75720,2.92710,2.78640,32.30000,2.49510,3.54800,1.71550,2.23350,9.99910,0.3708,0.2559
2010-03-31,392.95800,341.32400,51.63400,48.48900,,48.48900,3.14500,-0.93800,2.20700,0.48700,1.72000,1.72000,0.98700,12.60000,3.14500,57.77400,58.55100,0.01670,0.01670,2.85740,0.10750,0.12160,13.13980,0.80030,0.80030,0.56160,0.25120,0.47880,1.64270,2.09440,42.97220,0.30080,0.43010,0.20960,0.26840,9.84550,-1.32610,-1.40180
2009-12-31,338.56490,293.47010,45.09490,44.62900,,44.62890,0.46590,-2.22900,-1.76300,-0.95600,-0.80700,-0.80700,-0.66300,10.67290,0.46600,57.76800,58.40400,-0.01330,-0.01000,3.06160,0.08550,0.09470,13.31940,0.13760,0.13760,-0.52070,-0.19580,0.43580,1.80990,2.87470,31.30760,-0.14180,-0.20420,-0.10390,-0.12970,9.83400,0.2674,0.1853
2009-09-30,457.76800,388.50500,69.26300,51.19800,,51.19800,18.06500,-1.42700,16.63800,6.37800,10.26000,10.26000,10.05400,28.05300,18.06500,57.92100,58.75500,0.17330,0.17000,2.56210,0.08450,0.09770,15.13060,3.94630,3.94630,3.63460,2.19630,0.55750,2.73400,2.81050,32.02220,1.78210,2.56560,1.24960,1.63150,9.91450,0.8313,0.7961
2009-06-30,514.94500,432.46000,82.48500,56.02000,,56.02000,26.46500,-0.61700,25.84800,9.39300,16.45500,16.45500,16.08800,36.51500,26.46500,57.72300,58.37700,0.28000,0.27670,2.26800,0.08910,0.09860,16.01820,5.13940,5.13940,5.01960,3.12420,0.61630,2.61320,2.60200,34.58830,2.92170,4.26850,1.96950,2.66130,9.72250,1.3875,1.3973
2009-03-31,361.72200,314.90100,46.82100,49.09200,,49.09200,-2.27100,0.14500,-2.12600,-0.96300,-1.16300,-1.16300,-1.20700,8.70900,-2.27100,57.55200,57.55200,-0.02000,-0.02000,2.62740,0.14950,0.20550,12.94390,-0.62780,-0.62780,-0.58770,-0.33370,0.43740,1.65040,2.00530,44.88210,-0.21250,-0.31630,-0.14060,-0.18070,9.51280,-0.31380,-0.27280
