Date,revenue,cost-goods-sold,gross-profit,research-development-expenses,selling-general-administrative-expenses,operating-expenses,operating-income,total-non-operating-income-expense,pre-tax-income,total-provision-income-taxes,income-after-taxes,income-from-continuous-operations,income-from-discontinued-operations,net-income,ebitda,ebit,basic-shares-outstanding,shares-outstanding,eps-basic-net-earnings-per-share,eps-earnings-per-share-diluted,current-ratio,long-term-debt-capital,debt-equity-ratio,gross-margin,operating-margin,ebit-margin,pre-tax-profit-margin,net-profit-margin,asset-turnover,inventory-turnover,receiveable-turnover,days-sales-in-receivables,roe,return-on-tangible-equity,roa,roi,book-value-per-share,operating-cash-flow-per-share,free-cash-flow-per-share
2023-12-31,557.60000,376.40010,181.19990,8.20000,129.00000,137.19990,43.99990,-184.60000,-140.60000,23.60000,-164.20000,-164.20000,,-165.30000,79.39990,44.00000,68.25400,68.25400,-2.41000,-2.41000,1.49180,1.39230,-3.64310,32.49640,7.89100,7.89100,-25.21520,-29.64490,0.28370,24.60130,1.22680,73.35900,118.64180,25.87050,-8.35450,-46.54190,-2.02340,0.3384,0.2512
2023-09-30,464.60000,369.30000,95.30000,4.30000,108.10000,112.40000,-17.10000,-11.40000,-28.50000,20.40000,-48.90000,-48.90000,,-50.00000,18.10000,-17.10000,68.38100,68.38100,-0.73000,-0.73000,1.39370,0.98740,80.59680,20.51230,-3.68060,-3.68060,-6.13430,-10.76200,0.23570,23.67310,1.19650,75.21950,-788.63540,9.97550,-2.48110,-9.91480,0.09060,-0.0611,-0.207
2023-06-30,476.80000,361.00000,115.80000,5.40000,110.30000,115.70000,0.10000,-24.20000,-24.10000,15.40000,-39.50000,-39.50000,,-40.00000,32.40000,0.10000,68.28900,68.28900,-0.59000,-0.59000,1.48280,0.90830,10.20280,24.28690,0.02100,0.02100,-5.05450,-8.38930,0.23460,17.19050,1.26410,71.19970,-80.12110,8.77580,-1.94320,-7.34470,0.72180,0.6214,0.4828
2023-03-31,516.40000,357.40000,159.00000,6.20000,102.90000,109.10000,49.90000,-204.50000,-154.60000,19.90000,-174.50000,-174.50000,,-175.40000,85.80000,49.90000,67.94300,67.94300,-2.58000,-2.58000,1.49770,0.90080,9.37220,30.79010,9.66310,9.66310,-29.93800,-33.96590,0.24990,22.47800,1.16360,77.34700,-323.14700,38.95090,-8.44460,-32.07130,0.79060,0.18840,0.08100
2022-12-31,556.99990,367.20000,189.79990,6.90000,132.90000,139.80000,49.99990,-24.00000,26.00000,17.20000,8.80000,8.80000,,8.50000,104.99990,50.00000,67.66500,67.66500,0.12000,0.12000,1.43030,0.95790,23.53670,34.07540,8.97660,8.97670,4.66790,1.52600,0.26970,24.64430,1.38390,65.03590,40.36650,-1.82270,0.42600,1.70050,0.32150,0.5152,0.3667
2022-09-30,461.20000,356.90000,104.30000,6.00000,106.30000,112.30000,-8.00000,-31.20000,-39.20000,0.70000,-39.90000,-39.90000,,-40.10000,30.40000,-8.00000,67.78700,67.78700,-0.59000,-0.59000,1.36820,1.37260,-3.81300,22.61490,-1.73460,-1.73460,-8.49960,-8.69470,0.22410,28.78230,1.13990,78.95490,29.49010,6.18700,-1.93870,-10.98870,-1.99560,0.6578,0.524
2022-06-30,515.00000,366.90000,148.10000,4.80000,109.60000,114.40000,33.70000,-30.20000,3.50000,20.30000,-16.80000,-16.80000,,-17.10000,76.90000,33.70000,67.69400,67.69400,-0.25000,-0.25000,1.47740,1.24420,-5.27510,28.75730,6.54370,6.54370,0.67960,-3.32040,0.23900,28.88980,1.20520,74.67380,17.05590,2.74240,-0.77980,-4.16560,-1.45280,-0.4956,-0.7213
2022-03-31,446.70000,359.30000,87.40000,6.50000,104.40000,110.90000,-23.50000,-29.40000,-52.90000,4.10000,-57.00000,-57.00000,,-57.30000,23.40000,-23.50000,67.38700,67.38700,-0.85000,-0.85000,1.47970,1.18720,-6.57160,19.56570,-5.26080,-5.26080,-11.84240,-12.82740,0.19620,27.63850,1.20930,74.42580,71.60830,9.52540,-2.50330,-13.40230,-1.17750,-0.48970,-0.56690
2021-12-31,539.29990,375.59990,163.69990,9.40000,109.80000,119.20000,44.50000,-154.10000,-109.60000,21.90000,-131.50000,-131.50000,,-131.20000,91.30000,44.50010,66.45100,66.45100,-1.92000,-1.92000,1.50560,1.14410,-8.22050,30.35420,8.25140,8.25150,-20.32270,-24.32780,0.22290,49.42110,1.19390,75.38110,204.19280,22.26930,-5.43500,-29.43150,-0.95830,1.0332,0.8563
2021-09-30,488.00000,361.10000,126.90000,6.70000,95.10000,101.80000,25.10000,-32.70000,-7.60000,10.90000,-18.50000,-18.50000,,-18.70000,68.40000,25.10000,67.13100,67.13100,-0.28000,-0.28000,1.70050,1.94730,-2.13070,26.00410,5.14340,5.14340,-1.55740,-3.83200,0.21020,32.24110,1.37080,65.65570,7.39700,2.66460,-0.79690,-7.00760,-3.72170,0.9757,0.7719
2021-06-30,517.30000,375.10000,142.20000,6.80000,94.60000,101.40000,40.80000,-236.20000,-195.40000,-53.10000,-142.30000,-142.30000,,-140.80000,84.90000,40.80000,67.08000,67.08000,-2.10000,-2.10000,1.68830,2.03980,-2.03530,27.48890,7.88710,7.88710,-37.77310,-27.21830,0.21770,61.49180,1.29100,69.71390,53.94230,19.96070,-5.98830,-56.08990,-3.93140,0.651,0.4216
2021-03-31,509.80000,370.60000,139.20000,5.60000,90.00000,95.60000,43.60000,-192.70000,-149.10000,8.40000,-157.50000,-157.50000,,-157.80000,82.80000,43.60000,64.42300,64.42300,-2.45000,-2.45000,1.75450,2.21410,-1.89330,27.30480,8.55240,8.55240,-29.24680,-30.95330,0.20750,38.60420,1.24250,72.43430,55.10850,26.69940,-6.41100,-66.90740,-4.26570,-0.66590,-0.74510
2020-12-31,576.90000,401.80000,175.10010,10.50000,116.90000,127.40000,47.70010,-203.60000,-155.90000,18.80000,-174.70000,-174.70000,1.60000,-173.10000,87.60010,47.70000,62.93200,62.93200,-2.83000,-2.83000,1.61050,2.45160,-2.01830,30.35190,8.26830,8.26830,-27.02370,-30.00520,0.21300,29.98510,1.25280,71.84090,55.97570,28.43890,-6.45150,-81.25580,-4.95400,-5.6556,-5.9346
2020-09-30,495.20000,375.30000,119.90000,6.70000,85.50000,92.20000,27.70000,-34.90000,-7.20000,6.10000,-13.30000,-13.30000,0.40000,-12.90000,64.50000,27.70000,63.03200,63.03200,-0.20000,-0.20000,1.72940,-0.31860,-0.74090,24.21240,5.59370,5.59370,-1.45400,-2.60500,0.20570,25.88280,1.36010,66.17330,6.64010,2.65790,-0.55250,8.75580,-3.17940,1.054,0.8336
2020-06-30,438.80000,363.90000,74.90000,3.20000,80.20000,83.40000,-8.50000,-58.30000,-66.80000,9.70000,-76.50000,-76.50000,-2.10000,-78.60000,38.00000,-8.50000,63.01000,63.01000,-1.25000,-1.25000,1.66510,-0.24710,-0.85920,17.06930,-1.93710,-1.93710,-15.22330,-17.91250,0.18290,24.58780,1.20380,74.76070,32.04860,14.30440,-3.18840,39.96870,-3.78890,-0.1909,-0.4439
2020-03-31,515.40000,402.30000,113.10000,6.20000,86.80000,93.00000,20.10000,-62.00000,-41.90000,10.80000,-52.70000,-53.20000,1068.50000,1015.30000,57.90000,20.10000,62.65000,62.65000,16.21000,16.21000,1.43660,-0.29020,-3.04060,21.94410,3.89990,3.89990,-8.12960,196.99260,0.17340,38.68270,1.22340,73.56810,25.40600,10.46220,-1.79030,32.77880,-3.32380,-6.03190,-6.19790
2019-12-31,546.80000,430.49990,116.30010,9.20000,96.80000,106.00000,10.30010,-43.10000,-32.80000,4.30000,-37.10000,-38.40000,20.20000,-10.80000,48.70010,10.30010,55.96100,55.96100,-0.21000,-0.20000,1.31710,-0.85430,-0.47170,21.26920,1.88370,1.88370,-5.99850,-1.97510,0.21840,26.25000,1.30910,68.75090,3.12630,2.51720,-1.53350,5.79710,-19.68430,2.2449,1.9538
2019-09-30,552.10000,412.10000,140.00000,5.90000,84.70000,90.60000,49.40000,-64.40000,-15.00000,10.40000,-25.40000,-25.40000,16.00000,-13.20000,87.30000,49.40000,58.24500,58.24500,-0.23000,-0.23000,1.31200,-1.01770,-0.51640,25.35770,8.94770,8.94770,-2.71690,-2.39090,0.22950,14.61350,1.09460,82.22420,2.27310,1.71980,-1.05580,4.58650,-17.90710,0.3457,0.2526
2019-06-30,569.40000,416.80000,152.60000,7.20000,92.40000,99.60000,53.00000,-45.10000,7.90000,3.60000,4.30000,4.30000,25.50000,26.20000,89.60000,53.00000,51.78200,51.78200,0.51000,0.50000,1.38330,-1.22660,-0.55710,26.80010,9.30800,9.30800,1.38740,4.60130,0.22710,14.93910,1.14710,78.46150,-0.35430,-0.27400,0.17150,-0.78880,-23.43050,0.9926,0.6022
2019-03-31,554.50000,429.40000,125.10000,9.00000,90.90000,99.90000,25.20000,-45.90000,-20.70000,9.40000,-30.10000,-32.70000,13.30000,-19.40000,59.70000,25.20000,51.41800,51.41800,-0.38000,-0.38000,1.40070,-1.08400,-0.52580,22.56090,4.54460,4.54460,-3.73310,-3.49860,0.22320,17.24500,1.06080,84.83860,2.54970,2.00520,-1.31620,5.31360,-24.75870,-1.36920,-2.15100
2018-12-31,187.09990,110.70000,76.39980,10.10000,65.80000,75.90010,0.49980,-34.60000,-34.10000,-4.40000,-29.70000,-33.10000,,25.00000,41.89980,0.49980,50.94600,50.94600,0.49000,0.66000,1.40950,-0.97870,-0.50230,40.83370,0.26710,0.26710,-18.22560,13.36190,0.07610,4.05490,0.36740,244.93870,2.54690,2.01890,-1.34680,5.03960,-25.43250,2.9676,2.7593
2018-09-30,688.30000,534.50000,153.80000,7.10000,90.90000,98.00000,55.80000,-33.60000,22.20000,15.20000,7.00000,7.00000,,6.10000,96.40000,55.80000,51.02100,51.02100,0.12000,0.12000,1.43340,-1.13550,-0.54000,22.34490,8.10690,8.10690,3.22530,0.88620,0.29570,23.23910,1.39840,64.35860,-0.58150,-0.45480,0.30070,-1.24180,-23.55770,-0.3029,-0.6089
2018-06-30,667.40000,514.50000,152.90000,6.20000,92.70000,98.90000,54.00000,-33.70000,20.30000,14.30000,6.00000,6.00000,,3.80000,94.10000,54.00000,50.98600,50.98600,0.07000,0.07000,1.49540,-1.05300,-0.52110,22.90980,8.09110,8.09110,3.04170,0.56940,0.28150,22.66520,1.37890,65.26820,-0.48230,-0.38130,0.25310,-0.99010,-24.34640,-0.5259,-0.2637
2018-03-31,708.40000,507.20000,201.20000,8.50000,90.90000,99.40000,101.80000,-39.20000,62.60000,20.90000,41.70000,41.70000,,40.60000,143.80000,101.80000,50.74800,72.94300,0.80000,0.62000,1.49030,-1.00250,-0.50900,28.40200,14.37040,14.37040,8.83680,5.73120,0.28180,22.84690,1.43840,62.57060,-3.28140,-2.61540,1.65890,-6.57110,-24.91770,-0.68820,-0.75810
2017-12-31,744.80000,558.00010,186.79990,7.40000,97.70000,105.09990,81.70000,-54.30000,27.40000,-27.10000,54.50000,54.50000,,50.50000,122.20000,81.70010,50.40900,50.40900,0.99000,0.99000,1.43010,-0.91520,-0.48600,25.08060,10.96940,10.96940,3.67880,6.78030,0.29300,21.37930,1.47980,60.81770,-4.10860,-3.31190,2.14360,-7.86890,-26.26730,4.0202,3.9404
2017-09-30,666.30000,562.70000,103.60000,8.70000,97.80000,106.50000,-2.90000,-37.50000,-40.40000,12.50000,-52.90000,-52.90000,,-41.10000,35.20000,-2.90000,50.47100,50.47100,-0.81000,-0.81000,1.36960,-0.62010,-0.38960,15.54860,-0.43520,-0.43520,-6.06330,-6.16840,0.29010,17.15550,1.30190,69.13100,3.20630,2.68870,-2.30310,5.19440,-33.06410,1.0692,1.684
2017-06-30,666.20000,547.50000,118.70000,10.80000,111.40000,122.20000,-3.50000,-38.80000,-42.30000,-3.80000,-38.50000,-38.50000,,-42.00000,35.70000,-3.50000,50.43700,50.43700,-0.83000,-0.83000,1.48140,-0.62960,-0.39330,17.81750,-0.52540,-0.52540,-6.34940,-6.30440,0.28730,16.89820,1.16080,77.53080,2.36180,1.98040,-1.66030,3.84880,-32.66730,-0.9726,-1.5936
2017-03-31,664.50000,525.90000,138.60000,11.80000,105.00000,116.80000,21.80000,-38.60000,-16.80000,12.90000,-29.70000,-29.70000,,-32.70000,60.50000,21.80000,50.25600,50.25600,-0.65000,-0.65000,1.02060,-0.13630,-0.18530,20.85780,3.28070,3.28070,-2.52820,-4.92100,0.33860,17.88780,1.31610,68.38370,1.82580,1.52990,-1.51350,2.07460,-32.27580,-0.81580,-1.24160
2016-12-31,721.69990,502.70010,218.99980,6.50000,95.40000,101.89990,117.09990,-92.50000,24.60000,23.00000,1.60000,1.60000,,-1.20000,156.39990,117.09990,50.06000,50.06000,-0.02000,0.05000,1.04660,-0.13350,-0.18210,30.34500,16.22560,16.22560,3.40860,-0.16630,0.35700,17.33450,1.42680,63.07610,-0.09710,-0.08150,0.07910,-0.11010,-32.88220,2.3022,2.0183
2016-09-30,683.30000,561.70000,121.60000,11.40000,120.00000,131.40000,-9.80000,-5.40000,-15.20000,9.90000,-25.10000,-25.10000,,-28.20000,29.10000,-9.80000,50.08200,50.08200,-0.56000,-0.56000,1.06160,-0.19040,-0.33510,17.79600,-1.43420,-1.43420,-2.22450,-4.12700,0.31400,14.22030,1.28320,70.13760,1.99510,1.59270,-1.15340,2.37490,-25.11180,1.264,1.453
2016-06-30,748.90000,570.60000,178.30000,13.10000,115.70000,128.80000,49.50010,-5.20000,44.30000,18.80000,25.50000,25.50000,,21.60000,89.80010,49.50010,50.06900,71.78600,0.43000,0.36000,1.35110,-0.47270,-0.32970,23.80830,6.60970,6.60970,5.91530,2.88420,0.33410,14.59340,1.33470,67.43090,-2.00220,-1.60420,1.13760,-2.94870,-25.42120,0.2746,-0.1478
2016-03-31,666.80000,568.30000,98.50000,16.00000,110.10000,126.10000,-27.60000,-5.60000,-33.20000,5.50000,-38.70000,-38.70000,,-39.90000,9.50000,-27.60000,50.00400,50.00400,-0.80000,-0.80000,1.27660,-0.40180,-0.34340,14.77210,-4.13920,-4.13920,-4.97900,-5.98380,0.29440,12.22150,1.28030,70.29400,2.85760,2.31710,-1.70850,4.00580,-27.03190,0.51800,0.38600
2015-12-31,789.90010,630.89980,159.00020,13.20000,130.00000,143.19970,15.80050,-3.40000,12.40000,11.10000,1.30000,1.30000,,1.10000,70.30060,15.80050,49.90500,49.90500,0.03000,0.03000,1.15650,-0.20410,-0.22520,20.12920,2.00030,2.00030,1.56980,0.13930,0.37080,14.40410,1.35820,66.26660,-0.09430,-0.07670,0.06100,-0.11350,-27.62730,2.2871,2.0982
2015-09-30,739.20000,598.60000,140.60000,16.60000,115.40000,132.00000,8.60000,-1.30000,7.30000,14.90000,-7.60000,-7.60000,,-9.60000,52.50000,8.60000,49.93400,49.93400,-0.19000,-0.19000,1.13590,-0.20220,-0.21380,19.02060,1.16340,1.16340,0.98760,-1.29870,0.35240,11.40190,1.34030,67.14690,0.52370,0.42970,-0.36230,0.62960,-29.02600,-0.883,-0.1378
2015-06-30,764.80000,640.50000,124.30000,28.40000,145.40000,173.80000,-49.50010,-1.30000,-50.80000,5.10000,-55.90000,-55.90000,,-58.20000,-8.50010,-49.50010,49.92700,49.92700,-1.17000,-1.17000,1.19280,-0.20190,-0.17550,16.25260,-6.47230,-6.47230,-6.64230,-7.60980,0.35350,11.51980,1.47820,60.88650,3.83950,3.13850,-2.58370,4.61490,-29.11800,-0.4208,-1.1561
2015-03-31,721.20000,604.20000,117.00000,18.20000,128.80000,147.00000,-30.00000,2.30000,-27.70000,13.30000,-41.00000,-41.00000,,-43.20000,10.70000,-30.00000,49.82100,49.82100,-0.87000,-0.87000,1.28120,-0.18470,-0.15750,16.22300,-4.15970,-4.15970,-3.84080,-5.99000,0.33840,10.01990,1.48760,60.49920,2.88470,2.34900,-1.92350,3.41750,-28.48300,-0.86910,-1.68400
2014-12-31,905.79990,661.10010,244.69980,18.30000,144.00000,162.30000,82.39970,6.20000,88.60000,23.90000,64.70000,64.70000,,61.80000,125.39970,82.39980,49.28000,49.28000,1.33000,1.33000,1.32030,-0.18060,-0.15420,27.01480,9.09690,9.09690,9.78140,6.82270,0.38570,14.15630,1.46260,61.53350,-4.45470,-3.63400,2.75470,-5.25930,-29.22330,2.1471,2.8129
2014-09-30,882.50000,647.60000,234.90000,20.30000,138.00000,158.30000,76.60000,1.00000,77.60000,26.40000,51.20000,51.20000,,47.80000,121.10000,76.60000,50.24500,50.24500,0.95000,0.95000,1.37680,-0.69720,-0.41270,26.61760,8.67990,8.67990,8.79320,5.41640,0.38720,10.77540,1.54770,58.15070,-9.82350,-6.02070,2.24620,-16.67210,-10.44490,-0.1438,-1.3209
2014-06-30,806.40000,641.20000,165.20010,15.80000,133.60000,149.40000,15.80010,-4.80000,11.00000,19.90000,-8.90000,-8.90000,,-12.10000,56.90010,15.80010,50.84300,50.84300,-0.24000,-0.24000,1.39670,-0.50180,-0.33430,20.48610,1.95930,1.95930,1.36410,-1.50050,0.34520,12.90140,1.56370,57.55580,1.41610,0.92620,-0.38100,2.12660,-12.42100,0.0265,-0.0281
2014-03-31,761.70000,628.70000,133.00010,14.40000,138.50000,152.90000,-19.90000,-11.80000,-31.70000,16.00000,-47.70000,-47.70000,,-53.50000,20.10000,-19.90000,46.34300,46.34300,-1.15000,-1.15000,1.43530,-0.46710,-0.31840,17.46100,-2.61260,-2.61260,-4.16170,-7.02380,0.31750,12.04410,1.34840,66.74680,7.23170,4.84560,-1.98820,10.60940,-12.90800,0.43370,-0.08200
2013-12-31,995.89990,680.50010,315.39980,18.90000,140.60000,159.49980,155.90000,-3.50000,152.40000,28.20000,124.20000,124.20000,,117.40000,194.60000,155.90000,43.89900,43.89900,2.66000,2.65000,1.50350,-0.46270,-0.31630,31.66980,15.65420,15.65420,15.30270,11.78830,0.39680,12.35030,1.45790,61.73210,-13.59460,-12.65150,4.94820,-27.36290,-15.08860,3.2144,2.5016
2013-09-30,792.10000,620.60000,171.50000,15.80000,131.70000,147.50000,24.00000,-0.50000,23.50000,27.00000,-3.50000,-3.50000,,-11.60000,64.70000,24.00000,43.81100,43.81100,-0.26000,-0.26000,1.44950,-0.16160,-0.13910,21.65130,3.02990,3.02990,2.96680,-1.46450,0.35400,11.26320,1.38310,65.07130,0.19890,0.19180,-0.15640,0.26930,-34.39410,0.3647,-0.1186
2013-06-30,858.60000,657.90000,200.70000,17.80000,144.90000,162.70000,38.00000,11.50000,49.50000,22.70000,26.80000,26.80000,,20.40000,78.00000,38.00000,43.78000,43.78000,0.47000,0.46000,1.43410,-0.15840,-0.13700,23.37530,4.42580,4.42580,5.76520,2.37600,0.37730,13.73490,1.43100,62.89310,-1.50080,-1.45030,1.17760,-2.02110,-35.14870,0.3697,-0.1663
2013-03-31,809.90000,649.10000,160.80000,17.00000,142.20000,159.20000,1.60000,-7.60000,-6.00000,21.40000,-27.40000,-27.40000,,-33.90000,41.80000,1.60000,44.05400,44.05400,-0.77000,-0.77000,1.47760,-0.15730,-0.13630,19.85430,0.19760,0.19760,-0.74080,-4.18570,0.34860,12.87900,1.39280,64.61910,1.52640,1.47230,-1.17940,2.05180,-35.04310,0.32010,0.06810
2012-12-31,979.29990,693.39980,285.90010,20.50000,150.80000,171.30020,114.60000,-5.20000,109.40000,20.50000,88.90000,88.90000,,81.80000,160.80000,114.59990,43.86400,43.86400,1.86000,1.83000,1.46790,-0.15230,-0.13240,29.19430,11.70220,11.70220,11.17130,8.35290,0.40460,13.86800,1.46120,61.59300,-4.83570,-4.66620,3.67290,-6.44810,-36.18910,3.5142,3.0008
2012-09-30,877.40000,658.80000,218.60000,18.80000,138.60000,157.40000,61.20010,-33.60000,27.60000,32.70000,-5.10000,-5.10000,,-12.40000,101.30010,61.20010,43.96600,43.96600,-0.28000,-0.28000,1.38940,-0.22290,-0.18290,24.91450,6.97520,6.97520,3.14570,-1.41330,0.38920,11.16610,1.45700,61.77110,0.36370,0.34580,-0.22620,0.54110,-26.25510,0.6767,0.1673
2012-06-30,921.30000,678.10000,243.20000,22.20000,142.00000,164.20000,78.99990,-3.80000,75.20000,22.10000,53.10000,53.10000,,46.60000,125.49990,78.99990,43.90500,51.24400,1.06000,0.99000,1.46230,-0.32490,-0.24570,26.39750,8.57480,8.57480,8.16240,5.05810,0.38420,11.51270,1.50960,59.61900,-3.68830,-3.51450,2.21440,-5.91180,-27.10710,1.0081,0.6683
2012-03-31,928.40000,702.60000,225.80000,20.00000,141.40000,161.40000,64.40000,-22.50000,41.90000,22.00000,19.90000,19.90000,,13.40000,106.20000,64.40000,43.61100,44.06300,0.31000,0.30000,1.42140,-0.31160,-0.23820,24.32140,6.93670,6.93670,4.51310,1.44330,0.37810,11.36890,1.55460,57.89320,-1.33550,-1.27210,0.81040,-2.10430,-28.31960,0.75800,0.38350
2011-12-31,985.30020,705.00000,280.30020,18.90000,139.80000,158.70000,121.60020,-10.30000,111.30000,12.40000,98.90000,98.90000,,94.30000,166.50020,121.59990,43.14500,49.47800,2.19000,2.30000,1.43660,-0.37680,-0.27440,28.44820,12.34140,12.34140,11.29610,9.57070,0.37720,10.87960,1.46400,61.47370,-6.33690,-6.05520,3.78610,-10.38650,-30.13790,3.2957,2.2742
2011-09-30,1020.10000,735.30000,284.80000,18.50000,153.30000,171.80000,113.00000,4.10000,117.10000,33.40000,83.70000,83.70000,,78.60000,159.90000,113.00000,43.24600,50.62300,1.82000,1.63000,1.42330,-2.96070,-0.74900,27.91880,11.07740,11.07740,11.47930,7.70510,0.39740,11.05710,1.46570,61.40570,-9.91470,-9.11670,3.26070,-55.76280,-13.69820,1.6328,2.1196
2011-06-30,937.20000,723.50000,213.70000,18.40000,147.20000,165.60000,48.10000,-62.70000,-14.60000,-9.20000,-5.40000,-5.40000,,-11.60000,97.90000,48.10000,43.10600,43.10600,-0.27000,-0.27000,1.32380,-2.07390,-0.67600,22.80200,5.13230,5.13230,-1.55780,-1.23770,0.35460,9.63380,1.40490,64.06210,0.59240,0.54270,-0.20430,2.50810,-15.31940,0.8194,0.0329
2011-03-31,911.20000,703.00000,208.20000,20.30000,146.00000,166.30000,41.90000,-49.70000,-7.80000,28.20000,-36.00000,-36.00000,,-40.80000,95.10000,41.90000,42.83600,42.83600,-0.95000,-0.95000,1.43510,-8.40350,-0.89480,22.84900,4.59830,4.59830,-0.85600,-4.47760,0.30900,8.62580,1.24350,72.37930,3.82250,3.49790,-1.22060,48.91310,-16.05800,0.66300,0.31280
2010-12-31,1044.60000,733.50020,311.09980,18.10000,158.40000,176.49970,134.60010,-31.40000,103.20000,6.10000,97.10000,97.10000,4.00000,99.20000,195.20010,134.60020,42.56200,43.33300,2.34000,2.30000,1.40300,-7.44300,-0.88240,29.78170,12.88530,12.88530,9.87940,9.49650,0.34580,8.25080,1.32280,68.03850,-10.39840,-7.61270,3.21430,-87.79390,-21.92020,4.3076,3.6824
2010-09-30,960.60000,723.20000,237.40000,18.90000,142.40000,161.30000,76.10000,-25.20000,50.90000,28.20000,22.70000,22.70000,6.50000,28.30000,136.70000,76.10000,42.62000,43.29200,0.66000,0.65000,1.37570,-4.23650,-0.80980,24.71370,7.92210,7.92210,5.29880,2.94610,0.33820,7.02820,1.22850,73.25730,-2.19490,-1.64830,0.79930,-11.49370,-24.27700,2.9294,2.2093
2010-06-30,1037.00000,749.00000,288.00000,21.10000,160.40000,181.50000,106.50000,-32.80000,73.70000,13.30000,60.40000,60.40000,61.00000,120.20000,169.00000,106.50000,42.59000,43.32900,2.82000,2.77000,1.31540,-3.41940,-0.77440,27.77240,10.27000,10.27000,7.10700,11.59110,0.38200,8.24890,1.31900,68.23340,-5.59210,-4.25530,2.22520,-24.71360,-25.35450,1.2052,0.4202
2010-03-31,977.40000,742.20000,235.20000,20.80000,155.90000,176.70000,58.50000,-63.40000,-4.90000,11.20000,-16.10000,-16.10000,5.70000,-11.60000,125.40000,58.50000,42.39800,42.39800,-0.27000,-0.27000,1.26070,-2.25700,-0.69510,24.06380,5.98530,5.98530,-0.50130,-1.18680,0.36040,7.20580,1.32670,67.83610,1.31780,1.02760,-0.59370,4.29220,-30.69600,-0.66980,-1.93880
2009-12-31,1105.40000,765.30010,340.10030,25.10000,179.30000,204.40000,135.70030,-36.30000,99.40000,-12.40000,111.80000,114.10000,-0.40000,114.50000,232.30030,135.70020,39.24100,39.24100,2.94000,2.91000,1.22290,-1.98660,-0.71690,30.76710,12.27610,12.27610,8.99220,10.35820,0.37380,7.61490,1.44040,62.48050,-8.97220,-7.03580,3.85880,-26.79660,-30.06380,5.7209,5.3265
2009-09-30,1106.40000,808.60000,297.80000,24.30000,161.90000,186.20000,111.60000,-28.80000,82.80000,28.40000,54.40000,54.40000,8.70000,61.10000,193.70000,111.60000,40.56900,41.40300,1.51000,1.48000,1.14310,-2.81200,-0.79530,26.91610,10.08680,10.08680,7.48370,5.52240,0.40360,6.47920,1.44820,62.14750,-4.74900,-3.58130,1.98460,-18.10320,-27.08040,2.0491,3.1778
2009-06-30,1101.20000,840.60000,260.60000,25.10000,167.80000,192.90000,67.70000,-18.20000,49.50000,13.50000,36.00000,36.00000,4.60000,38.10000,157.80000,67.70000,37.03200,37.44900,1.03000,1.02000,1.09890,-2.54540,-0.78930,23.66510,6.14780,6.14780,4.49510,3.45990,0.40390,6.89020,1.48830,60.47130,-2.67780,-2.09100,1.32060,-9.49370,-36.30570,1.2799,0.2352
2009-03-31,1072.70000,858.20000,214.49990,27.40000,172.10000,199.50000,14.99990,-28.50000,-13.50000,12.80000,-26.30000,-28.60000,4.20000,-24.40000,98.69990,14.99990,37.00500,37.00500,-0.66000,-0.66000,0.91730,-1.14150,-0.74440,19.99630,1.39830,1.39830,-1.25850,-2.27460,0.40630,7.04600,1.48820,60.47540,2.00770,1.58380,-1.08330,4.29950,-38.46880,1.06200,0.20270
