Date,revenue,cost-goods-sold,gross-profit,selling-general-administrative-expenses,operating-expenses,operating-income,total-non-operating-income-expense,pre-tax-income,total-provision-income-taxes,income-after-taxes,income-from-continuous-operations,income-from-discontinued-operations,net-income,ebitda,ebit,basic-shares-outstanding,shares-outstanding,eps-basic-net-earnings-per-share,eps-earnings-per-share-diluted,current-ratio,long-term-debt-capital,debt-equity-ratio,gross-margin,operating-margin,ebit-margin,pre-tax-profit-margin,net-profit-margin,asset-turnover,inventory-turnover,receiveable-turnover,days-sales-in-receivables,roe,return-on-tangible-equity,roa,roi,book-value-per-share,operating-cash-flow-per-share,free-cash-flow-per-share
2023-12-31,-26625.40000,-22073.55000,-4551.85200,-3813.88300,-3813.87000,-737.98240,260.66100,-477.32200,-118.82800,-358.49400,-358.49400,,-351.49400,-629.98240,-737.98300,0.23900,0.25000,0.62000,0.59000,1.29530,0.49010,1.03050,17.09590,2.77170,2.77170,1.79270,1.32010,-2.01910,-13.79600,-13.24650,-6.79430,-7.54880,20.47370,-2.71850,-3.84940,18.77080,4556.245,3360.8835
2023-09-30,9106.00000,7564.00000,1542.00000,1312.00000,1312.00000,230.00000,-101.00000,129.00000,34.00000,95.00000,95.00000,,95.00000,331.00000,230.00000,247.00000,249.00000,0.38000,0.38000,1.29430,0.49360,1.04430,16.93390,2.52580,2.52580,1.41660,1.04330,0.68610,4.78130,4.27110,21.07180,2.02470,-5.27480,0.71580,1.02530,19.04990,1.1534,0.9372
2023-06-30,9013.00000,7422.00000,1591.00000,1269.00000,1269.00000,322.00000,-80.00000,242.00000,60.00000,182.00000,182.00000,,182.00000,420.00000,322.00000,238.00000,251.00000,0.76000,0.73000,1.33920,0.50150,1.07320,17.65230,3.57260,3.57260,2.68500,2.01930,0.69180,4.84780,4.43550,20.29070,3.95310,-10.20180,1.39690,1.97080,18.65480,1.4945,1.3103
2023-03-31,8542.00000,7117.00000,1425.00000,1238.00000,1238.00000,187.00000,-80.00000,107.00000,25.00000,82.00000,82.00000,,75.00000,292.00000,187.00000,226.00000,252.00000,0.33000,0.32000,1.34140,0.50760,1.10040,16.68230,2.18920,2.18920,1.25260,0.87800,0.65520,4.37970,4.19550,21.45170,1.96220,-4.43960,0.62890,0.88700,19.57010,1.10710,0.86900
2022-12-31,-25507.94000,-21475.44000,-4032.50800,-3635.11400,-3635.10000,-397.40630,163.76700,-233.63900,-61.90400,-171.73500,-171.73500,,-144.73500,-296.40630,-397.40600,0.22400,0.22600,0.38000,0.38000,1.36620,0.51320,1.11880,15.80880,1.55800,1.55800,0.91590,0.56740,-1.99700,-13.28930,-13.80300,-6.52030,-4.33560,8.96790,-1.34450,-1.86000,19.97780,3382.5138,2254.9796
2022-09-30,8917.00000,7457.00000,1460.00000,1246.00000,1246.00000,214.00000,-60.00000,154.00000,45.00000,109.00000,109.00000,,100.00000,310.00000,214.00000,225.00000,251.00000,0.44000,0.43000,1.35580,0.52020,1.15580,16.37320,2.39990,2.39990,1.72700,1.12150,0.67340,4.23450,4.35830,20.65040,2.77570,-5.55840,0.82310,1.17230,19.82670,1.2962,1.1309
2022-06-30,8827.00000,7444.00000,1383.00000,1233.00000,1233.00000,150.00000,-55.00000,95.00000,25.00000,70.00000,70.00000,,61.00000,245.00000,150.00000,224.00000,226.00000,0.27000,0.27000,1.36640,0.53100,1.20380,15.66780,1.69930,1.69930,1.07620,0.69110,0.67730,4.15170,4.46480,20.15750,1.84020,-3.34130,0.53710,0.75680,19.36610,0.4375,0.1319
2022-03-31,7798.00000,6603.00000,1195.00000,1161.00000,1161.00000,34.00000,-49.00000,-15.00000,-8.00000,-7.00000,-7.00000,,-16.00000,126.00000,34.00000,223.00000,223.00000,-0.07000,-0.07000,1.33710,0.53470,1.22340,15.32440,0.43600,0.43600,-0.19240,-0.20520,0.60170,3.61610,4.19920,21.43240,-0.18810,0.31990,-0.05400,-0.07650,19.00000,0.70850,0.39460
2021-12-31,-21818.51000,-18410.17000,-3408.34600,-3110.78000,-3121.77000,-286.57620,161.79000,-124.78600,-29.95000,-94.83600,-94.83600,,-61.83600,-189.57620,-286.57600,0.22200,0.22500,0.27000,0.28000,1.40940,0.53520,1.21670,15.62130,1.31350,1.31350,0.57190,0.28340,-1.74260,-10.91940,-13.51830,-6.65760,-2.53910,4.33830,-0.75740,-1.03250,19.14350,1859.9109,674.0045
2021-09-30,7890.00000,6649.00000,1241.00000,1099.00000,1106.00000,135.00000,-44.00000,91.00000,27.00000,64.00000,64.00000,,55.00000,229.00000,135.00000,222.00000,225.00000,0.25000,0.24000,1.48490,0.55810,1.33380,15.72880,1.71100,1.71100,1.15340,0.69710,0.60150,4.24860,4.50090,19.99620,1.75440,-2.80210,0.48790,0.67630,18.75340,1.2,0.9111
2021-06-30,7663.00000,6494.00000,1169.00000,1044.00000,1045.00000,124.00000,-48.00000,76.00000,21.00000,55.00000,55.00000,,46.00000,222.00000,124.00000,222.00000,225.00000,0.21000,0.20000,1.50510,0.56790,1.38590,15.25510,1.61820,1.61820,0.99180,0.60030,0.58660,4.16280,4.42180,20.35370,1.53930,-2.31290,0.42100,0.57860,18.50000,0.3147,0.0518
2021-03-31,6295.00000,5292.00000,1003.00000,972.00000,975.00000,28.00000,-70.00000,-42.00000,-18.00000,-24.00000,-24.00000,,-39.00000,132.00000,28.00000,221.00000,221.00000,-0.18000,-0.18000,1.58850,0.58200,1.46650,15.93330,0.44480,0.44480,-0.66720,-0.61950,0.48420,3.64710,4.11170,21.88880,-0.68570,0.97360,-0.18460,-0.24870,18.17120,0.79640,0.58820
2020-12-31,6138.00000,5130.00000,1008.00000,978.00000,978.00000,30.00000,-55.00000,-25.00000,-15.00000,-10.00000,-10.00000,,-23.00000,140.00000,30.00000,220.00000,220.00000,-0.10000,-0.10000,1.74820,0.58110,1.45320,16.42230,0.48880,0.48880,-0.40730,-0.37470,0.49410,4.02990,5.09380,17.66860,-0.28330,0.40320,-0.08050,-0.10350,18.32130,-0.5454,-0.6545
2020-09-30,5848.00000,4874.00000,974.00000,873.00000,896.00000,78.00000,-57.00000,21.00000,13.00000,8.00000,8.00000,,-2.00000,190.00000,78.00000,220.00000,220.00000,-0.01000,-0.01000,1.60410,0.58430,1.48240,16.65530,1.33380,1.33380,0.35910,-0.03420,0.45700,3.70930,4.36420,20.62240,0.22760,-0.31420,0.06250,0.08290,18.14930,-1.0773,-1.0364
2020-06-30,4560.00000,3889.00000,671.00000,714.00000,730.00000,-59.00000,-59.00000,-118.00000,-26.00000,-92.00000,-92.00000,,-97.00000,54.00000,-59.00000,220.00000,220.00000,-0.44000,-0.44000,1.62280,0.60310,1.59380,14.71490,-1.29390,-1.29390,-2.58770,-2.12720,0.33710,2.91970,3.68040,24.45400,-2.62860,3.56450,-0.68000,-0.91490,18.14090,3.7831,3.5529
2020-03-31,6339.00000,5273.00000,1066.00000,1192.00000,1192.00000,-126.00000,-46.00000,-172.00000,-40.00000,-132.00000,-132.00000,,-132.00000,-23.00000,-126.00000,219.00000,219.00000,-0.60000,-0.60000,1.93540,0.61690,1.69570,16.81650,-1.98770,-1.98770,-2.71340,-2.08230,0.52900,3.69780,5.03100,17.88930,-3.68510,6.30370,-1.10150,-1.41160,16.28180,-0.28310,-0.64380
2019-12-31,6934.00000,5697.00000,1237.00000,1051.00000,1051.00000,186.00000,-64.00000,122.00000,29.00000,93.00000,93.00000,,92.00000,292.00000,186.00000,218.00000,220.00000,0.42000,0.42000,1.38100,0.55330,1.33670,17.83960,2.68240,2.68240,1.75940,1.32680,0.61430,3.97840,4.33920,20.74130,2.50740,-4.68280,0.82390,1.12010,16.85910,0.9136,0.4545
2019-09-30,6531.00000,5375.00000,1156.00000,968.00000,968.00000,188.00000,-44.00000,144.00000,39.00000,105.00000,105.00000,1.00000,106.00000,276.00000,188.00000,218.00000,220.00000,0.49000,0.48000,1.39830,0.57380,1.44810,17.70020,2.87860,2.87860,2.20490,1.62300,0.56660,3.66140,3.73840,24.07440,2.95190,-4.87470,0.91100,1.25820,16.24200,0.7418,0.5349
2019-06-30,6443.00000,5301.00000,1142.00000,948.00000,948.00000,194.00000,-40.00000,154.00000,38.00000,116.00000,116.00000,,116.00000,287.00000,194.00000,218.00000,219.00000,0.53000,0.53000,1.37270,0.47440,0.93300,17.72470,3.01100,3.01100,2.39020,1.80040,0.68990,4.15110,4.12750,21.80510,3.37700,-13.87560,1.24210,1.77480,15.68490,1.0959,0.9086
2019-03-31,6031.00000,4979.00000,1052.00000,921.00000,921.00000,131.00000,-40.00000,91.00000,20.00000,71.00000,71.00000,,71.00000,213.00000,131.00000,217.00000,219.00000,0.33000,0.32000,1.39160,0.49730,1.02150,17.44320,2.17210,2.17210,1.50890,1.17730,0.64220,3.91430,3.82190,23.54830,2.14500,-7.31210,0.75600,1.07820,15.18350,0.70320,0.42470
2018-12-31,6041.00000,4949.00000,1092.00000,922.00000,922.00000,170.00000,-38.00000,132.00000,32.00000,100.00000,100.00000,,100.00000,261.00000,170.00000,216.00000,218.00000,0.46000,0.46000,1.43500,0.50930,1.11920,18.07650,2.81410,2.81410,2.18510,1.65540,0.65760,3.86940,4.15760,21.64710,3.09690,-9.41620,1.08860,1.51980,14.88020,0.7569,0.4496
2018-09-30,6153.00000,5045.00000,1108.00000,929.00000,929.00000,179.00000,-39.00000,140.00000,26.00000,114.00000,114.00000,,114.00000,265.00000,179.00000,217.00000,218.00000,0.53000,0.52000,1.39110,0.52010,1.11560,18.00750,2.90920,2.90920,2.27530,1.85280,0.66350,3.87900,3.96880,22.67690,3.62280,-9.87740,1.22930,1.73860,14.48090,0.6101,0.3807
2018-06-30,6158.00000,5044.00000,1114.00000,909.00000,908.00000,206.00000,-45.00000,161.00000,35.00000,126.00000,126.00000,,126.00000,294.00000,206.00000,216.00000,218.00000,0.58000,0.58000,1.38720,0.53670,1.19180,18.09030,3.34520,3.34520,2.61450,2.04610,0.67410,4.17460,4.16010,21.63410,4.17220,-9.76160,1.37930,1.93320,13.91810,0.5418,0.2724
2018-03-31,5823.00000,4831.00000,992.00000,887.00000,889.00000,103.00000,-40.00000,63.00000,-4.00000,67.00000,67.00000,,67.00000,185.00000,103.00000,215.00000,217.00000,0.31000,0.31000,1.32140,0.55220,1.27570,17.03590,1.76880,1.76880,1.08190,1.15060,0.63470,4.00220,3.81760,23.57490,2.35430,-4.54180,0.73030,1.05420,13.17890,0.88480,0.62670
2017-12-31,5995.72800,4921.64600,1074.08100,882.31790,878.03900,196.04300,-58.07000,137.97200,-118.20300,256.17500,256.17500,,256.17500,281.92500,196.04300,223.00000,226.00000,1.16000,1.14000,1.40740,0.57010,1.36570,17.91410,3.26970,3.26970,2.30120,4.27260,0.66350,4.07420,4.28570,21.00000,9.31210,-16.21360,2.83470,4.00340,12.79540,1.072,0.9158
2017-09-30,6204.19400,5105.63200,1098.56200,908.64000,909.34200,189.21970,-42.40100,146.81900,51.26800,95.55100,95.55100,,95.55100,271.18770,189.21970,223.80800,225.86200,0.43000,0.42000,1.39530,0.56710,1.34880,17.70680,3.04990,3.04990,2.36640,1.54010,0.66300,3.91490,3.92820,22.91130,3.48070,-5.98740,1.02100,1.50670,12.23020,0.6175,0.375
2017-06-30,6158.65400,5104.60500,1054.04900,926.45100,927.15500,126.89360,-42.32300,84.57100,19.11300,65.45800,65.45800,,65.45800,234.00360,126.89360,222.75400,226.79100,0.29000,0.29000,1.36530,0.57910,1.41540,17.11490,2.06040,2.06040,1.37320,1.06290,0.66880,4.12940,4.04360,22.25750,2.48560,-3.88030,0.71090,1.04620,11.76700,1.0874,0.9255
2017-03-31,5788.42500,4797.11700,991.30760,913.59100,915.46400,75.84380,-41.20600,34.63800,7.82200,26.81600,26.81600,,26.81600,184.88380,75.84380,221.36400,226.32300,0.12000,0.12000,1.42880,0.59440,1.49730,17.12570,1.31030,1.31030,0.59840,0.46330,0.63070,4.00430,3.79650,23.70610,1.04160,-1.56170,0.29220,0.42250,11.59670,0.53730,0.23060
2016-12-31,5678.13000,4651.47300,1026.65800,891.66200,905.86400,120.79350,-44.60800,76.18700,-0.88300,77.07000,77.07000,,77.07000,228.29750,120.79490,200.13000,204.02500,0.44000,0.43000,1.41630,0.59350,1.49020,18.08090,2.12730,2.12740,1.34180,1.35730,0.63480,3.80320,4.26420,21.10580,3.03710,-4.38470,0.86170,1.23440,11.48630,0.7371,0.4352
2016-09-30,5840.96300,4808.42600,1032.53700,902.78400,917.44600,115.09080,-60.43900,54.65200,-78.35900,133.01100,133.01100,,133.01100,222.43780,115.09080,220.60900,225.05400,0.60000,0.59000,1.42330,0.60100,1.53660,17.67750,1.97040,1.97040,0.93570,2.27720,0.64130,3.94530,3.89180,23.12560,5.33460,-7.32370,1.46030,2.12830,11.30230,0.368,0.2549
2016-06-30,5806.75800,4772.72100,1034.03700,922.24000,935.60000,98.43700,-112.39400,-13.95700,-0.56500,-13.39200,-13.39200,,-13.39200,205.17700,98.43700,190.07700,190.07700,-0.07000,-0.07000,1.40490,0.61800,1.64880,17.80750,1.69520,1.69520,-0.24040,-0.23060,0.64550,4.03610,4.07410,22.09100,-0.57040,0.66950,-0.14890,-0.21790,10.64260,0.7842,0.6825
2016-03-31,5593.14900,4633.38100,959.76810,864.31400,875.09100,84.67730,-70.55900,14.11800,0.80700,13.31100,13.31100,,13.31100,189.08620,84.67730,169.12200,171.50000,0.08000,0.08000,1.44640,0.80230,4.11590,17.15970,1.51390,1.51390,0.25240,0.23800,0.61980,3.96660,3.93140,22.89270,1.08920,-0.42580,0.14750,0.21530,,0.80150,0.59770
2015-12-31,5935.00000,4856.88900,1078.11100,1026.13000,1026.13000,51.98100,-74.36000,-22.07000,-12.13000,-9.94000,-10.00000,0.00000,-10.00000,154.62200,51.98100,169.49300,169.49300,-0.06000,-0.06000,1.69760,0.71430,2.53300,35.22290,0.87580,0.87580,-0.37190,-0.16850,0.64240,4.36390,4.44430,20.25080,-0.53390,0.40320,-0.10820,-0.15250,11.23900,-0.1494,-0.4119
2015-09-30,5796.06600,4782.97100,1013.09500,910.74000,939.84400,73.25100,-69.92700,3.32400,-2.06300,5.38700,5.38700,,5.38700,176.59300,73.25100,169.59400,170.84200,0.03000,0.03000,,,,17.47900,1.26380,1.26380,0.05730,0.09290,,,,,,,,,,1.8754,1.7006
2015-06-30,5842.54700,4849.86200,992.68510,919.28700,970.72600,21.95900,217.51900,239.47800,74.51700,164.96100,164.96100,,164.96100,122.06200,21.95900,169.57500,170.84600,0.97000,0.97000,,,,16.99060,0.37580,0.37580,4.09890,2.82340,,,,,,,,,,0.9582,0.6448
2015-03-31,5553.63800,4624.57400,929.06400,885.57500,886.72900,42.33500,-70.91300,-28.57800,-35.69300,7.11500,7.11500,,7.11500,145.41900,42.33500,169.58000,170.95800,0.04000,0.04000,,,,16.72890,0.76230,0.76230,-0.51460,0.12810,,,,,,,,,,0.59480,0.26950
2014-12-31,,,,,,,,,,,,,,,,,,,0.00000,,,,,,,,,,,,,,,,,,0,0
2013-12-31,,,,,,,,,,,,,,,,,,,0.00000,,,,,,,,,,,,,,,,,,0,0
