Date,revenue,cost-goods-sold,gross-profit,research-development-expenses,selling-general-administrative-expenses,other-operating-income-expenses,operating-expenses,operating-income,total-non-operating-income-expense,pre-tax-income,total-provision-income-taxes,income-after-taxes,income-from-continuous-operations,income-from-discontinued-operations,net-income,ebitda,ebit,basic-shares-outstanding,shares-outstanding,eps-basic-net-earnings-per-share,eps-earnings-per-share-diluted,current-ratio,long-term-debt-capital,debt-equity-ratio,gross-margin,operating-margin,ebit-margin,pre-tax-profit-margin,net-profit-margin,asset-turnover,inventory-turnover,receiveable-turnover,days-sales-in-receivables,roe,return-on-tangible-equity,roa,roi,book-value-per-share,operating-cash-flow-per-share,free-cash-flow-per-share
2023-12-31,614.70000,71.00000,543.70000,151.40000,132.20000,,283.60000,260.10000,35.30000,295.40010,78.30000,217.10010,217.10010,,217.09990,273.80000,260.10000,46.80000,49.70000,4.60000,4.33000,4.41450,0.04770,0.11700,88.44970,42.31330,42.31330,48.05600,35.31800,0.08580,0.63510,2.20400,40.83460,3.62750,3.69810,3.02920,3.45440,127.22520,3.0322,1.4487
2023-09-30,609.40000,70.10000,539.30000,84.70000,127.60000,,212.30000,327.00000,24.80000,351.80000,84.20000,267.60000,267.60000,,267.60000,340.30000,327.00000,46.90000,49.70000,5.71000,5.38000,4.64840,0.08050,0.14010,88.49690,53.65930,53.65930,57.72890,43.91200,0.08680,0.67210,2.35650,38.19170,4.68480,4.72150,3.81000,4.30770,121.58320,6.9267,5.6118
2023-06-30,596.50000,64.10000,532.40000,89.00000,130.00000,,219.00000,313.40000,21.80000,335.20000,76.00000,259.20000,259.20000,,259.20000,326.30000,313.40000,46.90000,49.50000,5.53000,5.24000,8.67780,0.12880,0.14780,89.25400,52.53980,52.53980,56.19450,43.45350,0.08930,0.62050,2.18740,41.14500,4.79020,4.83000,3.87950,4.17320,115.34120,2.1627,1.258
2023-03-31,506.90000,52.30000,454.60000,82.90000,87.30000,,170.20000,284.40000,7.50000,291.90000,51.00000,240.90000,240.90000,,240.90000,297.70000,284.40000,46.30000,49.60000,5.20000,4.86000,9.83670,0.13510,0.15620,89.68240,56.10570,56.10570,57.58530,47.52420,0.07990,0.51020,3.76880,23.88050,4.70210,4.74330,3.79610,4.06710,109.70680,7.55650,6.72380
2022-12-31,491.50000,58.80000,432.70000,93.90000,163.20000,,257.10000,175.60010,3.20000,178.80000,46.70000,132.10000,132.10000,,132.10000,188.80010,175.60010,45.50000,48.50000,2.85000,2.65000,9.84940,0.14290,0.16680,88.03670,35.72740,35.72740,36.37840,26.87690,0.08130,0.57650,2.23000,40.35810,2.75400,2.77980,2.18550,2.36030,104.20360,2.7004,1.8775
2022-09-30,516.00000,37.20000,478.80000,66.10000,98.40000,,164.50000,314.30000,-1.80000,312.50000,73.20000,239.30000,239.30000,,239.30000,327.20000,314.30000,45.50000,48.70000,5.26000,4.91000,9.67520,0.14920,0.17540,92.79070,60.91090,60.91090,60.56200,46.37600,0.08920,0.40880,2.22700,40.41280,5.24530,5.29690,4.13900,4.46270,100.12950,5.2036,3.7987
2022-06-30,466.90000,29.70000,437.20000,93.90000,141.50000,,235.40000,201.80000,-51.20000,150.60000,34.60000,116.00000,116.00000,,116.00000,214.50000,201.80000,45.40000,48.10000,2.56000,2.41000,8.09740,0.15630,0.18530,93.63890,43.22120,43.22120,32.25530,24.84470,0.08420,0.33040,2.69260,33.42470,2.68620,2.71420,2.09260,2.26630,94.93080,2.59,2.2389
2022-03-31,461.90000,25.90000,436.00000,69.00000,79.00000,,148.00000,288.00000,20.70000,308.70000,68.80000,239.90000,239.90000,,239.90000,300.50000,288.00000,45.20000,47.70000,5.31000,5.03000,8.84010,0.16080,0.19160,94.39270,62.35120,62.35120,66.83270,51.93760,0.08620,0.29370,2.70910,33.22150,5.74430,5.80630,4.47590,4.82090,92.21850,6.05240,5.76940
2021-12-31,415.20000,34.60000,380.60000,82.90000,127.90000,,210.80000,169.80010,-29.30000,140.50000,28.30000,112.20000,112.20000,,112.20000,182.40010,169.80000,44.90000,47.30000,2.50000,2.38000,7.60840,0.16810,0.20210,91.66670,40.89600,40.89600,33.83910,27.02310,0.08030,0.36890,2.08960,43.07080,2.83410,2.86640,2.17060,2.35770,87.76490,3.7477,2.2485
2021-09-30,444.70000,27.70000,417.00000,79.20000,109.10000,,188.30000,228.70000,-24.30000,204.40000,41.70000,162.70000,162.70000,,162.70000,241.10000,228.70000,44.90000,47.60000,3.62000,3.42000,7.45590,0.17280,0.20890,93.77110,51.42790,51.42790,45.96360,36.58650,0.08810,0.28650,2.08980,43.06720,4.24840,4.29850,3.22250,3.51430,85.06470,3.8675,3.3815
2021-06-30,446.50000,37.20000,409.30000,74.30000,112.80000,,187.10000,222.20000,-5.70000,216.50000,43.90000,172.60000,172.60000,,172.60000,234.60000,222.20000,44.80000,47.30000,3.85000,3.65000,7.44350,0.18020,0.21980,91.66850,49.76480,49.76480,48.48820,38.65620,0.09220,0.41380,2.57500,34.95190,4.74240,4.80140,3.56250,3.88780,81.07420,3.0964,2.7561
2021-03-31,379.10000,23.00000,356.10000,303.70000,117.20000,,420.90000,-64.80000,97.30000,32.50000,4.20000,28.30000,28.30000,,28.30000,-52.30000,-64.80000,44.60000,46.40000,0.63000,0.61000,6.66100,0.18840,0.23220,93.93300,-17.09310,-17.09310,8.57290,7.46500,0.08170,0.24950,2.68670,33.49780,0.82140,0.83220,0.60980,0.66660,76.92510,1.93530,1.70690
2020-12-31,384.90010,34.80000,350.10010,126.10000,158.70000,,284.80000,65.30010,49.10000,114.40000,15.60000,98.80000,98.80000,,98.80000,78.40010,65.30010,44.20000,44.60000,2.22000,2.17000,6.70340,0.19070,0.23560,90.95870,16.96550,16.96550,29.72200,25.66900,0.08340,0.40230,2.44540,36.80440,2.91000,3.05210,2.14080,2.35510,76.28460,2.8296,2.5538
2020-09-30,380.10000,24.00000,356.10000,68.70000,66.30000,,135.00000,221.10000,-2.10000,219.00000,47.80000,171.20000,171.20000,,171.20000,232.90000,221.10000,44.40000,44.60000,3.86000,3.84000,7.21590,0.19590,0.24370,93.68590,58.16890,58.16890,57.61640,45.04080,0.08620,0.27300,2.49570,36.06160,5.21460,5.47860,3.88100,4.19290,73.87710,5.5874,5.2901
2020-06-30,362.00000,25.90000,336.10000,89.70000,105.90000,,195.60000,140.50000,-6.60000,133.90000,26.80000,107.10000,107.10000,,107.10000,153.10000,140.50000,44.10000,44.40000,2.43000,2.41000,7.42900,0.20550,0.25860,92.84530,38.81220,38.81220,36.98900,29.58560,0.08580,0.28870,2.10470,42.76240,3.46190,3.64840,2.53830,2.75060,69.74550,3.6608,3.2529
2020-03-31,356.30000,23.40000,332.90000,73.20000,93.00000,,166.20000,166.70000,4.90000,171.60000,33.90000,137.70000,137.70000,,137.70000,179.10000,166.70000,43.90000,44.10000,3.14000,3.12000,8.90640,0.21340,0.27130,93.43250,46.78640,46.78640,48.16170,38.64720,0.08850,0.25430,2.38170,37.78840,4.67020,4.93510,3.42040,3.67350,67.00830,4.86620,4.57140
2019-12-31,311.10010,28.80000,282.30010,113.60000,105.20000,,218.79990,63.50020,4.80000,68.30000,15.70000,52.60000,52.60000,,52.60000,76.00020,63.50020,43.80000,43.80000,1.23000,1.26000,4.02700,0.17750,0.30570,90.74250,20.41150,20.41150,21.95440,16.90780,0.07950,0.30840,2.05480,43.79940,1.89180,2.00600,1.34410,1.55600,63.35650,2.3081,1.738
2019-09-30,401.50000,33.00000,368.50000,85.70000,99.40000,,185.10000,183.40000,-16.50000,166.90000,34.50000,132.40000,132.40000,,132.40000,196.10000,183.40000,43.90000,44.00000,3.02000,3.01000,4.11450,0.21640,0.36820,91.78080,45.67870,45.67870,41.56910,32.97630,0.10040,0.35070,2.18680,41.15570,4.87520,5.17710,3.31030,3.82020,61.89010,4.2136,3.9046
2019-06-30,373.60000,26.70000,346.90000,85.90000,39.60000,,125.50000,221.40000,29.00000,250.40000,45.30000,205.10000,205.10000,,205.10000,231.80000,221.40000,43.80000,44.00000,4.68000,4.66000,4.61660,0.23820,0.41040,92.85330,59.26120,59.26120,67.02360,54.89830,0.09580,0.27550,2.06410,43.60280,8.01670,8.55830,5.26050,6.10710,58.34700,3.1184,2.6609
2019-03-31,362.60000,29.10000,333.50000,897.40000,92.00000,,989.40000,-655.90000,5.30000,-650.60000,-156.00000,-494.60000,-494.60000,,-494.60000,-645.60000,-655.90000,43.70000,43.70000,-11.32000,-11.32000,7.19440,0.31170,0.45280,91.97460,-180.88800,-180.88800,-179.42640,-136.40370,0.09730,0.30250,2.26910,39.66350,-21.32820,-23.02390,-13.27180,-14.68090,52.93800,-14.35700,-14.93140
2018-12-31,381.40010,31.90000,349.50010,138.80000,79.20000,,217.99990,131.50020,-39.60000,91.90010,26.60000,65.30000,65.30000,,65.30000,142.00020,131.50000,43.50000,44.00000,1.44000,1.42000,6.39190,0.08230,0.08970,91.63610,34.47830,34.47820,24.09550,17.12110,0.11210,0.31580,2.17070,41.46040,2.34170,2.49450,1.92000,2.14900,63.97630,1.9409,0.7636
2018-09-30,412.70000,51.90000,360.80000,101.10000,110.10000,,211.20000,149.60000,-9.50000,140.10000,33.60000,106.50000,106.50000,,106.50000,159.00000,149.60000,43.60000,44.00000,2.44000,2.42000,4.31980,0.08500,0.09280,87.42430,36.24910,36.24910,33.94720,25.80570,0.12100,0.51390,1.91780,46.93000,3.95500,4.21770,3.12120,3.61900,61.78130,5.2546,4.3401
2018-06-30,444.50000,61.70000,382.80000,82.30000,83.10000,,165.40000,217.40000,0.50000,217.90000,45.00000,172.90000,172.90000,,172.90000,225.50000,217.40000,43.10000,43.40000,4.01000,3.98000,4.64060,0.08880,0.09740,86.11920,48.90890,48.90890,49.02140,38.89760,0.13700,0.60080,1.76880,50.88190,6.73920,6.86110,5.32840,6.14080,58.89540,4.2152,2.9726
2018-03-31,389.20000,53.20000,336.00000,35.70000,-6.60000,,29.10000,306.90000,2.10000,309.00000,64.50000,244.50000,244.50000,,244.50000,314.80000,306.90000,43.30000,43.90000,5.65000,5.57000,5.13070,0.09540,0.10550,86.33090,78.85410,78.85410,79.39360,62.82120,0.12890,0.52410,1.84370,48.81550,10.31910,10.52160,8.09550,9.33420,54.54920,6.28020,5.42370
2017-12-31,464.70010,53.00000,411.70010,113.60000,159.10000,,272.70000,139.00010,2.00000,141.00000,122.00000,19.00000,19.00000,,19.00000,146.70010,139.00000,44.00000,44.90000,0.37000,0.40000,3.25590,0.10630,0.11890,88.59480,29.91180,29.91180,30.34210,4.08870,0.16140,0.49120,1.56410,57.54030,0.90400,0.92400,0.65990,0.80790,48.60780,-2.1371,-2.736
2017-09-30,445.50000,19.50000,426.00000,55.00000,47.20000,,102.20000,323.80000,-3.10000,320.70000,44.40000,276.30000,276.30000,,276.30000,331.50000,323.80000,43.40000,44.10000,6.37000,6.27000,2.07650,,0.12080,95.62290,72.68240,72.68240,71.98650,62.02020,0.15170,0.17050,1.76930,50.86870,13.34850,13.64980,9.41080,13.34850,47.90660,5.9835,5.6581
2017-06-30,444.60000,18.90000,425.70000,59.80000,67.40000,-210.00000,337.20000,88.50000,-44.30000,44.20000,100.20000,-56.00000,-56.00000,,-56.00000,96.20000,88.50000,44.90000,44.90000,-1.25000,-1.25000,1.86420,,0.14080,95.74900,19.90550,19.90550,9.94150,-12.59560,0.16520,0.16560,1.62320,55.44530,-3.15300,-3.23640,-2.08060,-3.15300,40.89010,1.6866,1.2135
2017-03-31,370.50000,14.30000,356.20000,36.20000,56.40000,,92.60000,263.60000,,263.60000,85.00000,178.60000,178.60000,,178.60000,271.50000,263.60000,44.50000,45.90000,4.01000,3.89000,3.51670,,,96.14040,71.14710,71.14710,71.14710,48.20510,0.14470,0.13380,1.97070,45.66800,8.64770,8.79070,6.97300,8.64770,45.84160,5.02830,4.68850
2016-12-31,409.00010,28.40000,380.60010,66.90000,139.50000,,206.40000,174.20010,-2.70000,171.50000,61.20000,110.30000,110.30000,,110.30000,182.00020,174.20010,43.80000,46.80000,2.70000,2.52000,4.28510,,,93.05620,42.59170,42.59170,41.93150,26.96820,0.17590,0.28400,1.90680,47.20050,5.95800,6.06880,4.74290,5.95800,43.08760,3.3582,3.0506
2016-09-30,408.20000,23.60000,384.60000,45.90000,100.10000,,146.00000,238.60000,0.50000,239.10000,77.30000,161.80000,161.80000,,161.80000,246.80000,238.60000,43.20000,46.20000,3.75000,3.50000,4.40560,,,94.21850,58.45170,58.45170,58.57420,39.63740,0.17990,0.25540,1.81750,49.51980,8.79970,8.96550,7.13030,8.79970,43.09930,5.0314,4.8299
2016-06-30,412.60000,20.00000,392.60000,35.20000,72.20000,0.00000,107.40000,285.20000,0.50000,285.70000,79.60000,206.10000,206.10000,,206.10000,293.10000,285.20000,44.30000,46.90000,4.65000,4.39000,4.49860,,0.00050,95.15270,69.12260,69.12260,69.24380,49.95150,0.18740,0.22450,1.73290,51.93650,11.41070,11.63030,9.36180,11.41070,41.30060,2.7793,2.5546
2016-03-31,369.00000,0.70000,368.30000,-0.40000,5.00000,,4.60000,363.70000,0.20000,363.90000,128.40000,235.50000,235.50000,,235.50000,371.40000,363.70000,45.40000,48.70000,5.19000,4.84000,3.63930,,0.00320,99.81030,98.56370,98.56370,98.61790,63.82110,0.16830,0.00800,1.89430,47.51220,13.75750,14.03880,10.74310,13.75750,38.13830,2.58320,2.50510
2015-12-31,404.90010,25.30000,379.60010,75.90000,148.70000,,224.60010,155.00000,1.00000,156.00000,51.40000,104.60000,104.60000,,104.60000,162.90000,155.00000,46.00000,51.20000,2.18000,1.93000,2.89380,,,93.75150,38.28110,38.28100,38.52800,25.83350,0.18540,0.31120,2.10010,42.85500,6.58440,6.70430,4.78850,6.58440,34.71520,0.3591,-0.2491
2015-09-30,386.20000,6.90000,379.30000,9.60000,-17.30000,,-7.70000,387.00000,349.80000,736.80000,272.40000,464.40000,464.40000,,464.40000,388.80000,387.00000,45.50000,50.20000,10.20000,9.24000,2.20430,,0.02050,98.21340,100.20710,100.20710,190.78200,120.24860,0.17890,0.08530,2.14980,41.86380,31.65920,32.28730,21.50760,31.65920,32.18020,4.2254,4.0112
2015-06-30,347.20000,16.00000,331.20000,49.40000,110.00000,,159.40000,171.80000,-3.40000,168.40000,69.20000,99.20000,99.20000,,99.20000,183.70000,171.80000,46.10000,51.90000,2.15000,1.91000,1.52840,,0.03100,95.39170,49.48160,49.48160,48.50230,28.57140,0.19990,0.20710,2.05180,43.86310,9.53410,9.80560,5.71160,9.53410,22.77100,0.5559,0.4913
2015-03-31,327.50000,20.80000,306.70000,110.20000,211.30000,,321.50000,-14.80000,-2.00000,-16.80000,-0.20000,-16.60000,-16.60000,,-16.60000,-3.50000,-14.80000,46.70000,46.70000,-0.36000,-0.36000,1.53710,,0.10560,93.64890,-4.51910,-4.51910,-5.12980,-5.06870,0.17290,0.28700,2.09730,42.91230,-1.52070,-1.56240,-0.87620,-1.52070,23.54160,2.33620,2.25050
2014-12-31,346.34500,15.78800,330.55700,71.43400,80.54700,,151.98100,178.57600,-3.79200,174.78400,58.82300,115.96100,115.96100,,115.96100,173.30000,178.57600,48.20000,54.20000,2.51000,2.28000,1.89880,,0.10180,95.44150,51.56020,51.56020,50.46530,33.48140,0.18380,0.23590,2.13420,42.17130,9.33400,9.56070,6.15370,9.33400,26.37250,0.9598,1.04
2014-09-30,329.95000,40.80300,289.14700,118.87600,202.50700,,321.38300,-32.23600,-3.59700,-35.83300,-10.59600,-25.23700,-25.23700,,-25.23700,-19.48600,-32.23600,47.29700,47.29700,-0.53000,-0.53000,1.41790,,0.24680,87.63360,-9.77000,-9.77000,-10.86010,-7.64870,0.15920,0.64090,2.35840,38.16110,-2.13800,-2.16460,-1.21800,-2.13800,24.88360,4.5418,4.1788
2014-06-30,322.80200,38.70900,284.09300,39.74200,68.03100,,107.77300,176.32000,-3.28700,173.03300,61.18100,111.85200,111.85200,,111.85200,188.61200,176.32000,47.61700,53.25200,2.35000,2.10000,1.33760,,0.30950,88.00850,54.62170,54.62170,53.60350,34.65030,0.16530,0.66700,1.51620,59.35890,9.52820,9.65430,5.72760,9.52820,24.85510,-0.8982,-1.1604
2014-03-31,289.40300,30.60000,258.80300,12.44800,30.21500,,42.66300,216.14000,-2.92400,213.21600,75.69200,137.52400,137.52400,,137.52400,228.57400,216.14000,50.40200,56.65700,2.73000,2.43000,1.50370,,0.21690,89.42650,74.68480,74.68480,73.67440,47.51990,0.13680,0.59170,2.19630,40.97880,10.45380,10.56410,6.50250,10.45380,26.49160,1.95200,1.62240
2013-12-31,289.01710,38.77800,250.23910,121.55200,157.17800,,278.73000,-28.49090,-3.13900,-31.63000,-1.31600,-30.31400,-30.31400,,-30.31400,-16.11390,-28.49100,50.07600,53.23100,-0.60000,-0.60000,1.32970,,0.22430,86.58280,-9.85790,-9.85790,-10.94400,-10.48870,0.13840,0.81200,2.28840,39.32890,-2.40730,-2.43450,-1.45210,-2.40730,24.99160,2.013,1.758
2013-09-30,302.22500,30.71600,271.50900,72.74900,94.11100,,166.86000,104.64900,-3.47000,101.17900,38.49400,62.68500,62.68500,,62.68500,116.51000,104.64900,50.01400,53.68800,1.25000,1.17000,1.98920,,0.16900,89.83670,34.62620,34.62620,33.47800,20.74120,0.15680,0.61910,2.31340,38.90410,4.97420,5.03260,3.25190,4.97420,25.11510,2.5278,2.3558
2013-06-30,280.60600,32.32000,248.28600,54.61700,71.36500,,125.98200,122.30400,-3.78500,118.51900,38.65500,79.86400,79.86400,,79.86400,134.17300,122.30400,49.80000,52.64800,1.60000,1.52000,2.19200,,0.18030,88.48210,43.58570,43.58570,42.23680,28.46130,0.15790,0.72280,2.13280,42.19740,6.85280,6.94180,4.49260,6.85280,23.38280,1.583,1.4915
2013-03-31,245.13600,29.31300,215.82300,50.43000,71.35600,,121.78600,94.03700,-3.20200,90.83500,28.51000,62.32500,62.32500,,62.32500,106.29100,94.03700,50.20900,52.37600,1.24000,1.19000,4.78230,0.15270,0.18020,88.04210,38.36120,38.36120,37.05490,25.42470,0.14440,0.73760,2.41880,37.20890,5.41620,5.49100,3.67190,4.58920,22.90190,1.86530,1.78430
2012-12-31,243.81700,37.66500,206.15200,37.47600,40.07300,,77.54900,128.60300,-3.65100,124.95200,41.69700,83.25500,83.25500,,83.25500,139.35600,128.60300,52.09300,53.28000,1.63000,1.62000,3.78190,0.20240,0.25490,84.55200,52.74570,52.74570,51.24830,34.14650,0.14990,1.01100,2.09060,43.05010,7.68050,7.79850,5.11840,6.12620,21.60790,1.9984,1.5896
2012-09-30,242.46800,27.96800,214.50000,65.15500,68.62600,,133.78100,80.71900,27.77400,108.49300,30.38200,78.11100,78.11100,,78.11100,91.60100,80.71900,51.51400,53.59000,1.52000,1.46000,3.15530,0.15990,0.19040,88.46530,33.29060,33.29060,44.74530,32.21500,0.14720,0.59700,2.22550,40.44000,7.36320,7.48070,4.74120,6.18550,20.73450,1.7589,1.6232
2012-06-30,225.57700,29.63300,195.94400,37.09900,53.25800,,90.35700,105.58700,-2.29700,103.29000,30.97400,72.31600,72.31600,,72.31600,116.05900,105.58700,52.74700,53.94200,1.37000,1.34000,3.04060,0.16490,0.19740,86.86350,46.80750,46.80750,45.78930,32.05820,0.14490,0.63550,2.28820,39.33270,7.16280,7.28600,4.64640,5.98180,19.52610,1.6335,0.81
2012-03-31,204.21400,24.03100,180.18300,33.65700,39.78900,,73.44600,106.73700,-2.80100,103.93600,33.17600,70.76000,70.76000,,70.76000,117.44300,106.73700,53.63100,55.00900,1.32000,1.29000,3.26940,0.20740,0.26170,88.23240,52.26720,52.26720,50.89560,34.64990,0.13080,0.52520,2.29070,39.28970,6.90580,7.07790,4.53170,5.47330,19.08700,0.68330,-0.04900
2011-12-31,195.17800,25.32700,169.85100,48.63500,57.70700,,106.34200,63.50900,-4.32500,59.18400,16.06400,43.12000,43.12000,0.06900,43.18900,75.18700,63.50900,57.16300,59.39500,0.81000,0.85000,2.64590,0.21880,0.28010,87.02360,32.53900,32.53900,30.32310,22.12800,0.12860,0.55080,2.20090,40.89190,4.54620,4.65460,2.84040,3.55150,17.69240,0.9684,0.9627
2011-09-30,201.74200,22.67600,179.06600,59.43300,16.65600,,76.08900,102.97700,-4.72100,98.25600,17.64100,80.61500,80.61500,3.78300,84.39800,113.56400,102.97700,58.32100,61.21000,1.45000,1.38000,1.99110,0.05970,0.29260,88.75990,51.04390,51.04390,48.70380,41.83460,0.12100,0.49510,2.30850,38.98590,7.43020,7.56550,4.83580,6.98630,18.59930,1.3655,1.0664
2011-06-30,183.75100,21.16200,162.58900,24.24000,23.85600,,48.09600,114.49300,-4.87900,109.61400,35.72300,73.89100,73.89100,,73.89100,125.15100,114.49300,58.18000,62.75600,1.27000,1.18000,1.93480,0.06430,0.31250,88.48330,62.30880,62.30880,59.65360,40.21260,0.11640,0.51290,2.22660,40.42120,7.37180,7.44420,4.68040,6.89750,17.18870,1.0266,0.8268
2011-03-31,162.51200,19.73900,142.77300,47.70700,58.26300,,105.97000,36.80300,-4.74000,32.06300,12.44600,19.61700,19.61700,-3.22700,16.39000,48.24800,36.80300,57.75300,62.62300,0.28000,0.26000,1.83470,0.06940,0.33430,87.85380,22.64630,22.64630,19.72960,10.08540,0.10940,0.51840,2.48430,36.22720,2.12260,2.14580,1.32070,1.97530,15.93710,0.85190,0.75080
2010-12-31,160.72300,17.37200,143.35100,61.51100,66.48200,,127.99300,15.35800,-4.54200,10.81600,-3.36900,14.18500,14.18500,-4.64100,9.54400,24.52500,15.35800,56.14200,59.51600,0.17000,0.18000,1.78330,0.07230,0.34500,89.19140,9.55560,9.55560,6.72960,5.93820,0.11230,0.48910,2.18060,41.27370,1.60480,1.62300,0.99080,1.48870,15.35700,0.6932,0.5992
2010-09-30,168.57500,20.15500,148.42000,40.33700,45.59300,,85.93000,62.49000,-4.14700,58.34300,18.21700,40.12600,40.12600,-0.39000,39.73600,72.35400,62.49000,56.53600,60.21600,0.70000,0.66000,1.50580,,0.31290,88.04390,37.06960,37.06960,34.60950,23.57170,0.13140,0.60300,2.23070,40.34530,4.77280,4.86930,3.12800,4.77280,14.80730,1.711,1.6428
2010-06-30,134.72100,15.26100,119.46000,28.58700,29.65400,,58.24100,61.21900,-3.90800,57.31100,19.34500,37.96600,37.96600,-0.25900,37.70700,70.47200,61.21900,56.04700,60.39300,0.67000,0.62000,1.41170,,0.33090,88.67210,45.44130,45.44130,42.54050,27.98900,0.11340,0.50460,1.61320,55.79130,4.85310,4.95500,3.19670,4.85310,13.87210,0.5799,0.5349
2010-03-31,128.88000,14.88600,113.99400,34.87100,46.87700,,81.74800,32.24600,-3.56500,28.68100,9.75200,18.92900,18.92900,,18.92900,41.29500,32.24600,54.76900,60.01900,0.35000,0.32000,1.21190,0.04030,0.34970,88.44970,25.02020,25.02020,22.25400,14.68730,0.11440,0.57660,2.02930,44.35060,2.59930,2.66270,1.68000,2.49440,13.08690,0.57010,0.46410
2009-12-31,97.95500,9.03600,88.91900,39.21200,52.13300,,91.34500,-2.42600,-2.45000,-4.87600,-1.40400,-3.47200,-3.47200,,-3.32800,6.74300,-2.42600,53.31400,56.13300,-0.06000,-0.06000,0.98280,0.04440,0.38380,90.77540,-2.47660,-2.47660,-4.97780,-3.39750,0.09320,0.34280,1.93490,46.51460,-0.53170,-0.54710,-0.33020,-0.50810,12.04350,0.5033,0.0855
2009-09-30,97.21500,12.75500,84.46000,31.55100,41.17200,,72.72300,11.73700,-2.69100,9.04600,-2.89100,11.93700,11.93700,,11.93700,18.65700,11.73700,53.45500,57.65300,0.22000,0.21000,1.07020,0.04490,0.38560,86.87960,12.07320,12.07320,9.30510,12.27900,0.09680,0.51400,1.98530,45.33380,1.86640,1.92490,1.18810,1.78270,11.88750,0.1896,-0.1515
2009-06-30,83.98000,10.08400,73.89600,28.64600,49.37100,,78.01700,-4.12100,-1.42200,-5.54300,-3.19900,-2.34400,-2.34400,,-2.34400,2.29200,-4.12100,52.98200,52.98200,-0.04000,-0.04000,3.77710,0.28630,0.40110,87.99240,-4.90710,-4.90710,-6.60040,-2.79110,0.08820,0.61100,2.24560,40.07880,-0.38750,-0.39250,-0.24630,-0.27650,11.38210,1.0093,0.4604
2009-03-31,79.73000,8.98600,70.74400,20.95900,29.21800,,50.17700,20.56700,-0.57100,19.99600,6.79900,13.19700,13.19700,,13.19700,26.72400,20.56700,52.88000,54.30400,0.25000,0.24000,4.47380,0.29260,0.41360,88.72950,25.79580,25.79580,25.07960,16.55210,0.08830,0.59490,1.53310,58.70600,2.28610,2.31740,1.46180,1.61720,10.91190,0.07430,-0.31740
