Date,revenue,cost-goods-sold,gross-profit,selling-general-administrative-expenses,operating-expenses,operating-income,pre-tax-income,total-provision-income-taxes,income-after-taxes,income-from-continuous-operations,net-income,basic-shares-outstanding,shares-outstanding,eps-basic-net-earnings-per-share,eps-earnings-per-share-diluted,debt-equity-ratio,pre-tax-profit-margin,net-profit-margin,asset-turnover,roe,return-on-tangible-equity,roa,roi,book-value-per-share,operating-cash-flow-per-share,free-cash-flow-per-share
2024-04-30,54.13420,33.14320,20.99100,8.98600,8.98610,12.00500,12.00500,3.29360,8.71130,8.71130,8.52940,25.96400,25.96400,0.33140,0.33140,0.25270,57.22310,40.65650,0.00650,2.95620,2.95620,0.26950,2.95620,11.34940,1.4385,1.4307
2024-01-31,52.97270,31.62000,21.35260,8.80500,8.80500,12.54770,12.54770,3.14910,9.39850,9.39850,9.21570,25.96400,25.96400,0.35500,0.35500,0.26570,58.50650,42.97050,0.00670,3.26420,3.26420,0.29470,3.26420,11.08940,-0.51630,-0.97240
2023-10-31,50.00990,28.91780,21.09210,8.82640,8.82640,12.26570,12.26570,3.21690,9.04870,9.04870,8.87060,26.27400,26.27400,0.34090,0.34090,0.28330,57.76730,41.77750,0.00680,3.23600,3.23600,0.29050,3.23600,10.76970,2.0139,2.0138
2023-07-31,46.47080,26.34540,20.12550,9.77840,9.77840,10.34710,10.34710,2.85180,7.49520,7.49520,7.31020,25.95800,25.95800,0.28470,0.28470,0.27830,51.74240,36.55580,0.00670,2.74020,2.74020,0.25130,2.74020,10.55110,-3.8081,-3.8085
2023-04-30,41.88690,21.80910,20.07780,9.75340,9.75330,10.32440,10.32440,2.60260,7.72190,7.72190,7.53600,26.17100,26.17100,0.28590,0.28590,0.29320,51.88290,37.87050,0.00710,2.87870,2.87870,0.27520,2.87870,10.31550,0.9991,0.99
2023-01-31,38.02480,18.77810,19.24670,9.44590,9.44590,9.80080,9.80080,2.80780,6.99310,6.99310,6.80960,27.02500,27.02500,0.25250,0.25250,0.29260,51.69000,35.91430,0.00720,2.68160,2.68160,0.26660,2.68160,9.86960,3.46780,3.46720
2022-10-31,33.35800,15.00260,18.35540,10.56400,10.56400,7.79140,7.79140,2.93480,4.85660,4.85660,4.67120,27.42500,27.42500,0.17100,0.17100,0.29930,42.81640,25.66990,0.00720,1.78310,1.78310,0.19150,1.78310,9.99670,0.3751,0.3798
2022-07-31,27.47710,10.97020,16.50700,10.40050,10.40050,6.10650,6.10650,1.66090,4.44560,4.44560,4.25360,27.44100,27.44100,0.15500,0.15500,0.28470,37.28470,25.97160,0.00690,1.65010,1.65010,0.18600,1.65010,9.81800,0.7726,0.7571
2022-04-30,21.50950,6.79530,14.71420,9.35280,9.35280,5.36140,5.36140,1.45840,3.90300,3.90300,3.70800,27.44100,27.44100,0.13500,0.13500,0.28820,36.59000,25.30580,0.00690,1.44780,1.44780,0.18360,1.44780,9.82400,1.1739,1.1692
2022-01-31,20.60150,6.18420,14.41740,8.39660,8.39650,6.02080,6.02080,1.62750,4.39320,4.39320,4.19830,27.44100,27.44100,0.15300,0.15300,0.29000,41.76520,29.12290,0.00760,1.65190,1.65190,0.23040,1.65190,9.69190,-3.24640,-3.24730
2021-10-31,20.67490,6.17410,14.50080,8.02980,8.02970,6.47110,6.47110,1.77220,4.69880,4.69880,4.49690,21.75300,21.75300,0.19000,0.19000,0.28690,43.95040,30.54240,0.00770,1.77900,1.77900,0.24460,1.77900,9.62520,-3.5658,-3.5637
2021-07-31,19.18570,6.39170,12.79400,6.74800,6.74800,6.04600,6.04600,1.62440,4.42160,4.42160,4.22070,21.12400,21.12400,0.20000,0.20000,0.37960,47.54690,33.19260,0.00680,2.15690,2.15690,0.23780,2.15690,9.70470,0.9958,0.9957
2021-04-30,17.90430,5.20980,12.69460,6.38300,6.38300,6.31150,6.31150,1.74560,4.56590,4.56590,4.13510,21.12400,21.12400,0.19600,0.19600,0.38160,48.76550,31.94940,0.00760,2.32210,2.32210,0.26840,2.32210,9.30840,-0.4152,-0.4153
2021-01-31,17.54050,5.55140,11.98910,6.33110,6.33120,5.65790,5.65790,1.54550,4.11240,4.11240,3.69110,21.12400,21.12400,0.17500,0.17500,0.01880,47.36740,30.90140,0.00750,2.03850,2.03850,0.25870,2.03850,9.55030,-0.97450,-0.97690
2020-10-31,15.96710,5.57360,10.39350,5.44260,5.44260,4.95090,4.95090,1.36080,3.59010,3.59010,3.17960,21.12400,21.12400,0.15200,0.15200,0.05340,45.77690,29.39920,0.00750,1.89040,1.89040,0.24830,1.89040,8.99020,-3.1956,-3.196
2020-07-31,14.76370,5.69770,9.06600,4.65740,4.65740,4.40860,4.40860,1.21230,3.19640,3.19640,2.79980,21.12400,21.12400,0.13300,0.13300,0.05540,48.45610,30.77360,0.00640,1.73640,1.73640,0.22630,1.73640,8.71420,0.5663,0.5684
2020-04-30,16.49850,5.96930,10.52920,5.37110,5.37110,5.15810,5.15810,1.41530,3.74280,3.74280,3.34880,21.12400,21.12400,0.16000,0.16000,0.05600,50.70380,32.91890,0.00710,2.07360,2.07360,0.26190,2.07360,8.54470,8.0177,8.0086
2020-01-31,16.86070,6.54110,10.31960,4.93640,4.93640,5.38320,5.38320,1.47710,3.90610,3.90610,3.49430,21.12400,21.12400,0.16500,0.16500,0.15670,51.37780,33.35030,0.00740,2.10490,2.10490,0.27720,2.10490,8.78470,-0.47240,-0.47370
2019-10-31,16.80390,6.50350,10.30040,4.67860,4.67860,5.62170,5.62170,1.53930,4.08240,4.08240,3.66610,21.12400,21.12400,0.17300,0.17300,0.15930,54.65430,35.64150,0.00770,2.25920,2.25920,0.30390,2.25920,8.55420,1.1477,1.1457
2019-07-31,17.29710,6.69920,10.59790,5.45100,5.45100,5.14690,5.14690,1.41070,3.73610,3.73610,3.32210,21.12400,21.12400,0.15700,0.15700,0.16290,49.91600,32.21870,0.00770,2.10540,2.10540,0.27930,2.10540,8.40080,-0.4419,-0.4446
2019-04-30,15.85520,6.28990,9.56530,4.50240,4.50240,5.06290,5.06290,1.38900,3.67400,3.67400,3.26120,21.12400,21.12400,0.15400,0.15400,0.16490,51.27680,33.02930,0.00730,2.11270,2.11270,0.27260,2.11270,8.23220,1.1805,1.1822
2019-01-31,16.50110,6.39610,10.10500,5.00410,5.00410,5.10090,5.10090,1.39800,3.70290,3.70290,3.29000,21.12400,21.12400,0.15600,0.15600,0.19040,49.41810,31.87370,0.00790,2.16590,2.16590,0.28240,2.16590,8.09340,-1.18180,-1.18740
