Date,revenue,cost-goods-sold,gross-profit,research-development-expenses,selling-general-administrative-expenses,operating-expenses,operating-income,total-non-operating-income-expense,pre-tax-income,total-provision-income-taxes,income-after-taxes,income-from-continuous-operations,net-income,ebitda,ebit,basic-shares-outstanding,shares-outstanding,eps-basic-net-earnings-per-share,eps-earnings-per-share-diluted,current-ratio,gross-margin,operating-margin,ebit-margin,pre-tax-profit-margin,net-profit-margin,asset-turnover,receiveable-turnover,days-sales-in-receivables,roe,return-on-tangible-equity,roa,roi,book-value-per-share,operating-cash-flow-per-share,free-cash-flow-per-share
2023-10-31,616.50500,167.68200,448.82300,161.27800,159.05600,320.33400,128.48900,42.18700,170.67600,35.51800,135.15800,135.15800,135.15800,131.88000,128.48900,160.76800,163.76100,0.84000,0.83000,5.64370,72.80120,20.84150,20.84150,27.68450,21.92330,0.11800,2.05270,43.84510,3.08600,3.49070,2.58640,3.08600,27.20930,0.4906,0.4548
2023-07-31,590.22500,169.01800,421.20700,157.22800,159.93000,317.15800,104.04900,38.82600,142.87500,31.24700,111.62800,111.62800,111.62800,109.00890,104.04900,160.39600,163.28400,0.70000,0.68000,4.35320,71.36380,17.62870,17.62870,24.20690,18.91280,0.11290,1.41670,63.52600,2.68810,3.06680,2.13510,2.68810,25.85340,1.6086,1.55
2023-04-30,526.32500,166.66300,359.66200,146.96000,151.17200,298.13200,61.53000,30.24800,91.77800,-39.74300,131.52100,131.52100,131.52100,70.72400,61.53000,159.85200,162.52100,0.82000,0.81000,4.16190,68.33460,11.69050,11.69050,17.43750,24.98860,0.10480,1.16700,77.12140,3.33550,3.83950,2.61820,3.33550,24.61340,3.11310,3.09480
2023-01-31,563.38900,164.31400,399.07500,142.53800,147.61400,290.15210,108.92290,26.44000,135.36300,-53.17000,188.53300,188.53300,188.53300,118.98280,108.92290,155.38500,162.43700,1.21000,1.15000,3.94250,70.83470,19.33350,19.33350,24.02660,33.46410,0.11730,0.71750,125.43840,5.07320,5.90290,3.92430,5.07320,23.48420,0.3865,0.3625
2022-10-31,552.35100,153.90700,398.44400,130.25700,146.78300,277.04000,121.40400,12.45800,133.86200,25.40500,108.45700,108.45700,108.45700,132.37400,121.40400,155.39200,162.29500,0.70000,0.67000,4.90600,72.13600,21.97950,21.97950,24.23500,19.63550,0.13210,1.69980,52.94630,3.17240,3.75080,2.59300,3.17240,21.96720,0.8754,0.8409
2022-07-31,534.21800,151.66900,382.54900,134.00800,147.44900,281.45700,101.09200,8.39800,109.49000,18.88900,90.60100,90.60100,90.60100,113.54900,101.09200,154.95100,162.13200,0.58000,0.56000,4.19840,71.60920,18.92340,18.92340,20.49540,16.95960,0.12980,1.36630,65.87150,2.79290,3.34100,2.20090,2.79290,20.89830,0.5723,0.562
2022-04-30,505.10200,139.51500,365.58700,113.47500,124.44000,237.91500,127.67200,2.70900,130.38100,30.26600,100.11500,100.11500,100.11500,141.77900,127.67200,154.51400,161.92800,0.65000,0.62000,3.72680,72.37890,25.27650,25.27650,25.81280,19.82080,0.12590,1.28970,69.78460,3.26290,3.95520,2.49590,3.26290,19.82120,2.97060,2.95620
2022-01-31,485.49900,135.88100,349.61800,105.27500,124.62500,229.89990,119.71810,-0.23900,119.47900,22.38300,97.09600,97.09600,97.09600,134.78810,119.71800,153.25100,162.27700,0.63000,0.60000,3.69560,72.01210,24.65880,24.65880,24.60950,19.99920,0.12720,0.69920,128.72530,3.33480,4.09720,2.54410,3.33480,18.88260,0.3535,0.329
2021-10-31,476.11100,129.56400,346.54700,98.63500,115.20400,213.83900,132.70800,0.82400,133.53200,27.66300,105.86900,105.86900,105.86900,147.77800,132.70800,153.51400,163.03400,0.69000,0.65000,4.95410,72.78700,27.87330,27.87330,28.04640,22.23620,0.14140,1.70640,52.74280,3.82290,4.74850,3.14390,3.82290,18.02130,0.6868,0.6727
2021-07-31,455.59400,122.09700,333.49700,94.89900,113.97400,208.87300,124.62400,1.66600,126.29000,17.43200,108.85800,108.85800,108.85800,139.72100,124.62400,153.09000,162.76500,0.71000,0.67000,3.97050,73.20050,27.35420,27.35420,27.71990,23.89360,0.13590,1.36110,66.12180,4.15470,5.24470,3.24820,4.15470,17.08480,0.7215,0.6889
2021-04-30,433.57300,116.13600,317.43700,83.22600,105.76500,188.99100,128.44600,4.56400,133.01000,17.44300,115.56700,115.56700,115.56700,142.97100,128.44600,152.44400,162.21300,0.76000,0.71000,3.51640,73.21420,29.62500,29.62500,30.67770,26.65460,0.13460,1.38220,65.11580,4.72670,6.08640,3.58660,4.72670,16.00120,2.94910,2.93270
2021-01-31,396.76100,113.84700,282.91400,81.93800,102.13300,184.07100,98.84290,6.44900,105.29200,2.37400,102.91800,102.91800,102.91800,112.27590,98.84290,150.66600,160.73200,0.68000,0.64000,3.22760,71.30590,24.91250,24.91250,26.53790,25.93960,0.13030,0.64870,138.73180,4.54120,5.99860,3.37870,4.54120,14.90440,0.4434,0.4417
2020-10-31,377.51900,102.99700,274.52200,79.99200,93.22500,173.21700,101.30500,3.45500,104.76000,7.80100,96.95900,96.95900,96.95900,115.38300,101.30500,150.99300,161.71100,0.64000,0.60000,4.43950,72.71740,26.83440,26.83440,27.74960,25.68320,0.14610,1.59510,56.42180,4.60310,6.25060,3.75280,4.60310,13.92340,0.577,0.5567
2020-07-31,353.68300,97.20400,256.47900,70.05300,96.34500,166.39800,90.08100,2.88100,92.96200,-0.58900,93.55100,93.55100,93.55100,103.21800,90.08100,150.41300,160.84000,0.62000,0.58000,3.56030,72.51660,25.46940,25.46940,26.28400,26.45050,0.14060,1.37380,65.51280,4.78100,6.71200,3.71760,4.78100,12.98080,0.6398,0.6061
2020-04-30,337.10600,94.88000,242.22600,62.23700,92.42400,154.66100,87.56500,3.41400,90.97900,4.40900,86.57000,86.57000,86.57000,100.18300,87.56500,149.54100,159.47400,0.58000,0.54000,3.04410,71.85460,25.97550,25.97550,26.98830,25.68040,0.14020,1.23400,72.93640,4.80670,7.02050,3.60020,4.80670,12.00440,1.76940,1.77110
2020-01-31,311.50800,94.31900,217.18900,61.20100,95.59400,156.79500,60.39400,4.84400,65.23800,-0.94400,66.18200,66.18200,66.18200,74.34600,60.39420,147.79600,158.29600,0.44000,0.41000,2.77790,69.72180,19.38760,19.38770,20.94260,21.24570,0.13710,0.73730,122.06950,3.97350,6.05800,2.91320,3.97350,11.17130,0.2542,0.2536
2019-10-31,280.92100,73.32900,207.59200,52.57500,74.21700,126.79200,80.80000,9.14100,89.94100,7.69600,82.24500,82.24500,82.24500,88.75500,80.80000,148.15700,158.75000,0.56000,0.52000,5.40290,73.89690,28.76250,28.76250,32.01650,29.27690,0.14780,1.90100,47.34270,5.27700,5.70030,4.32770,5.27700,10.50530,0.3865,0.3786
2019-07-31,266.90000,70.21800,196.68200,51.14600,71.68000,122.82600,73.85600,7.33200,81.18800,1.94600,79.24200,79.24200,79.24200,81.48400,73.85600,147.51000,158.67500,0.54000,0.50000,4.23260,73.69130,27.67180,27.67180,30.41890,29.68980,0.14350,1.59970,56.26160,5.48380,5.96800,4.26070,5.48380,9.77360,0.6259,0.6174
2019-04-30,244.75200,65.50300,179.24900,44.97300,63.10700,108.08000,71.16900,6.16100,77.33000,3.88100,73.44900,73.44900,73.44900,78.74000,71.16900,146.70800,157.91000,0.50000,0.47000,3.72730,73.23700,29.07800,29.07800,31.59530,30.00960,0.13780,1.30550,68.93780,5.50140,6.03850,4.13540,5.50140,9.08040,1.49640,1.48610
2019-01-31,232.32300,64.52600,167.79700,42.75900,62.04000,104.79900,62.99800,5.69000,68.68800,-2.46300,71.15100,71.15100,71.15100,70.22200,62.99800,144.24400,156.11700,0.49000,0.45000,3.57440,72.22580,27.11660,27.11660,29.56570,30.62590,0.14050,0.72240,124.58010,5.74840,6.36740,4.30240,5.74840,8.46670,0.2031,0.1823
2018-10-31,224.73100,61.37400,163.35700,40.00100,60.26200,100.26300,63.09400,4.60600,67.70000,3.61500,64.08500,64.08500,64.08500,70.22400,63.09400,144.73700,156.02500,0.44000,0.41000,4.99840,72.69000,28.07540,28.07540,30.12490,28.51630,0.16080,2.04220,44.06950,5.62990,6.30560,4.58640,5.62990,7.84670,0.2604,0.2306
2018-07-31,209.60900,59.22600,150.38300,38.82600,58.73900,97.56500,52.81800,3.34200,56.16000,5.87400,50.28600,50.28600,50.28600,60.54600,52.81800,143.74800,155.41600,0.35000,0.32000,3.91080,71.74450,25.19830,25.19830,26.79270,23.99040,0.15360,1.65600,54.34630,4.78740,5.42620,3.68510,4.78740,7.28690,0.5556,0.5493
2018-04-30,195.54700,60.15500,135.39200,37.19700,54.23900,91.43600,43.95600,2.13900,46.09500,1.78500,44.31000,44.31000,44.31000,51.89200,43.95600,142.77700,154.93500,0.31000,0.29000,3.38060,69.23760,22.47850,22.47850,23.57230,22.65950,0.14840,1.13380,79.38120,4.54720,5.21910,3.36280,4.54720,6.80580,0.97190,0.96590
2018-01-31,185.98400,58.91100,127.07300,36.99300,51.57600,88.56900,38.50400,3.03400,41.53800,0.88400,40.65400,40.65400,40.65400,46.65100,38.50400,140.31100,153.68100,0.28000,0.26000,3.30670,68.32470,20.70290,20.70290,22.33420,21.85890,0.15120,0.78140,115.17890,4.48600,5.21910,3.30430,4.48600,6.37880,0.015,0.0024
2017-10-31,177.00800,53.23400,123.77400,34.03500,47.24400,81.27900,42.49500,1.35900,43.85400,8.92900,34.92500,34.92500,34.92500,50.66400,42.49500,140.85700,154.25600,0.25000,0.23000,3.94710,69.92570,24.00740,24.00740,24.77520,19.73080,0.16920,2.32010,38.79180,4.26710,5.06690,3.33820,4.26710,5.79720,0.2049,0.1925
2017-07-31,167.79500,50.40000,117.39500,32.67800,46.65000,79.32800,38.06700,2.85800,40.92500,2.32300,38.60200,38.60200,38.60200,46.11100,38.06700,140.01000,153.77800,0.28000,0.25000,3.26070,69.96340,22.68660,22.68660,24.38990,23.00550,0.16200,1.72710,52.10980,5.03550,6.07420,3.72650,5.03550,5.45970,0.358,0.3404
2017-04-30,159.77200,48.87700,110.89500,28.31100,43.72100,72.03200,38.86300,0.59100,39.45400,2.45800,36.99600,36.99600,36.99600,46.81600,38.86300,137.09600,151.05600,0.27000,0.24000,2.93300,69.40830,24.32400,24.32400,24.69390,23.15550,0.16050,1.41240,63.72310,5.21880,6.42480,3.71570,5.21880,5.08760,0.94110,0.90970
2017-01-31,156.65200,46.47000,110.18200,26.09500,38.83700,64.93200,45.25000,-0.24300,45.00700,14.53200,30.47500,30.47500,30.47300,63.40000,45.25000,135.69800,147.57800,0.22000,0.20000,2.88460,70.33550,28.88570,28.88570,28.73060,19.45270,0.17080,0.85690,105.03180,4.66940,5.88810,3.32200,4.66940,4.73330,-0.0151,-0.0346
2016-10-31,142.77900,43.92500,98.85400,25.01200,40.03200,65.04400,33.81000,0.52500,34.33500,12.70500,21.63000,21.63000,21.63000,37.76000,33.81000,135.62400,147.43600,0.16000,0.15000,3.51890,69.23570,23.68000,23.68000,24.04770,15.14930,0.18110,2.17490,41.38090,3.56990,4.61420,2.74330,3.56990,4.43000,0.1679,0.1579
2016-07-31,131.34700,42.19500,89.15200,23.56300,41.76700,65.33000,23.82200,-1.36200,22.46000,9.50200,12.95800,12.95800,12.95700,27.76100,23.82200,135.12600,147.15500,0.10000,0.09000,2.82100,67.87520,18.13670,18.13670,17.09970,9.86470,0.16680,1.47640,60.95820,2.29300,3.04240,1.64600,2.29300,4.15610,0.0725,0.0662
2016-04-30,119.76400,41.09100,78.67300,22.07300,38.79400,60.86700,17.80600,2.74700,20.55300,8.04400,12.50900,12.50900,12.50900,21.63100,17.80600,133.99600,145.70800,0.09000,0.09000,2.64790,65.69000,14.86760,14.86760,17.16130,10.44470,0.15930,1.46450,61.45290,2.35780,3.21320,1.66390,2.35780,3.94780,0.75050,0.73550
2016-01-31,114.27000,39.74400,74.52600,20.09700,39.21800,59.31500,15.21100,-0.40000,14.81100,-2.77900,17.59000,17.59000,17.56800,19.42400,15.21100,132.02000,144.97700,0.13000,0.13000,2.68930,65.21920,13.31150,13.31140,12.96140,15.37410,0.16190,0.78920,114.04410,3.48150,4.85990,2.49220,3.48150,3.78340,0.0241,0.0079
2015-10-31,106.92100,37.01200,69.90900,17.66700,32.14200,49.80900,20.10000,0.11000,20.21000,9.72800,10.48200,10.48200,10.47300,23.27400,20.10000,132.41300,145.06300,0.08000,0.07000,3.13340,65.38380,18.79890,18.79890,18.90180,9.79510,0.17110,1.41990,63.38410,2.21150,3.17670,1.67700,2.21150,3.56950,0.1355,0.1042
2015-07-31,98.10700,33.47300,64.63400,15.25500,27.02600,42.28100,22.35300,-0.44500,21.90800,8.50200,13.40600,13.40600,13.39000,24.44700,22.35300,131.79900,144.87100,0.10000,0.09000,3.88950,65.88110,22.78430,22.78430,22.33070,13.64840,0.16580,1.44320,62.35980,2.95520,3.07950,2.26590,2.95520,3.42880,0.1046,0.0359
2015-04-30,89.92300,31.98500,57.93800,12.95700,24.05600,37.01300,20.92500,0.76300,21.68800,8.70600,12.98200,12.98200,12.98200,22.71200,20.92500,131.16300,144.73400,0.10000,0.09000,3.71710,64.43070,23.26990,23.26990,24.11840,14.43680,0.15810,1.28060,70.27710,3.02650,3.16570,2.28290,3.02650,3.25860,0.28870,0.25600
2015-01-31,87.01200,31.15600,55.85600,11.74200,23.43100,35.17300,20.68300,-1.66000,19.02300,5.69700,13.32600,13.32600,13.08100,22.50100,20.68300,127.71300,144.20400,0.10000,0.09000,3.70300,64.19350,23.77030,23.77030,21.86250,15.03360,0.15970,0.93900,95.84300,3.27550,3.35600,2.44560,3.27550,3.10400,-0.0096,-0.0136
2014-10-31,83.82500,30.41600,53.40900,10.63500,22.83300,33.46800,19.94100,-0.98900,18.95200,8.69400,10.25800,10.25800,10.25800,21.57400,19.94100,129.21200,144.28900,0.08000,0.07000,4.17150,63.71490,23.78880,23.78880,22.60900,12.23740,0.17020,1.67730,53.65640,2.69090,2.76460,2.08260,2.69090,2.92320,0.2359,0.231
2014-07-31,75.66400,28.13600,47.52800,9.78700,20.95600,30.74300,16.78500,-0.10100,16.68400,7.10600,9.57800,9.57800,9.57800,18.19700,16.78500,127.31400,143.35300,0.07000,0.07000,4.09660,62.81450,22.18360,22.18360,22.05010,12.65860,0.16300,1.13380,79.38160,2.68000,2.76170,2.06320,2.68000,2.76170,0.1154,-0.0589
2014-04-30,66.72100,25.95000,40.77100,8.99200,19.22200,28.21400,12.55700,-0.03000,12.52700,5.30600,7.22100,7.22100,7.22100,13.79900,12.55700,123.90200,142.84900,0.06000,0.05000,4.13690,61.10670,18.82020,18.82020,18.77520,10.82270,0.15330,1.01540,88.63760,2.18630,2.26150,1.65950,2.18630,2.58900,0.12690,0.12330
2014-01-31,62.80300,24.35800,38.44500,7.85800,19.27900,27.13700,11.30800,-0.36500,10.94300,4.69600,6.24700,6.24700,-2.77700,12.25400,11.30800,51.72500,68.02400,0.04000,0.04000,4.08390,61.21520,18.00550,18.00550,17.42430,-4.42180,0.16960,1.07480,83.73760,2.23030,2.32490,1.68700,2.23030,2.24450,0.4204,0.3961
2013-10-31,54.97900,21.39200,33.58700,6.58500,17.01700,23.60200,9.98500,0.12500,10.11000,3.58500,6.52500,6.52500,2.33900,10.85700,9.98500,35.80200,131.96300,0.07000,0.05000,4.67520,61.09060,18.16150,18.16150,18.38880,4.25440,0.15920,1.12870,79.73610,2.41090,2.51960,1.88970,2.41090,2.17200,-0.3536,-0.3355
2013-07-31,49.58100,19.14300,30.43800,6.35700,14.24300,20.60000,9.83800,-0.06500,9.77300,3.77500,5.99800,5.99800,5.99800,10.43800,9.83800,24.41800,37.03800,0.05000,0.03000,,61.39050,19.84230,19.84230,19.71120,12.09740,,,,,,,,,0.1522,0.1212
2013-04-30,42.78800,17.70900,25.07900,5.52700,11.37900,16.90600,8.17300,-0.49900,7.67400,2.82900,4.84500,4.84500,4.84500,8.52900,8.17300,21.61000,32.98800,0.04000,0.03000,,58.61220,19.10120,19.10120,17.93490,11.32330,,,,,,,,,0.39480,0.38820
2013-01-31,,,,,,,,,,,,,,,,,,,0.00000,,,,,,,,,,,,,,,-0.7841,-0.7411
2012-10-31,35.79600,15.85600,19.94000,3.60500,7.55100,11.15600,8.78400,0.07400,8.85800,3.10900,5.74900,5.74900,5.74900,8.78400,8.78400,20.74300,30.36900,0.05000,0.03000,,55.70450,24.53910,24.53910,24.74580,16.06050,,,,,,,,,0.7841,0.7411
2012-01-31,,,,,,,,,,,,,,,,,,,0.00000,,,,,,,,,,,,,,,0,0
2011-01-31,,,,,,,,,,,,,,,,,,,0.00000,,,,,,,,,,,,,,,0,0
