Date,revenue,cost-goods-sold,gross-profit,research-development-expenses,selling-general-administrative-expenses,other-operating-income-expenses,operating-expenses,operating-income,total-non-operating-income-expense,pre-tax-income,total-provision-income-taxes,income-after-taxes,income-from-continuous-operations,net-income,ebitda,ebit,basic-shares-outstanding,shares-outstanding,eps-basic-net-earnings-per-share,eps-earnings-per-share-diluted,current-ratio,long-term-debt-capital,debt-equity-ratio,gross-margin,operating-margin,ebit-margin,pre-tax-profit-margin,net-profit-margin,asset-turnover,receiveable-turnover,days-sales-in-receivables,roe,return-on-tangible-equity,roa,roi,book-value-per-share,operating-cash-flow-per-share,free-cash-flow-per-share
2024-06-30,161.10400,58.41600,102.68800,14.61400,76.41500,1.09800,95.14300,7.54500,-0.18100,7.36400,2.20000,5.16400,5.16400,5.16400,29.43600,7.54500,155.12800,161.43900,0.03000,0.03000,1.17250,0.58900,1.43360,63.74020,4.68330,4.68330,4.57100,3.20540,0.15740,1.34160,67.08320,2.21510,-27.10340,0.50440,0.91030,1.50090,0.3567,0.2287
2024-03-31,156.78100,60.98900,95.79200,16.84500,76.03300,0.52700,97.35700,-1.56500,-0.28600,-1.85100,-4.53500,2.68400,2.68400,2.68400,20.52300,-1.56500,154.22100,160.58200,0.01700,0.01700,0.60300,0.14810,0.18410,61.09920,-0.99820,-0.99820,-1.18060,1.71190,0.20740,1.17750,76.43410,1.07300,-48.35170,0.35510,0.91410,1.61400,0.15300,0.02800
2023-12-31,154.91400,61.31100,93.60300,12.89800,73.90600,-5.48900,96.09400,-2.49100,-4.02200,-6.51300,-21.84700,15.33400,15.33400,15.33400,17.90000,-2.49100,151.85900,151.85900,0.10600,0.10600,0.60490,0.14850,0.18450,60.42250,-1.60800,-1.60800,-4.20430,9.89840,0.20390,1.09290,82.35330,6.06130,-211.29890,2.01780,5.16140,1.64650,0.314,0.1898
2023-09-30,145.02700,56.87100,88.15600,16.77200,69.30400,-0.31600,90.17400,-2.01800,-0.59700,-2.61500,0.78400,-3.39900,-3.39900,-3.39900,17.37100,-2.01800,152.07600,152.07600,-0.02200,-0.02200,0.54980,0.16950,0.21580,60.78590,-1.39150,-1.39150,-1.80310,-2.34370,0.20140,1.12410,80.06520,-1.54380,10.05500,-0.47200,-1.28220,1.44220,0.1814,0.0603
2023-06-30,139.69500,53.87900,85.81600,12.68000,72.91700,-0.41300,89.88800,-4.07200,0.10500,-3.96700,2.92900,-6.89600,-6.89600,-6.89600,13.87000,-4.07200,151.48000,151.48000,-0.05000,-0.05000,0.54380,0.16770,0.21280,61.43100,-2.91490,-2.91490,-2.83980,-4.93650,0.19270,1.08210,83.16960,-3.05520,20.35900,-0.95110,-2.54280,1.48720,-0.0291,-0.1398
2023-03-31,132.75100,51.74700,81.00400,15.86200,70.04600,-0.28400,89.93300,-8.92900,0.35000,-8.57900,9.55300,-18.13200,-18.13200,-18.13200,8.07600,-8.92900,150.67700,150.67700,-0.12000,-0.12000,0.54850,0.17100,0.21780,61.01950,-6.72610,-6.72610,-6.46250,-13.65870,0.18300,1.29190,69.66730,-8.11370,50.60850,-2.49920,-6.72630,1.47700,0.02320,-0.07010
2022-12-31,131.12600,49.47900,81.64700,11.58300,66.78300,-3.34400,85.03000,-3.38300,-0.96900,-4.35200,0.95700,-5.30900,-5.30900,-5.30900,12.50600,-3.38300,149.64500,149.64500,-0.03200,-0.03200,0.60300,0.16900,0.21330,62.26610,-2.58000,-2.58000,-3.31890,-4.04880,0.18230,1.27450,70.61640,-2.31100,19.44830,-0.73820,-1.92050,1.52820,0.2692,0.158
2022-09-30,126.23800,50.65800,75.58000,10.35100,61.93100,-1.23300,76.45100,-0.87100,-0.36100,-1.23200,-0.09100,-1.14100,-1.14100,-1.14100,13.98500,-0.87100,149.79500,149.79500,-0.00800,-0.00800,0.58660,0.18110,0.23450,59.87100,-0.69000,-0.69000,-0.97590,-0.90380,0.18640,1.33540,67.39340,-0.53310,3.65190,-0.16850,-0.43650,1.42710,0.1001,-0.0068
2022-06-30,119.27600,48.12900,71.14700,10.31000,62.06300,0.15400,75.44300,-4.29600,-0.72400,-5.02000,0.50000,-5.52000,-5.52000,-5.52000,13.39800,-4.29600,149.48900,149.48900,-0.04000,-0.04000,0.60820,0.17860,0.23530,59.64910,-3.60170,-3.60170,-4.20870,-4.62790,0.17290,1.34080,67.12570,-2.50190,15.80710,-0.80030,-2.05500,1.47460,0.04,-0.0332
2022-03-31,114.98400,44.86600,70.11800,9.63300,56.20900,-0.84800,69.65000,0.46800,0.00600,0.47400,0.80800,-0.33400,-0.33400,-0.33400,13.42700,0.46800,149.15600,149.15600,-0.00200,-0.00200,0.61860,0.17280,0.21540,60.98070,0.40700,0.40700,0.41220,-0.29050,0.16480,1.51680,59.33550,-0.14350,0.83920,-0.04790,-0.11870,1.55880,0.01740,-0.09510
2021-12-31,111.65600,43.64200,68.01400,10.75400,54.38700,0.00400,68.02800,-0.01400,-0.31300,-0.32700,0.30000,-0.62700,-0.62700,-0.62700,12.91800,-0.01400,147.78000,147.78000,-0.00840,-0.00740,0.53010,0.00030,0.00150,60.91390,-0.01250,-0.01250,-0.29290,-0.56150,0.16660,1.45140,62.00840,-0.27250,1.47120,-0.09360,-0.27240,1.54320,0.2555,0.1767
2021-09-30,110.71800,43.93800,66.78000,9.87900,56.89500,-0.53800,70.39400,-3.61400,-0.52100,-4.13500,-0.18700,-3.94800,-3.94800,-3.94800,10.64400,-3.61400,148.15800,148.15800,-0.02660,-0.02660,0.48230,0.00150,0.00270,60.31540,-3.26420,-3.26420,-3.73470,-3.56580,0.17140,1.51180,59.53020,-1.76080,7.35020,-0.61130,-1.75820,1.50890,0.1875,0.1062
2021-06-30,104.93800,37.37900,67.55900,11.92600,49.73000,-4.48300,69.01700,-1.45800,0.38500,-1.07300,-1.88100,0.80800,0.80800,0.80800,7.47600,-1.45800,147.53000,157.51500,0.01000,0.01000,0.68370,0.00150,0.00270,64.37990,-1.38940,-1.38940,-1.02250,0.77000,0.17220,1.43500,62.71990,0.35460,11.50010,0.13260,0.35410,1.54110,0.1868,0.1066
2021-03-31,98.23600,36.93300,61.30300,11.45900,45.00200,0.12900,59.15900,2.14400,-0.53500,1.60900,-0.67900,2.28800,2.28800,2.28800,11.01300,2.14400,146.57500,158.12000,0.01500,0.01400,1.36960,0.00150,0.00270,62.40380,2.18250,2.18250,1.63790,2.32910,0.17590,1.53980,58.44930,1.00980,1.11600,0.40980,1.00830,1.54040,-0.01880,-0.07200
2020-12-31,99.54400,36.21200,63.33200,11.14300,46.73800,-0.04900,60.83900,2.49300,0.31300,2.80600,-1.28000,4.08600,4.08600,4.08600,11.13900,2.49300,131.51100,131.51100,0.06020,0.06020,1.37920,0.00100,0.00480,63.62210,2.50440,2.50440,2.81880,4.10470,0.17810,1.29010,69.76120,1.78160,1.93990,0.73120,1.77990,1.56610,0.3081,0.2335
2020-09-30,94.60500,47.96800,46.63700,16.50100,77.46600,0.06000,96.64200,-50.00500,-1.79600,-51.80100,-30.77300,-21.02800,-21.02800,-21.02800,-41.90700,-50.00500,138.54100,138.54100,-0.15000,-0.15000,1.37300,0.00150,0.00690,49.29660,-52.85660,-52.85660,-54.75500,-22.22720,0.18370,1.41650,63.53800,-9.62110,-10.51960,-4.08360,-9.60670,1.49590,-0.0275,-0.0545
2020-06-30,91.27100,41.74500,49.52600,13.61700,62.30200,-0.10300,78.52700,-29.00100,-1.05900,-30.06000,-0.98500,-29.07500,-29.07500,-29.07500,-20.81400,-29.00100,120.54900,120.54900,-0.24120,-0.24120,0.48240,-0.99150,-0.49970,54.26260,-31.77460,-31.77460,-32.93490,-31.85570,0.35310,1.43190,62.85140,8.34980,7.91020,-11.24800,16.62860,-1.30200,0.2255,0.1551
2020-03-31,89.24500,39.46200,49.78300,13.07900,61.96900,-0.11100,78.02800,-28.24500,-0.56900,-28.81400,0.25000,-29.06400,-29.06400,-29.06400,-20.58800,-28.24500,120.41700,120.41700,-0.24000,-0.24000,,,,55.78240,-31.64880,-31.64880,-32.28640,-32.56650,,,,,,,,,-0.05330,-0.13080
2019-12-31,,,,,,,,,,,,,,,,,,,,0.00000,,,,,,,,,,,,,,,,,-0.3684,-0.162
2019-09-30,82.43900,27.43300,55.00600,7.27100,33.09300,-0.00400,42.67900,12.32700,-0.25200,12.07500,0.17500,11.90000,11.90000,11.90000,18.39100,12.32700,120.64200,124.31000,0.10000,0.10000,,,,66.72330,14.95290,14.95290,14.64720,14.43490,,,,,,,,,0.1041,0.0294
2019-06-30,78.37500,27.10900,51.26600,7.20500,33.93400,-0.30500,43.61600,7.65000,-0.30700,7.34300,0.22100,7.12200,7.12200,7.12200,7.65000,7.65000,120.59000,124.30500,0.06000,0.06000,,,,65.41120,9.76080,9.76080,9.36910,9.08710,,,,,,,,,0.2643,0.1326
2018-12-31,,,,,,,,,,,,,,,,,,,,0.00000,,,,,,,,,,,,,,,,,0,0
