Date,revenue,cost-goods-sold,gross-profit,selling-general-administrative-expenses,other-operating-income-expenses,operating-expenses,operating-income,total-non-operating-income-expense,pre-tax-income,total-provision-income-taxes,income-after-taxes,income-from-continuous-operations,income-from-discontinued-operations,net-income,ebitda,ebit,basic-shares-outstanding,shares-outstanding,eps-basic-net-earnings-per-share,eps-earnings-per-share-diluted,current-ratio,long-term-debt-capital,debt-equity-ratio,gross-margin,operating-margin,ebit-margin,pre-tax-profit-margin,net-profit-margin,asset-turnover,inventory-turnover,receiveable-turnover,days-sales-in-receivables,roe,return-on-tangible-equity,roa,roi,book-value-per-share,operating-cash-flow-per-share,free-cash-flow-per-share
2023-12-31,360.35000,238.39800,121.95200,30.35200,-0.01000,30.36200,91.59000,-17.72500,73.86500,15.86800,57.99700,57.99700,,57.99700,,91.59000,156.74870,156.74870,0.37000,0.37000,,,,,,,,,,,,,,,,,,,
2023-09-30,364.11100,245.68000,118.43100,27.51200,-0.41400,27.92600,90.50500,-17.35100,73.15400,20.45500,52.69900,52.69900,,51.26100,92.26700,90.50500,153.27600,153.39600,0.33000,0.33000,2.05350,2.26340,-1.79160,32.52610,24.85640,24.85640,20.09110,14.07840,0.33070,2.75230,13.03940,6.90220,-6.81430,-5.98260,4.78640,8.60890,-4.95950,0.7996,0.7913
2023-06-30,365.66200,248.98400,116.67800,26.93000,-18.10500,45.03500,71.64300,-18.46000,53.18300,15.09400,38.08900,38.08900,,37.04600,73.37400,71.64300,153.21400,153.32400,0.24000,0.24000,2.12710,2.35750,-1.73670,31.90870,19.59270,19.59270,14.54430,10.13120,0.35390,2.52220,8.04870,11.18190,-4.77830,-4.21040,3.68640,6.48660,-5.11190,0.6346,0.6229
2023-03-31,334.14500,232.28600,101.85900,27.29200,-0.27000,27.56200,74.29700,-26.04700,48.25000,13.50900,34.74100,34.74100,,33.81100,75.98900,74.29700,153.01300,153.16000,0.22000,0.22000,2.31390,2.39150,-1.71870,30.48350,22.23500,22.23500,14.43980,10.11870,0.34950,2.30730,10.95560,8.21500,-4.31150,-3.80400,3.63420,5.99950,-5.16600,0.78860,0.74950
2022-12-31,363.77000,247.58200,116.18800,26.83700,-0.07900,26.91600,89.27200,-20.98500,68.28700,20.13700,48.15000,48.15000,,46.61500,91.06000,89.27210,152.75300,152.89500,0.30000,0.30000,2.80350,2.38720,-1.74820,31.94000,24.54080,24.54080,18.77200,12.81440,0.40040,2.67810,7.40410,12.15550,-5.96010,-5.26010,5.29940,8.26770,-5.21750,-0.9658,-0.9736
2022-09-30,377.99500,267.02300,110.97200,27.04000,-0.03100,27.07100,83.90100,-30.51200,53.38900,14.53300,38.85600,38.85600,,37.67600,85.68800,83.90100,152.85900,152.91000,0.25000,0.25000,1.81770,2.45500,-1.68730,29.35810,22.19630,22.19630,14.12430,9.96730,0.36020,3.10130,12.63480,7.12320,-4.71950,-4.17440,3.70310,6.86690,-5.31870,0.7709,0.7326
2022-06-30,387.20200,271.23800,115.96400,25.19600,-0.05700,25.25300,90.71100,-36.58900,54.12200,14.96900,39.15300,39.15300,,37.90400,92.50400,90.71100,152.70000,152.96300,0.25000,0.25000,2.04260,2.45830,-1.68580,29.94920,23.42730,23.42730,13.97770,9.78920,0.38930,2.90350,11.38600,7.90450,-4.71210,-4.17220,3.93650,6.87150,-5.36430,0.8911,0.8801
2022-03-31,312.04200,212.81500,99.22700,24.02900,-0.07200,24.10100,75.12600,-30.36200,44.76400,12.22200,32.54200,32.54200,,31.55900,76.97600,75.12600,152.58700,152.74500,0.21000,0.21000,2.35060,2.50390,-1.66500,31.79920,24.07560,24.07560,14.34550,10.11370,0.34190,2.17180,10.44140,8.61950,-3.87100,-3.43210,3.56600,5.82170,-5.42570,0.48970,0.48170
2021-12-31,313.67300,203.30000,110.37300,41.62300,-0.19400,41.81700,68.55600,-28.03200,40.52400,9.81300,30.71100,30.71100,14.53100,45.31200,68.55600,68.55600,156.24830,156.24830,0.29000,0.29000,2.85440,2.51080,-1.66200,35.18730,21.85590,21.85590,12.91920,14.44560,0.36010,2.14870,11.61110,7.75120,-3.64930,-3.23590,3.52560,5.51330,-5.46610,-0.4072,-0.4208
2021-09-30,298.48500,187.44400,111.04100,29.92400,0.89800,29.02600,82.01500,-35.32700,46.68800,16.77600,29.91200,29.91200,18.85700,48.76900,82.01500,82.01500,152.53500,152.57000,0.31000,0.31000,2.21300,1.69240,-2.46620,37.20150,27.47710,27.47710,15.64170,16.33890,0.19430,2.08800,6.42930,13.99850,-5.21900,-3.79670,1.94740,3.61370,-3.72260,0.5901,0.5373
2021-06-30,337.55400,213.89100,123.66300,29.77000,,29.77000,93.89300,-1.90800,91.98500,27.00400,64.98100,64.98100,28.32400,90.60600,93.89300,93.89300,152.28500,152.56700,0.60000,0.60000,2.29010,1.73020,-2.39070,36.63500,27.81570,27.81570,27.25050,26.84190,0.22560,2.29590,6.55920,13.72130,-10.97570,-8.12730,4.34260,8.01460,-3.84060,0.9362,0.9289
2021-03-31,270.98800,164.90700,106.08100,30.10100,-0.00500,30.10600,75.97500,-45.21100,30.76400,9.21400,21.55000,21.55000,10.40700,31.18100,75.97500,75.97500,152.24900,152.38400,0.20000,0.20000,2.17850,1.87660,-2.15990,39.14600,28.03630,28.03630,11.35250,11.50640,0.19310,1.63360,5.90320,15.24590,-3.28260,-2.49410,1.53540,2.87760,-4.25760,0.51430,0.50160
2020-12-31,287.12900,181.25700,105.87200,33.86000,1.99900,31.86100,74.01100,-41.98400,32.02700,10.18800,21.83900,21.83900,10.41700,32.25600,74.01100,74.01100,153.60000,153.60000,0.21000,0.21000,2.34330,1.91480,-2.09320,36.87260,25.77620,25.77620,11.15420,11.23400,0.21370,1.85820,17.57860,5.11990,-3.31050,-2.84660,1.62560,3.02850,-4.30250,-0.3515,-0.4177
2020-09-30,547.83100,374.57500,173.25600,77.01900,,77.33900,95.91700,-39.95500,55.96200,17.82300,38.13900,38.13900,,38.13900,95.91700,95.91700,152.21600,152.22500,0.25000,0.25000,1.92050,1.90230,-2.12450,31.62580,17.50850,17.50850,10.21520,6.96180,0.37970,3.96170,12.45100,7.22830,-5.76010,-4.38510,2.64310,5.19710,-4.31930,-0.1695,-0.186
2020-06-30,445.76000,304.88500,140.87500,71.06400,-0.05300,74.07800,66.79700,-30.10700,36.69000,10.91600,25.77400,25.77400,,25.06700,66.79700,66.79700,149.37900,150.84700,0.17000,0.16000,1.60350,1.91800,-2.10260,31.60330,14.98500,14.98500,8.23090,5.62340,0.29100,3.09190,13.60680,6.61430,-3.85140,-2.93930,1.68270,3.53560,-4.36010,1.4788,1.4707
2020-03-31,454.48800,310.62300,143.86500,90.51700,,148.76900,-4.90400,0.69500,-4.20900,-0.97800,-3.23100,-3.23100,,-3.79200,-4.90400,-4.90400,147.00000,147.08400,-0.03000,-0.03000,1.46290,2.06260,-2.22650,31.65430,-1.07900,-1.07900,-0.92610,-0.83430,0.30400,2.94920,11.51970,7.81270,0.44940,0.34870,-0.21610,-0.47750,-4.85530,0.78400,0.75070
2019-12-31,-344.54300,-224.76500,-119.77800,-168.93400,-0.09500,-168.83900,49.06100,-52.33800,-3.27700,-6.85900,3.58200,3.58200,,7.26800,49.06100,49.06100,146.63300,147.36800,0.07000,0.07000,1.47810,1.96180,-2.34520,34.76430,-14.23940,-14.23940,0.95110,-2.10950,-0.22890,-2.27580,-9.32230,-9.65430,-0.52290,-0.37670,0.23800,0.50290,-4.62580,-0.4894,-0.5055
2019-09-30,504.79000,345.45600,159.33400,92.37400,-0.24000,92.61400,66.72000,-16.97600,49.74400,13.73600,36.00800,36.00800,,33.98500,66.72000,66.72000,146.70400,146.73600,0.23000,0.23000,1.04540,2.14390,-2.27340,31.56440,13.21740,13.21740,9.85440,6.73250,0.33950,3.48320,11.83480,7.60470,-5.72760,-4.02460,2.42200,6.55210,-4.25380,0.6618,0.6358
2019-06-30,538.43200,368.17400,170.25800,93.35900,-0.65500,94.01400,76.24400,-19.47800,56.76600,17.45900,39.30700,39.30700,,39.30700,76.24400,76.24400,146.50900,146.52100,0.25000,0.25000,1.14410,2.05800,-2.38690,31.62110,14.16040,14.16040,10.54280,7.30030,0.37000,3.79820,12.14130,7.41270,-6.47890,-4.50370,2.70120,6.85440,-4.09930,0.5375,0.52
2019-03-31,420.92400,286.02000,134.90400,92.31400,,92.31400,42.59000,-20.80800,21.78200,6.74900,15.03300,15.03300,,12.95000,42.59000,42.59000,146.46800,149.39900,0.09000,0.08000,2.07310,1.72060,-2.45740,32.04950,10.11820,10.11820,5.17480,3.07660,0.29450,2.80480,11.55120,7.79140,-2.54750,-1.75590,1.05190,1.83570,-3.98870,0.13200,0.10640
2018-12-31,445.93890,305.14100,140.79790,92.55200,-0.16000,92.71210,48.08580,-35.60900,12.47700,-7.84200,20.31900,20.31900,,19.24400,48.08580,48.08590,146.36200,146.48500,0.12760,0.12760,1.79870,1.63340,-3.05870,31.57340,10.78300,10.78310,2.79790,4.31540,0.28780,3.35330,13.02160,6.91160,-3.71210,-2.49630,1.31130,2.35140,-3.88440,-0.191,-0.226
2018-09-30,513.86900,360.30200,153.56700,87.54900,,87.54900,66.01800,-36.30400,29.71400,14.68600,15.02800,15.02800,,10.28000,66.01800,66.01800,146.46100,146.48800,0.07000,0.07000,1.26250,1.76420,-2.83260,29.88450,12.84720,12.84720,5.78240,2.00050,0.38150,4.27440,18.40640,4.88960,-3.18090,-2.03220,1.11580,2.43090,-3.19310,0.5973,0.5704
2018-06-30,481.48800,332.76600,148.72200,86.33600,-0.52500,86.86100,61.86100,-30.10500,31.75600,12.76000,18.99600,18.99600,,16.12600,61.86100,61.86100,146.26710,146.61990,0.11430,0.11430,1.35530,1.64910,-3.08550,30.88800,12.84790,12.84790,6.59540,3.34920,0.36100,3.86150,12.04870,7.46970,-4.43090,-2.72860,1.42410,2.87600,-2.89340,0.5573,0.5257
2018-03-31,428.96600,294.27500,134.69100,89.07600,2.46900,86.60700,48.08400,-42.47200,5.61200,1.94800,3.66400,3.66400,,5.43900,48.08400,48.08400,146.25290,146.60840,0.03810,0.03810,1.41390,1.56970,-3.31730,31.39900,11.20930,11.20930,1.30830,1.26790,0.33020,3.22720,15.94850,5.64320,-0.92940,-0.55390,0.28200,0.52950,-2.66120,0.27770,0.25050
2017-12-31,435.65390,299.11300,136.54090,87.53700,-0.80000,88.33710,48.20390,-29.35200,18.85200,-24.09900,42.95100,42.95100,,41.13300,48.20390,48.20390,145.98700,146.27200,0.28010,0.28010,2.99900,1.35340,-3.93200,31.34160,11.06470,11.06470,4.32730,9.44170,0.32800,3.33130,10.70460,8.40760,-12.94640,-7.16490,3.23360,4.57460,-2.35150,-0.5105,-0.5421
2017-09-30,484.62500,338.11600,146.50900,82.68200,-4.10400,86.78600,59.72300,-32.77300,26.95000,6.47200,20.47800,20.47800,,17.76800,59.72300,59.72300,146.25130,146.39940,0.12380,0.12380,2.60970,1.33710,-3.99320,30.23140,12.32360,12.32360,5.56100,3.66630,0.34370,3.99730,26.84160,3.35300,-6.43610,-3.49240,1.45240,2.16950,-2.13490,0.6072,0.56
2017-06-30,471.98900,314.89400,157.09500,82.69300,-0.10200,82.79500,74.30000,-23.92700,50.37300,18.82700,31.54600,31.54600,,25.31000,74.30000,74.30000,146.06970,146.48020,0.17230,0.17230,2.97170,1.29330,-4.48280,33.28360,15.74190,15.74190,10.67250,5.36240,0.33230,3.57920,14.02350,6.41780,-11.08740,-5.78070,2.22110,3.25220,-1.90620,0.611,0.586
2017-03-31,415.20800,275.92300,139.28500,84.27900,-1.58500,85.86400,53.42100,-60.42800,-7.00700,-2.78200,-4.22500,-4.22500,,-5.71000,53.42100,53.42100,145.36130,145.36130,-0.03630,-0.03630,3.45630,1.26880,-4.76230,33.54580,12.86610,12.86610,-1.68760,-1.37520,0.29930,3.17300,12.27260,7.33340,1.59870,0.80350,-0.30460,-0.42970,-1.76370,0.19190,0.16040
2016-12-31,412.77200,273.84900,138.92300,89.01100,-17.65000,106.66100,32.26200,-26.95200,5.31000,2.48100,2.82900,2.82900,,3.14200,32.26200,32.26200,143.58230,143.84600,0.02830,0.02830,3.59660,1.25530,-5.07270,33.65610,7.81590,7.81590,1.28640,0.76120,0.29400,3.04840,11.82360,7.61190,-1.11700,-0.54910,0.20150,0.28520,-1.79840,-0.1653,-0.2175
2016-09-30,459.10400,303.44200,155.66200,86.29800,,86.29800,69.36400,-30.34100,39.02300,13.31600,25.70700,25.70700,,23.17500,69.36400,69.36400,143.62270,143.86740,0.15420,0.15420,3.60570,1.19030,-6.33710,33.90560,15.10860,15.10860,8.49980,5.04790,0.31340,3.46310,14.97500,6.01000,-12.94430,-5.58220,1.75510,2.46320,-1.34200,0.2959,0.2158
2016-06-30,438.27300,283.63100,154.64200,83.92200,,83.92200,70.72000,-24.38000,46.34000,19.00300,27.33700,27.33700,,23.23100,70.72000,70.72000,143.50960,143.79670,0.16410,0.16410,3.67770,1.16520,-7.14950,35.28440,16.13610,16.13610,10.57330,5.30060,0.29620,3.05850,17.32720,5.19420,-15.58230,-6.23700,1.84770,2.57360,-1.16550,0.5825,0.5568
2016-03-31,380.80000,236.42200,144.37800,79.82800,-2.35000,82.21900,62.15900,-26.40300,35.75600,14.36300,21.39300,21.39300,,19.33800,62.15900,62.15900,143.50150,143.73760,0.12960,0.12960,2.75270,1.18210,-6.66080,37.91440,16.32330,16.32330,9.38970,5.07830,0.30990,2.55730,15.18950,5.92520,-13.90420,-5.12690,1.74100,2.53160,-1.02250,-0.03430,-0.06160
2015-12-31,430.33010,292.58810,137.74200,86.77200,-14.22900,106.70990,31.03210,-18.10100,12.93100,3.49400,9.43700,9.43700,,7.67000,31.03210,31.03200,143.13870,143.17720,0.04940,0.04940,2.69880,1.13910,-8.26020,32.00850,7.21120,7.21120,3.00490,1.78240,0.33600,3.38190,16.09910,5.59040,-7.72510,-2.44410,0.73690,1.07480,-0.85250,0.0342,0.0123
2015-09-30,449.93400,295.91700,154.01700,79.35200,-3.75000,84.65000,69.36700,-39.56300,29.80400,13.69400,16.11000,16.11000,,12.09900,69.36700,69.36700,143.45750,143.62070,0.08640,0.08640,2.99920,1.05840,-18.25520,34.23100,15.41720,15.41720,6.62410,2.68910,0.32170,3.26280,22.37140,4.02300,-28.34920,-4.99830,1.15170,1.65640,-0.38140,0.3909,0.3736
2015-06-30,416.17300,279.20400,136.96900,79.91600,-1.25000,81.16600,55.80300,-25.18100,30.62200,11.17800,19.44400,19.44400,,17.08600,55.80300,55.80300,143.37500,143.62910,0.11520,0.11520,3.22990,1.00160,-621.76230,32.91160,13.40860,13.40860,7.35800,4.10550,0.28450,2.83240,23.09250,3.89740,-1167.10100,-7.23720,1.32920,1.89120,-0.01120,0.529,0.5138
2015-03-31,360.76000,242.01800,118.74200,74.18100,-0.84300,75.02400,43.71800,-9.37000,34.34800,12.86700,21.48100,21.48100,,20.59100,43.71800,43.71800,142.20330,142.44760,0.14810,0.14810,3.36890,0.97510,39.89360,32.91440,12.11830,12.11830,9.52100,5.70770,0.23260,2.44320,14.49240,6.21010,81.53420,-8.87000,1.38500,2.03320,0.17670,0.05500,0.03280
2014-12-31,417.58990,291.50500,126.08490,78.91100,-0.75000,79.66100,46.42400,-21.41700,25.00700,12.15800,12.84900,12.84900,,10.87100,46.42400,46.42400,131.36610,131.44710,0.08330,0.08330,3.53730,1.02050,-52.35670,30.19350,11.11710,11.11710,5.98840,2.60330,0.29340,3.22740,15.69300,5.73510,-62.13250,-4.42080,0.90280,1.27400,-0.14860,0.0583,0.0376
2014-09-30,419.87600,287.23600,132.64000,69.43100,-0.22500,69.65600,62.98400,-31.31500,31.66900,11.96400,19.70500,19.70500,,14.45600,62.98400,62.98400,131.72930,131.87630,0.10700,0.10700,2.62940,1.00760,-145.12970,31.59030,15.00060,15.00060,7.54250,3.44290,0.25550,2.84750,14.77450,6.09160,-250.47710,-7.13930,1.19910,1.91360,-0.05650,0.3426,0.2634
2014-06-30,406.61300,279.28200,127.33100,67.02300,,67.02300,60.30800,-41.17600,19.13200,6.10100,13.03100,13.03100,,7.92500,60.30800,60.30800,129.67020,129.80420,0.06270,0.06270,2.47250,1.03090,-38.15230,31.31500,14.83180,14.83180,4.70520,1.94900,0.24750,2.57980,14.25610,6.31310,-41.88280,-4.33850,0.79330,1.29490,-0.23120,0.7239,0.6964
2014-03-31,347.23600,239.03700,108.19900,63.97700,-1.50000,65.47700,42.72200,-36.25100,6.47100,2.94200,3.52900,3.52900,,2.58000,42.72200,42.72200,126.77300,126.93770,0.02350,0.02350,2.22660,1.01460,-80.92180,31.16010,12.30340,12.30340,1.86360,0.74300,0.23800,2.17250,9.82530,9.16000,-28.06360,-1.25520,0.24180,0.41030,-0.09410,-0.30790,-0.35850
2013-12-31,299.58500,202.57410,97.01090,35.68300,-0.19300,35.87600,61.13490,33.93300,95.06800,32.95900,62.10900,62.10900,,62.73500,61.13490,61.13490,122.62750,122.94600,0.51220,0.51220,1.45220,1.03530,-36.34030,32.38180,20.40650,20.40650,31.73320,20.94060,0.23700,2.16670,24.63900,3.65280,-287.42190,-20.93210,4.91270,10.14700,-0.17370,-0.0287,-0.0654
2013-09-30,277.94100,200.83500,77.10600,26.47800,-87.91300,114.39100,-37.28500,-18.57500,-55.86000,-18.96900,-36.89100,-36.89100,,-36.89100,-37.28500,-37.28500,122.23580,122.23580,-0.30560,-0.30560,2.17390,1.31140,-4.33550,27.74190,-13.41470,-13.41470,-20.09780,-13.27300,0.24800,2.11390,12.30100,7.31650,19.15660,12.29340,-3.29100,-5.96530,-1.52090,0.4095,0.3875
2013-06-30,256.22600,186.44500,69.78100,25.54100,,25.54100,44.24000,-20.71200,23.52800,10.01700,13.51100,13.51100,,13.13700,44.24000,44.24000,122.17380,122.46460,0.10450,0.10450,2.96980,1.19170,-6.47780,27.23420,17.26600,17.26600,9.18250,5.12710,0.23960,1.92690,8.79720,10.23060,-10.43300,-5.70050,1.26330,2.00020,-1.02320,0.1236,0.1038
2013-03-31,246.16900,177.17700,68.99200,25.89600,,25.89600,43.09600,-45.11200,-2.01600,-0.33500,-1.68100,-1.68100,,-1.68100,43.09600,43.09600,122.16850,122.16850,-0.01490,-0.01490,3.33840,1.15720,-7.52300,28.02630,17.50670,17.50670,-0.81890,-0.68290,0.23080,1.79870,9.04370,9.95170,1.55220,0.77890,-0.15760,-0.24410,-0.85610,-0.08120,-0.11030
2012-12-31,288.55000,216.64600,71.90410,34.53800,,34.53800,37.36600,-8.82900,28.53700,12.05200,16.48500,16.48500,,16.30600,37.36600,37.36600,119.05790,119.17150,0.12990,0.12990,3.27450,1.11660,-10.04200,24.91910,12.94960,12.94960,9.88980,5.65100,0.26550,2.15800,16.00740,5.62240,-20.80070,-8.82670,1.51690,2.42490,-0.65780,-0.103,-0.1323
2012-09-30,272.78300,203.74900,69.03400,25.84100,,25.84100,43.19300,-11.95900,31.23400,13.30200,17.93200,17.93200,,17.58200,43.19300,43.19300,120.02570,120.25880,0.14920,0.14920,2.19000,1.20610,-6.00410,25.30730,15.83420,15.83420,11.45010,6.44540,0.30800,1.91420,22.01640,4.08790,-17.41850,-8.52040,2.02470,3.58980,-0.84090,0.3167,0.3109
2012-06-30,276.59400,211.75200,64.84200,23.91400,,23.91400,40.92800,-35.80000,5.12800,1.23300,3.89500,3.89500,,3.81600,40.92800,40.92800,117.27480,117.56040,0.03550,0.03550,2.24030,1.23120,-5.52730,23.44300,14.79710,14.79710,1.85400,1.37960,0.31230,1.99790,16.04090,5.61060,-3.25840,-1.71550,0.43970,0.75350,-0.99390,0.1445,0.1042
2012-03-31,257.60600,200.18100,57.42500,23.97900,,23.97900,33.44600,-44.62800,-11.18200,-3.49200,-7.69000,-7.69000,,-7.69000,33.44600,33.44600,116.80900,116.80900,-0.06400,-0.06400,1.45790,1.31910,-4.31840,22.29180,12.98340,12.98340,-4.34070,-2.98520,0.29070,1.84190,12.29980,7.31720,5.79640,3.20180,-0.86790,-1.84960,-1.13030,0.34740,0.32830
2011-12-31,292.82700,228.77000,64.05700,28.03400,,28.03400,36.02300,-23.73400,12.28900,4.49200,7.79700,7.79700,,7.00100,36.02300,36.02300,116.23720,116.53740,0.06540,0.09210,1.61720,1.19640,-6.66310,21.87540,12.30180,12.30180,4.19670,2.39080,0.31560,2.09440,8.50700,10.57960,-8.75770,-3.96710,0.84040,1.71990,-0.79650,-0.1957,-0.2182
2011-09-30,288.99500,227.86300,61.13200,23.27700,,23.27700,37.85500,-7.85500,30.00000,12.45100,17.54900,17.54900,,17.19000,37.85500,37.85500,116.74010,126.75860,0.14920,0.14210,1.82320,1.14030,-8.52940,21.15330,13.09880,13.09880,10.38080,5.94820,0.31040,2.06140,16.49890,5.45490,-26.32220,-10.07520,1.88510,3.69360,-0.56800,0.2163,0.1891
2011-06-30,291.18000,231.07300,60.10700,22.14000,,22.14000,37.96700,10.87900,48.84600,18.54500,30.30100,30.30100,,30.30100,37.96700,37.96700,115.82510,126.73900,0.25720,0.23010,1.83860,1.10220,-11.31830,20.64260,13.03900,13.03900,16.77520,10.40630,0.30940,1.96000,14.05170,6.40490,-60.51850,-19.22900,3.21950,6.18330,-0.42620,0.2839,0.323
2011-03-31,260.37800,205.17700,55.20100,23.72500,,23.72500,31.47600,0.54600,32.02200,12.64900,19.37300,19.37300,,18.97600,31.47600,31.47600,115.56060,115.97730,0.16240,0.16240,2.33900,1.10540,-10.97750,21.20030,12.08860,12.08860,12.29830,7.28790,0.28160,1.78170,15.42430,5.83490,-31.57530,-11.47240,2.09540,3.32690,-0.52740,0.00480,0.08220
2010-12-31,277.61790,225.04100,52.57690,21.43500,-1.80000,23.23500,29.34190,-10.77000,18.57200,6.55600,12.01600,12.01600,,11.09800,29.34190,29.34200,115.31180,115.87470,0.10290,0.14740,2.32190,1.07700,-15.10600,18.93860,10.56920,10.56920,6.68980,3.99760,0.29240,2.10160,150.14490,0.59940,-25.98950,-7.81550,1.26540,1.99990,-0.41760,-0.2926,-0.3605
2010-09-30,295.12400,239.16000,55.96400,26.08800,,26.08800,29.87600,-12.34000,17.53600,6.62900,10.90700,10.90700,,10.67900,29.87600,29.87600,115.34200,116.06150,0.09480,0.09480,2.08600,1.07360,-15.05110,18.96290,10.12320,10.12320,5.94190,3.61850,0.34360,2.35110,49.39310,1.82210,-28.93410,-7.51130,1.26970,2.12850,-0.32440,0.4268,0.3663
2010-06-30,268.46000,210.99400,57.46600,22.02800,-14.36100,36.38900,21.07700,9.52500,30.60200,11.37900,19.22300,19.22300,,19.22300,21.07700,21.07700,115.25280,125.78790,0.16120,0.12250,2.46640,1.03660,-29.98460,21.40580,7.85110,7.85110,11.39910,7.16050,0.31580,2.09430,39.81310,2.26060,-98.08650,-15.12330,2.26160,3.58590,-0.16860,0.3397,0.2964
2010-03-31,222.08700,169.91100,52.17600,21.15800,,21.15800,31.01800,-12.15800,18.86000,6.92200,11.93800,11.93800,,11.93800,31.01800,31.01800,115.20010,126.21910,0.10310,0.09020,2.41980,1.02800,-38.95680,23.49350,13.96660,13.96660,8.49220,5.37540,0.29890,1.67210,31.04380,2.89910,-89.33620,-9.87640,1.60660,2.50050,-0.11510,0.10430,0.07420
2009-12-31,236.74800,179.29800,57.45010,21.36200,,21.26200,36.18800,-17.67800,18.51000,5.07700,13.43300,13.43300,,13.43300,36.18800,36.18800,113.23070,113.33850,0.11740,0.11740,2.61200,1.00970,-108.89040,24.26630,15.28550,15.28550,7.81840,5.67400,0.32190,1.82050,29.23540,3.07850,-286.90730,-11.97310,1.82630,2.77970,-0.04240,-0.0325,-0.04
2009-09-30,236.73600,177.79800,58.93800,21.96600,,21.96600,36.97200,-18.09900,18.87300,2.65400,16.21900,16.21900,,16.21900,36.97200,36.97200,112.77220,113.07470,0.13540,0.13540,2.63190,0.97940,49.71500,24.89610,15.61740,15.61740,7.97220,6.85110,0.30530,1.77760,34.69170,2.59430,161.83400,-16.63680,2.09170,3.32780,0.08670,-0.3844,-0.3984
2009-06-30,206.79400,147.76400,59.03000,20.18300,,20.18300,38.84700,-53.13100,-14.28400,-6.33800,-7.94600,-7.94600,,-7.94600,38.84700,38.84700,112.56310,112.56310,-0.06750,-0.06750,1.65160,0.99320,156.15080,28.54530,18.78540,18.78540,-6.90740,-3.84250,0.27310,1.44630,21.74260,4.13930,-298.16130,7.57870,-1.04940,-2.02120,0.02340,0.2796,0.2742
2009-03-31,121.21600,72.52600,48.69000,21.53000,5.00000,17.53000,31.16000,-25.72200,5.43800,2.33800,3.10000,3.10000,,3.10000,31.16000,31.16000,112.54520,112.57290,0.02460,0.02460,1.15450,0.98090,69.41830,40.16800,25.70620,25.70620,4.48620,2.55740,0.17740,0.79220,69.02960,1.30380,55.62540,-3.04110,0.45370,1.06030,0.04940,0.18730,0.18020
