Date,revenue,cost-goods-sold,gross-profit,selling-general-administrative-expenses,other-operating-income-expenses,operating-expenses,operating-income,total-non-operating-income-expense,pre-tax-income,total-provision-income-taxes,income-after-taxes,income-from-continuous-operations,net-income,ebitda,ebit,basic-shares-outstanding,shares-outstanding,eps-basic-net-earnings-per-share,eps-earnings-per-share-diluted,current-ratio,long-term-debt-capital,debt-equity-ratio,gross-margin,operating-margin,ebit-margin,pre-tax-profit-margin,net-profit-margin,asset-turnover,inventory-turnover,receiveable-turnover,days-sales-in-receivables,roe,return-on-tangible-equity,roa,roi,book-value-per-share,operating-cash-flow-per-share,free-cash-flow-per-share
2023-09-30,16.31340,14.76650,1.54690,1.47500,,2.29200,-0.74510,-1.90680,-2.65190,,-2.65190,-2.65190,-2.51740,0.07190,-0.74510,18.12000,18.12000,-0.14000,-0.14000,0.27070,0.51120,1.64650,9.48250,-4.56750,-4.56750,-16.25590,-15.43130,0.21430,231.88590,4.07220,22.10090,-11.09470,15.74040,-3.48400,-5.42270,1.31190,0.0255,-0.0744
2023-06-30,13.59060,12.37590,1.21480,1.38480,,2.05270,-0.83790,-1.08410,-1.92200,,-1.92200,-1.92200,-1.84470,-0.17010,-0.83790,18.06500,18.06500,-0.10000,-0.10000,0.50900,0.59960,1.73400,8.93820,-6.16550,-6.16550,-14.14230,-13.57310,0.17670,249.92170,3.76820,23.88390,-8.17250,10.72540,-2.49880,-3.27240,1.30190,-0.0012,-0.0643
2023-03-31,15.54490,14.03170,1.51320,1.85350,,2.63800,-1.12490,-1.69150,-2.81640,-0.00080,-2.81560,-2.81560,-2.53460,-0.34040,-1.12490,18.06500,18.06500,-0.14000,-0.14000,0.52640,0.58720,1.64210,9.73410,-7.23630,-7.23630,-18.11770,-16.30500,0.20800,200.45880,6.55300,13.73430,-11.41530,16.28180,-3.76790,-4.71170,1.36530,-0.07060,-0.11960
2022-12-31,16.34130,14.68660,1.65470,3.38680,,16.58770,-14.93310,-2.03510,-16.96820,-4.43590,-12.53230,-12.53230,-12.35220,-14.03300,-14.93310,15.98500,15.98500,-0.76000,-0.76000,0.70910,0.56310,1.42870,10.12570,-91.38270,-91.38270,-103.83660,-75.58910,0.21410,311.28840,4.58550,19.62720,-46.31120,80.12850,-16.41590,-20.23250,1.49800,-0.0566,-0.106
2022-09-30,11.76600,10.55340,1.21260,2.42380,,3.54350,-2.33090,0.56790,-1.76300,,-1.76300,-1.76300,-1.58000,-1.21120,-2.33090,17.04700,17.04700,-0.09000,-0.09000,1.08120,0.49930,1.10950,10.30600,-19.81070,-19.81070,-14.98410,-13.42870,0.12410,41.61280,2.12990,42.25510,-4.67970,20.58110,-1.85960,-2.34310,2.08550,-0.016,-0.0413
2022-06-30,,,,3.04200,,,-3.60060,-1.62730,-5.22790,,-5.22790,-5.22790,-4.90530,-3.04200,-3.60060,15.03900,15.03900,-0.33000,-0.33000,1.29000,0.14110,0.26110,,,,,,,,,,-15.43920,-28.15740,-10.11210,-13.26110,2.25150,-0.1235,-0.1831
2022-03-31,,,,1.50410,,,-1.87940,1.15410,-0.72520,-0.00080,-0.72440,-0.72440,-0.60090,-1.50410,-1.87940,13.73000,13.73000,-0.04000,-0.04000,2.31510,0.16950,0.27690,,,,,,,,,,-1.98280,-3.47040,-1.32160,-1.64680,2.42940,-0.06310,-0.07820
2021-12-31,0.00570,,0.00570,1.29430,,,-1.65870,-2.10230,-3.76100,-1.05020,-2.71080,-2.71080,-2.68080,-1.28860,-1.65870,11.97600,11.97600,-0.27000,-0.16000,0.71210,0.21070,0.44600,99.99980,-29248.76000,-29248.76000,-66320.60000,-47272.52000,0.00010,,,,-9.83860,-23.53110,-5.67780,-7.76510,2.23450,-0.0348,-0.2237
2021-09-30,0.96580,0.93820,0.02750,1.06900,,1.43360,-1.40600,-2.71280,-4.11880,-0.72390,-3.39490,-3.39490,-2.90930,-1.04150,-1.40600,12.30400,12.30400,-0.24000,-0.24000,1.25270,0.21000,0.52830,2.85070,-145.58710,-145.58710,-426.48840,-301.24060,0.01970,1.78460,,,-12.65960,-31.88970,-6.93890,-10.00020,0.07260,-0.0359,-0.1081
2021-06-30,0.02200,0.02050,0.00150,1.36150,,1.72610,-1.72460,-9.09680,-10.82140,-0.29650,-10.52490,-10.52490,-9.45310,-1.36000,-1.72460,11.96700,11.96700,-0.79000,-0.79000,,,,6.68180,-7839.20900,-7839.20900,-49188.23000,-42968.76000,,,,,,,,,,-0.0731,-0.1534
2021-03-31,0.09500,0.09190,0.00310,1.77640,,2.13970,-2.13660,12.53200,10.39540,1.02040,9.37500,9.37500,9.51680,-1.77330,-2.13660,11.31000,13.10400,0.84000,0.73000,,,,3.24210,-2249.02300,-2249.02300,10942.51000,10017.73000,,,,,,,,,,-0.09850,-0.13300
2020-12-31,,,,,,,,,,,,,,,,,,,0.00000,,,,,,,,,,,,,,,,,,0.0023,0.0058
2020-09-30,0.39270,0.33840,0.05430,0.59380,0.00300,0.96880,-0.91450,-1.90690,-2.82740,-0.09430,-2.73310,-2.73310,-2.47630,-0.91450,-0.91450,315.55400,315.55400,-0.01000,-0.01000,,,,13.81950,-232.87010,-232.87010,-719.98000,-630.57220,,,,,,,,,,-0.0023,-0.0058
2019-12-31,,,,,,,,,,,,,,,,,,,0.00000,,,,,,,,,,,,,,,,,,0,0
