Date,revenue,cost-goods-sold,gross-profit,research-development-expenses,selling-general-administrative-expenses,operating-expenses,operating-income,total-non-operating-income-expense,pre-tax-income,total-provision-income-taxes,income-after-taxes,income-from-continuous-operations,net-income,ebitda,ebit,basic-shares-outstanding,shares-outstanding,eps-basic-net-earnings-per-share,eps-earnings-per-share-diluted,current-ratio,long-term-debt-capital,debt-equity-ratio,gross-margin,operating-margin,ebit-margin,pre-tax-profit-margin,net-profit-margin,asset-turnover,inventory-turnover,receiveable-turnover,days-sales-in-receivables,roe,return-on-tangible-equity,roa,roi,book-value-per-share,operating-cash-flow-per-share,free-cash-flow-per-share
2024-03-31,755.80000,383.80000,372.00000,44.50000,165.40000,229.90000,142.10000,20.70000,162.80000,26.00000,136.80000,136.80000,136.80000,173.50000,142.10000,154.50000,155.40000,0.89000,0.88000,1.57370,0.68810,2.26210,49.21940,18.80130,18.80130,21.54010,18.10000,0.17550,1.30190,1.45630,61.80210,13.78200,-10.63850,3.17710,4.29880,6.42040,0.58880,0.46460
2023-12-31,788.99980,417.90000,371.09980,43.10000,121.10000,224.69970,146.40000,-22.00000,124.40000,18.20000,106.20000,106.20000,106.20000,178.50000,146.40000,155.10000,156.00000,0.68000,0.69000,1.39490,0.70970,2.56320,47.03420,18.55510,18.55510,15.76680,13.46010,0.18370,1.40900,1.58590,56.74910,11.85800,-7.50480,2.47320,3.44290,5.80430,1.0547,0.9499
2023-09-30,765.40000,406.40000,359.00000,39.10000,177.30000,216.40000,142.60000,-22.70000,119.90000,29.30000,90.60000,90.60000,90.60000,174.60000,142.60000,154.80000,155.80000,0.59000,0.58000,1.50190,0.75430,3.07780,46.90360,18.63080,18.63080,15.66500,11.83700,0.18130,1.29300,1.46100,61.60310,11.84310,-5.87660,2.14600,2.91020,4.95470,0.8479,0.7358
2023-06-30,764.40000,416.30000,348.10000,40.30000,187.20000,227.50000,120.60000,9.70000,130.30000,33.00000,97.30000,97.30000,97.30000,155.50000,120.60000,155.40000,156.30000,0.63000,0.62000,1.50820,0.77550,3.46610,45.53900,15.77710,15.77710,17.04610,12.72890,0.18180,1.26460,1.55710,57.79830,13.87230,-5.93620,2.31360,3.11480,4.53690,0.4952,0.4166
2023-03-31,776.40000,423.40000,353.00000,41.00000,157.50000,219.20000,133.80000,-24.90000,108.90000,26.10000,82.80000,82.80000,82.80000,164.90010,133.80000,155.70000,156.10000,0.53000,0.53000,1.51680,0.79760,3.95330,45.46630,17.23340,17.23340,14.02630,10.66460,0.18150,1.20700,1.64700,54.64450,12.93750,-4.79750,1.93530,2.61890,4.11310,0.51890,0.45800
2022-12-31,871.89990,486.90000,384.99990,40.20000,110.40000,228.60010,156.39980,-55.60000,100.80000,33.10000,67.70000,67.70000,67.70000,190.49980,156.39980,160.50000,161.00000,0.46000,0.46000,1.48940,0.81690,4.46990,44.15640,17.93780,17.93780,11.56100,7.76470,0.20070,1.40720,1.69370,53.13910,11.68250,-3.74260,1.55870,2.13890,3.71470,1.1141,1.0136
2022-09-30,788.00000,428.10000,359.90000,35.00000,174.70000,209.70000,150.20000,-82.30000,67.90000,17.80000,50.10000,50.10000,50.10000,179.70000,150.20000,158.20000,158.70000,0.32000,0.32000,1.53090,0.84060,5.28720,45.67260,19.06090,19.06090,8.61680,6.35790,0.18480,1.13400,1.54150,58.38580,10.02000,-2.66040,1.17500,1.59760,3.16470,0.58,0.4735
2022-06-30,776.40000,428.30000,348.10000,34.90000,176.70000,211.60000,136.50010,-95.30000,41.20000,7.90000,33.30000,33.30000,33.30000,166.30010,136.50010,160.50000,161.20000,0.21000,0.21000,1.58320,0.83790,5.18860,44.83510,17.58120,17.58120,5.30650,4.28900,0.18400,1.31220,1.60950,55.91960,6.62420,-1.80210,0.78920,1.07350,3.16810,0.0529,-0.0341
2022-03-31,748.10000,412.80000,335.30000,34.50000,166.00000,200.50000,134.80000,182.70000,317.50000,67.30000,250.20000,250.20000,250.20000,164.80000,134.80000,165.90000,166.50000,1.51000,1.50000,1.48190,0.82400,4.69050,44.82020,18.01900,18.01900,42.44090,33.44470,0.17400,1.26860,1.72290,52.23630,45.33430,-12.80190,5.81850,7.97730,3.42790,0.24800,0.17180
2021-12-31,790.20000,433.80000,356.39990,32.00000,121.10000,195.50000,160.89990,-13.30000,147.60000,35.20000,112.40000,112.40000,112.40000,196.19990,160.89990,169.00000,170.10000,0.66000,0.66000,1.58370,0.81830,4.51020,45.10250,20.36190,20.36190,18.67880,14.22430,0.18170,1.51150,1.64180,54.81780,19.59210,-6.57540,2.58400,3.55980,3.39070,0.8207,0.7329
2021-09-30,768.50000,422.10000,346.40000,31.20000,147.80000,179.00000,167.40000,-9.00000,158.40000,31.10000,127.30000,127.30000,127.30000,189.90000,167.40000,169.10000,170.30000,0.75000,0.75000,1.51450,0.84480,5.45220,45.07480,21.78270,21.78270,20.61160,16.56470,0.18420,1.60010,1.62200,55.48730,26.82260,-6.98800,3.05160,4.16330,2.80750,0.7348,0.6692
2021-06-30,724.60000,406.10000,318.50000,32.90000,164.60000,197.50000,121.00000,-12.10000,108.90000,26.60000,82.30000,82.30000,82.30000,141.10000,121.00000,169.00000,170.10000,0.49000,0.48000,1.88740,0.85020,5.69140,43.95530,16.69890,16.69890,15.02900,11.35800,0.21700,1.62250,1.82110,49.42180,23.56140,-8.53120,2.46430,3.52950,2.06800,0.3105,0.2477
2021-03-31,707.40000,395.60000,311.80000,33.20000,145.70000,178.90000,132.90000,-13.80000,119.10000,28.10000,91.00000,91.00000,91.00000,153.50000,132.90000,168.70000,169.70000,0.54000,0.54000,1.76800,0.88090,7.42050,44.07690,18.78710,18.78710,16.83630,12.86400,0.21540,1.63000,1.83030,49.17300,33.95520,-8.61740,2.77090,4.04480,1.58800,0.96230,0.89750
2020-12-31,815.00020,452.30000,362.70020,32.50000,152.40000,184.89980,177.80040,-6.70000,171.10000,34.30000,136.80000,136.80000,136.80000,197.30040,177.80020,168.40000,169.40000,0.80000,0.79000,1.41010,0.90350,9.42200,44.50310,21.81600,21.81600,20.99390,16.78530,0.26520,1.93540,1.82290,49.37300,71.36150,-11.88640,4.45170,6.88480,1.13770,1.227,1.196
2020-09-30,746.70000,415.40000,331.30000,31.60000,121.10000,152.70000,178.60000,-0.30000,178.30000,37.30000,141.00000,141.00000,141.00000,199.30000,178.60000,168.40000,168.40000,0.84000,0.84000,1.07220,,0.00810,44.36860,23.91860,23.91860,23.87840,18.88310,0.28680,1.90900,1.73210,51.96060,8.88240,50.75600,5.41540,8.88240,,1.4602,1.3824
2020-06-30,533.70000,302.70000,231.00000,29.20000,111.80000,141.00000,90.00000,-0.40000,89.60000,21.20000,68.40000,68.40000,68.40000,109.60000,90.00000,168.40000,168.40000,0.41000,0.41000,,,,43.28270,16.86340,16.86340,16.78850,12.81620,,,,,,,,,,1.0635,1.0262
2020-03-31,609.20000,346.10000,263.10000,32.90000,123.10000,241.30000,21.80000,-0.50000,21.30000,25.50000,-4.20000,-4.20000,-4.20000,126.40000,21.80000,168.40000,168.40000,-0.02000,-0.02000,,,,43.18780,3.57850,3.57850,3.49640,-0.68940,,,,,,,,,,0.33020,0.28620
2019-12-31,,,,,,,,,,,,,,,,,,,0.00000,,,,,,,,,,,,,,,,,,-1.9139,-1.7536
2019-09-30,714.40000,406.40000,308.00000,34.80000,118.30000,153.10000,154.90000,2.70000,157.60000,36.60000,121.00000,121.00000,121.00000,154.90000,154.90000,168.40000,168.40000,0.72000,0.72000,,,,43.11310,21.68250,21.68250,22.06050,16.93730,,,,,,,,,,1.9139,1.7536
2018-12-31,,,,,,,,,,,,,,,,,,,0.00000,,,,,,,,,,,,,,,,,,0,0
