Date,revenue,cost-goods-sold,gross-profit,selling-general-administrative-expenses,other-operating-income-expenses,operating-expenses,operating-income,total-non-operating-income-expense,pre-tax-income,total-provision-income-taxes,income-after-taxes,income-from-continuous-operations,net-income,ebitda,ebit,basic-shares-outstanding,shares-outstanding,eps-basic-net-earnings-per-share,eps-earnings-per-share-diluted,current-ratio,long-term-debt-capital,debt-equity-ratio,gross-margin,operating-margin,ebit-margin,pre-tax-profit-margin,net-profit-margin,asset-turnover,inventory-turnover,receiveable-turnover,days-sales-in-receivables,roe,return-on-tangible-equity,roa,roi,book-value-per-share,operating-cash-flow-per-share,free-cash-flow-per-share
2024-03-31,209.73000,80.23100,129.49900,48.17100,,75.14600,54.35300,-15.38100,38.97200,9.82300,29.14900,29.14900,29.14900,82.60000,54.35300,166.24100,168.72600,0.18000,0.17000,2.75070,0.69800,2.31120,61.74560,25.91570,25.91570,18.58200,13.89840,0.11850,4.63820,0.93100,96.67460,6.49210,-4.35700,1.64700,1.96070,2.69640,0.20350,0.11880
2023-12-31,211.01300,88.45100,122.56200,73.05600,,99.23300,23.32900,-22.18900,1.14000,-1.88200,3.02200,3.02200,3.02200,50.64000,23.32900,158.77700,160.01700,0.02000,0.02000,2.04650,0.70940,2.46310,58.08270,11.05570,11.05570,0.54030,1.43210,0.11790,4.92320,0.89840,100.18340,0.71700,-0.42240,0.16880,0.20830,2.53050,0.2828,0.1626
2023-09-30,209.93300,80.88700,129.04600,42.27600,,69.87300,59.17300,-17.36800,41.80500,11.49700,30.30800,30.30800,30.30800,87.83400,59.17300,168.08900,169.49700,0.18000,0.18000,2.08180,0.71830,2.57230,61.47010,28.18660,28.18660,19.91350,14.43700,0.11950,4.05590,0.90560,99.38400,7.50090,-4.07080,1.72590,2.11290,2.42950,0.2979,0.2561
2023-06-30,204.46100,75.95700,128.50400,43.20500,,72.29300,56.21100,-24.58100,31.63000,12.52200,19.10800,19.10800,19.10800,86.39900,56.21100,151.13200,152.59000,0.13000,0.13000,3.00090,0.70830,2.44730,62.85010,27.49230,27.49230,15.46990,9.34550,0.10730,3.83800,0.94310,95.42570,4.10660,-2.70730,1.00240,1.19800,2.78760,0.412,0.3348
2023-03-31,191.90300,71.45600,120.44700,40.01300,,70.34600,50.10100,-37.67900,12.42200,7.84500,4.57700,4.57700,4.57700,81.68700,50.10100,149.16500,153.12900,0.03000,0.03000,1.97130,0.82790,4.84900,62.76450,26.10750,26.10750,6.47310,2.38510,0.11220,3.77610,0.90330,99.62920,1.93030,-0.48030,0.26750,0.33220,1.58110,0.29530,0.17530
2022-12-31,186.07000,69.51700,116.55300,40.22000,,74.51300,42.04000,-7.04300,34.99700,6.77900,28.21800,28.21800,28.21800,76.78000,42.04000,152.84800,159.02600,0.20000,0.14000,1.94100,0.83740,5.24510,62.63930,22.59360,22.59360,18.80850,15.16530,0.10590,3.60060,0.95630,94.11040,12.21190,-2.87990,1.60670,1.98560,1.55120,0.4332,0.3571
2022-09-30,197.65600,75.99700,121.65900,41.12600,,76.16100,45.49800,-12.52600,32.97200,8.39600,24.57600,24.57600,24.57600,82.00600,45.49800,151.42900,158.30400,0.16000,0.15000,1.97060,0.86070,6.22410,61.55090,23.01880,23.01880,16.68150,12.43370,0.11500,4.24040,0.95060,94.68130,12.61010,-2.37960,1.43020,1.75680,1.30320,0.3387,0.2536
2022-06-30,187.48700,67.23500,120.25200,40.15200,,75.09100,45.16100,-2.88100,42.28000,12.63900,29.64100,29.64100,29.64100,81.08800,45.16100,154.69400,160.34400,0.19000,0.15000,2.10490,0.83150,4.98360,64.13890,24.08750,24.08750,22.55090,15.80960,0.10530,4.06280,0.90730,99.19700,12.13690,-2.91050,1.66540,2.04510,1.59390,0.4067,0.3363
2022-03-31,170.38500,60.83700,109.54800,41.63500,,77.54200,32.00600,-15.14700,16.85900,6.81900,10.04000,10.04000,10.04000,68.98700,32.00600,156.13000,160.74900,0.06000,0.06000,2.35480,0.81390,4.41680,64.29440,18.78450,18.78450,9.89470,5.89250,0.09340,3.93740,0.80600,111.65950,3.64010,-0.98220,0.55030,0.67740,1.76530,0.19440,0.12300
2021-12-31,169.98000,64.09500,105.88500,37.15500,,69.15000,36.73500,-8.72700,28.00800,8.94200,19.06600,19.06600,19.06600,70.04800,36.73500,159.98300,163.77800,0.12000,0.14000,1.98680,0.82280,4.78430,62.29260,21.61140,21.61140,16.47720,11.21660,0.09250,5.30020,0.89420,100.64670,7.33410,-1.78820,1.03790,1.29990,1.66560,0.398,0.3398
2021-09-30,162.09500,59.11200,102.98300,31.58000,,61.10900,41.87400,-3.07600,38.79800,11.49200,27.30600,27.30600,27.30600,72.53500,41.87400,159.35800,165.43100,0.17000,0.14000,3.18250,0.79850,4.00050,63.53250,25.83300,25.83300,23.93540,16.84570,0.10940,,0.80290,112.09260,11.20630,-3.83990,1.84260,2.25850,1.56630,0.5558,0.511
2021-06-30,128.65700,43.91000,84.74700,26.22900,,53.24100,31.50600,-18.61000,12.89600,8.90400,3.99200,3.99200,3.99200,59.64800,31.50600,162.37800,166.02800,0.02000,0.02000,3.94930,0.75330,3.08280,65.87050,24.48840,24.48840,10.02360,3.10280,0.08250,,0.53880,167.04600,1.26160,-0.59960,0.25600,0.31130,1.94830,0.1702,0.1433
2021-03-31,89.85800,31.39900,58.45900,28.44300,,56.70800,1.75100,-13.55200,-11.80100,-2.88600,-8.91500,-8.91500,-8.91500,31.55800,1.75100,162.29700,162.29700,-0.05000,-0.05000,6.85500,0.75790,3.15200,65.05710,1.94860,1.94860,-13.13290,-9.92120,0.06000,,0.43230,208.19450,-2.88960,1.49370,-0.59540,-0.69950,1.90020,0.05550,0.03270
2020-12-31,100.16300,35.79000,64.37300,25.44600,,54.28800,10.08500,-21.91200,-11.82700,2.25500,-14.08200,-14.08200,-14.08200,40.53900,10.08500,161.63200,161.63200,-0.09000,0.01000,5.12240,0.72520,2.66830,64.26820,10.06860,10.06860,-11.80780,-14.05910,0.07330,316.72560,0.54790,164.27740,-4.46240,2.29720,-1.02990,-1.22610,1.94470,0.0174,-0.02
2020-09-30,96.90800,34.53900,62.36900,17.51100,,47.10100,15.26800,-0.19600,15.07200,3.98600,11.08600,11.08600,11.08600,46.30600,15.26800,161.74400,162.56800,0.07000,0.07000,4.32670,0.70790,2.45030,64.35900,15.75520,15.75520,15.55290,11.43970,0.07060,,0.61660,145.96070,3.22340,-1.83860,0.80800,0.94140,2.12600,0.1334,0.1091
2020-06-30,79.80900,36.77200,43.03700,20.82100,,49.98700,-6.95000,-20.79600,-27.74600,-4.02400,-23.72200,-23.72200,-23.72200,23.41200,-6.95000,161.71000,161.71000,-0.15000,-0.15000,4.16330,0.71550,2.54230,53.92500,-8.70830,-8.70830,-34.76550,-29.72350,0.05890,,0.57920,155.37800,-7.15060,3.72850,-1.75050,-2.03440,2.05120,0.0491,0.0103
2020-03-31,116.71300,42.16800,74.54500,25.88600,,55.13200,19.41300,5.94100,25.35400,3.21400,22.14000,22.14000,22.14000,49.56600,19.41300,160.92400,164.42700,0.14000,0.04000,3.69300,0.70810,2.45240,63.87040,16.63310,16.63310,21.72340,18.96960,0.08490,,0.92480,97.31330,6.42860,-3.42040,1.61120,1.87640,2.13000,0.09030,0.04070
2019-12-31,112.46100,36.20000,76.26100,22.78400,,52.06700,24.19400,-27.45600,-3.26200,3.82500,-7.08700,-7.08700,-7.08700,54.83400,24.19400,157.89000,160.08000,-0.04000,-0.04000,2.59760,0.73010,2.79850,67.81110,21.51330,21.51330,-2.90060,-6.30170,0.07990,,0.99070,90.84510,-2.28900,0.99960,-0.50350,-0.61770,1.94540,0.2519,0.1734
2019-09-30,128.24000,41.59100,86.64900,21.29300,,49.99000,36.65900,-12.20500,24.45400,6.70200,17.75200,17.75200,17.75200,66.83300,36.65900,158.61000,163.70500,0.11000,0.11000,3.18980,0.72370,2.64750,67.56780,28.58630,28.58630,19.06890,13.84280,0.09320,,1.03620,86.85240,5.41900,-2.60920,1.29020,1.49710,2.06540,0.3013,0.282
2019-06-30,109.57500,36.32600,73.24900,20.86500,-5.89800,55.61300,17.63600,-12.31100,5.32500,1.73400,3.59100,3.59100,3.59100,48.25700,17.63600,157.84600,161.97700,0.02000,0.02000,2.99130,0.73500,2.80230,66.84830,16.09490,16.09490,4.85970,3.27720,0.08140,,0.91440,98.42460,1.15900,-0.49670,0.26670,0.30720,1.95340,0.0439,0.0152
2019-03-31,98.46100,31.00300,67.45800,20.55100,,49.49200,17.96600,-13.82600,4.14000,1.32000,2.82000,2.82000,2.82000,48.73800,17.96600,156.05700,156.45800,0.02000,0.02000,2.43580,0.73830,2.85040,68.51240,18.24680,18.24680,4.20470,2.86410,0.07210,,0.88400,101.81160,0.92510,-0.37470,0.20650,0.24210,1.92250,0.23870,0.17980
2018-12-31,95.10600,31.17500,63.93100,50.27600,,78.79900,-14.86800,-27.88600,-42.75400,-11.70900,-31.04500,-31.04500,-31.04500,15.87400,-14.86800,87.32000,87.32000,-0.26000,-0.26000,2.69360,0.74010,2.87810,67.22080,-15.63310,-15.63310,-44.95400,-32.64250,0.07070,,0.94660,95.07320,-10.27790,3.99440,-2.30860,-2.67100,1.93550,-0.0676,-0.1028
2018-09-30,107.60200,30.93000,76.67200,21.68700,,50.47700,26.19500,-17.37000,8.82500,2.31200,6.51300,6.51300,6.51300,57.70500,26.19500,72.90400,72.90400,0.09000,0.09000,0.04120,,,71.25520,24.34430,24.34430,8.20150,6.05290,0.26490,,,,130.25980,130.26000,1.60340,130.25980,0.42460,0.4588,0.3429
2018-06-30,98.19700,31.32900,66.86800,27.58800,,55.08400,11.78400,-16.81300,-5.02900,-0.23400,-4.79500,-4.79500,-4.79500,41.85200,11.78400,72.48400,72.48400,-0.07000,-0.07000,0.13970,,,68.09580,12.00040,12.00040,-5.12130,-4.88300,0.24240,,,,-95.89980,-95.90000,-1.18380,-95.89980,0.42710,0.224,0.165
2018-03-31,69.24100,24.68400,44.55700,33.27600,,51.82000,-7.26300,-21.50500,-28.76800,-6.61000,-22.15800,-22.15800,-22.15800,12.93100,-7.26300,62.50100,62.50100,-0.35000,-0.35000,1.44000,,,64.35060,-10.48950,-10.48950,-41.54760,-32.00130,0.17110,,,,-443.15950,-443.15460,-5.47410,-443.15940,0.43290,-0.05110,-0.14530
2017-12-31,,,,85.34940,0.13500,,-223.23840,-20.31440,-11.44280,-29.97260,18.52980,18.52980,18.52980,-223.23840,8.87160,60.48400,60.48400,0.31000,0.31000,2.72520,0.74290,2.91100,,,,,,,,,,12.58260,-5.28070,2.78700,3.23550,2.43480,0.7983,0.3879
2017-09-30,,,,0.13570,-0.04500,,-0.18070,0.98300,0.80230,0.54760,0.25470,0.25470,0.25470,-0.18070,-0.18070,50.00000,50.00000,0.01000,0.01000,7.55170,,,,,,,,,,,,5.09370,5.09370,0.06320,5.09370,0.42810,0.0307,0.0307
2017-06-30,,,,0.14090,-0.04500,,-0.18590,0.72780,0.54190,,0.54190,0.54190,0.54190,-0.18590,-0.18590,,,,0.00000,3.02080,,,,,,,,,,,,10.83890,10.83890,0.13470,10.83890,0.42720,-0.0014,-0.0014
2017-03-31,,,,0.14000,-0.04500,,-0.18500,0.33660,0.15160,,0.15160,0.15160,0.15160,-0.18500,-0.18500,42.41230,42.41230,0.00000,0.00000,3.49700,,,,,,,,,,,,3.03190,3.03190,0.03770,3.03190,0.42520,0.00140,0.00140
2016-12-31,,,,,,,,,,,,,,,,,,,0.00000,,,,,,,,,,,,,,,,,,0,0
