Date,revenue,cost-goods-sold,gross-profit,selling-general-administrative-expenses,other-operating-income-expenses,operating-expenses,operating-income,total-non-operating-income-expense,pre-tax-income,total-provision-income-taxes,income-after-taxes,income-from-continuous-operations,net-income,ebitda,ebit,basic-shares-outstanding,shares-outstanding,eps-basic-net-earnings-per-share,eps-earnings-per-share-diluted,current-ratio,long-term-debt-capital,debt-equity-ratio,gross-margin,operating-margin,ebit-margin,pre-tax-profit-margin,net-profit-margin,asset-turnover,inventory-turnover,receiveable-turnover,days-sales-in-receivables,roe,return-on-tangible-equity,roa,roi,book-value-per-share,operating-cash-flow-per-share,free-cash-flow-per-share
2024-06-30,1952.80000,1211.60000,741.20010,363.80000,1.90000,405.20000,336.00010,-71.30000,264.70000,86.60000,178.10000,178.10000,178.10000,406.40010,336.00010,374.73400,384.48800,0.48000,0.46000,1.36090,0.65460,1.90890,37.95580,17.20610,17.20610,13.55490,9.12020,0.24080,1.09780,0.88010,102.25930,11.58370,-13.07640,2.19650,4.00120,4.09880,0.9791,0.8634
2024-03-31,1639.10000,1072.70000,566.40000,314.00000,-3.50000,363.80000,202.60000,-215.60000,-13.00000,-7.10000,-5.90000,-5.90000,-5.90000,273.40000,202.60000,379.13500,379.13500,-0.02000,-0.02000,1.34020,0.67670,2.10800,34.55560,12.36040,12.36040,-0.79310,-0.36000,0.21590,1.08670,0.78160,115.14800,-0.42340,0.38180,-0.07770,-0.13690,3.72600,0.36270,0.26640
2023-12-31,1865.40000,1182.00000,683.39990,348.80000,0.90000,398.20000,285.20000,-97.90000,187.30000,-45.30000,232.60000,232.60000,232.60000,355.70000,285.20010,380.14400,386.22600,0.61000,0.61000,1.73570,0.59160,1.45960,36.63560,15.28890,15.28900,10.04070,12.46920,0.23320,1.33670,0.88070,102.19200,11.54400,-23.53540,2.90800,4.71420,5.27750,0.9295,0.7963
2023-09-30,1742.60000,1115.00000,627.60000,327.20000,-2.70000,376.70000,250.90000,-105.10000,145.80000,51.70000,94.10000,94.10000,94.10000,320.70000,250.90000,380.89900,388.24100,0.25000,0.24000,1.72310,0.63040,1.71820,36.01520,14.39800,14.39800,8.36680,5.40000,0.23500,1.20970,0.86240,104.36300,5.49040,-7.56130,1.26920,2.02930,4.49430,0.6289,0.56
2023-06-30,1734.10000,1140.10000,594.00000,327.60000,-6.10000,388.20000,205.80000,-92.90000,112.90000,29.70000,83.20000,83.20000,83.20000,275.10000,205.80000,379.93800,382.35100,0.22000,0.22000,1.64350,0.63840,1.77870,34.25410,11.86780,11.86780,6.51060,4.79790,0.23900,1.23900,0.85740,104.97320,5.01780,-5.99380,1.14650,1.81440,4.35920,0.6631,0.5943
2023-03-31,1521.10000,1025.60000,495.50000,308.70000,1.80000,365.20000,130.30000,-42.60000,87.70000,37.40000,50.30000,50.30000,50.30000,199.60010,130.30000,378.13000,381.68400,0.13000,0.12000,1.69440,0.67050,2.04910,32.57510,8.56620,8.56620,5.76560,3.30680,0.20970,1.13510,0.76360,117.85620,3.24350,-3.28350,0.69330,1.06870,4.09040,0.11000,0.06450
2022-12-31,1654.60000,1142.90000,511.69980,303.30000,2.70000,349.30000,162.40010,-78.90000,83.50000,56.90000,26.60000,26.60000,26.60000,233.00010,162.39990,376.73100,378.22400,0.07000,0.08000,1.66430,0.68730,2.21300,30.92590,9.81510,9.81510,5.04650,1.60760,0.23320,1.39040,0.87600,102.73900,1.84480,-1.60350,0.37490,0.57690,3.82090,0.4796,0.381
2022-09-30,1481.10000,1051.80000,429.29990,295.20000,-1.40000,349.30000,80.00000,-48.60000,31.40000,10.20000,21.20000,21.20000,21.20000,158.30000,80.00000,377.01700,377.44400,0.06000,0.06000,1.61760,0.71790,2.56140,28.98520,5.40140,5.40140,2.12000,1.43140,0.21690,1.30770,0.84940,105.96310,1.67310,-1.18980,0.31050,0.47210,3.36050,0.0121,-0.0535
2022-06-30,1399.40000,1027.90000,371.50000,287.60000,-1.10000,345.30000,26.20000,5.50000,31.70000,11.40000,20.30000,20.30000,20.30000,105.70000,26.20000,376.59500,377.25800,0.05000,0.05000,1.54560,0.69760,2.32250,26.54710,1.87220,1.87220,2.26530,1.45060,0.20500,1.29360,0.83490,107.80190,1.50180,-1.09250,0.29730,0.45420,3.58810,-0.5475,-0.6186
2022-03-31,1156.40000,852.80000,303.60000,292.20000,1.90000,348.80000,-45.20000,65.60000,20.40000,11.90000,8.50000,8.50000,8.50000,36.30010,-45.20000,375.97200,379.69300,0.02000,-0.23000,1.43080,0.66960,2.04120,26.25390,-3.90870,-3.90870,1.76410,0.73500,0.16730,1.10110,0.75370,119.41110,0.58460,-0.44300,0.12300,0.19320,3.86740,-0.34820,-0.39610
2021-12-31,1410.50000,1036.80000,373.70010,329.40000,2.90000,377.60000,-3.90000,25.50000,21.60000,-0.40000,22.00000,22.00000,22.00000,67.70000,-3.90020,355.54500,360.14000,0.06000,0.06000,1.45490,0.67540,2.09660,26.49420,-0.27650,-0.27650,1.53140,1.55970,0.20330,1.68230,0.91810,98.03330,1.55180,-1.07290,0.31700,0.50360,3.77250,0.1054,0.0263
2021-09-30,1228.90000,847.20000,381.70000,257.80000,-14.30000,299.90000,81.80010,10.10000,91.90000,35.70000,56.20000,56.20000,56.20000,134.50000,81.80010,352.48300,363.19900,0.16000,0.15000,1.73760,0.72950,2.72390,31.06030,6.65640,6.65640,7.47820,4.57320,0.23360,1.46730,0.88660,101.51270,7.15290,-5.65280,1.06810,1.93520,2.22890,0.1437,0.1155
2021-06-30,1260.30000,851.00000,409.30000,271.70000,-2.40000,307.10000,102.20000,-91.20000,11.00000,1.30000,9.70000,9.70000,9.70000,157.20000,102.20000,352.19900,356.65300,0.03000,0.03000,1.66550,0.74060,2.88370,32.47640,8.10920,8.10920,0.87280,0.76970,0.23640,1.54330,0.91720,98.11950,1.30430,-0.88620,0.18190,0.33840,2.11080,0.1648,0.115
2021-03-31,1098.40000,740.40000,358.00010,250.10000,5.70000,278.20000,79.80010,-38.10000,41.70000,10.00000,31.70000,31.70000,31.70000,133.80010,79.80010,349.60400,353.44900,0.09000,0.09000,1.62040,0.74480,2.94900,32.59290,7.26510,7.26510,3.79640,2.88600,0.21280,1.44860,0.84850,106.06790,4.35020,-2.79590,0.61420,1.11010,2.07300,0.17170,0.12110
2020-12-31,1305.60000,878.29990,427.30020,265.60000,-9.20000,307.30010,120.00000,-59.40000,60.60000,20.10000,40.50000,40.50000,40.50000,173.90000,119.99990,307.07600,307.07600,0.29000,0.29000,1.44630,0.80620,4.20330,32.72830,9.19120,9.19120,4.64150,3.10200,0.25730,1.96660,0.96400,93.36400,7.90860,-2.89780,0.79820,1.53260,1.49730,0.6365,0.5674
2020-09-30,1162.00000,749.00000,413.00000,251.70000,-22.00000,377.90000,35.10010,-114.10000,-79.00000,24.50000,-103.50000,-103.50000,-103.50000,86.70010,35.10010,328.41200,328.41200,-0.32000,-0.32000,1.40550,0.85740,6.12290,35.54220,3.02070,3.02070,-6.79860,-8.90710,0.24350,1.60900,0.90170,99.81330,-27.84500,6.67010,-2.16900,-3.97080,1.13180,0.4144,0.3937
2020-06-30,1005.70000,659.30000,346.40000,226.30000,-14.90000,275.80000,70.60000,-112.30000,-41.70000,14.30000,-56.00000,-56.00000,-56.00000,122.30000,70.60000,328.41200,328.41200,-0.17000,-0.17000,1.52950,0.87290,6.98550,34.44370,7.02000,7.02000,-4.14640,-5.56830,0.21260,1.40910,0.84870,106.04550,-15.95900,3.52160,-1.18400,-2.02910,1.06850,0.4384,0.4148
2020-03-31,897.30000,610.30000,287.00000,264.80000,-3.10000,299.20000,-12.20000,-182.30000,-194.50000,13.80000,-208.30000,-208.30000,-208.30000,44.20000,-12.20000,240.65700,240.65700,-0.87000,-0.87000,1.49880,0.87930,7.35490,31.98480,-1.35960,-1.35960,-21.67610,-23.21410,0.19380,1.36990,0.78440,114.74420,-62.75990,12.62650,-4.49900,-7.57230,1.01060,-0.80900,-0.84440
2019-12-31,1171.60000,784.29990,387.30050,291.80010,,437.90110,-50.60030,22.30000,-28.30000,5.60000,-33.90000,-33.90000,-33.90000,7.09970,-50.60040,118.26200,118.26200,-0.28000,-0.28000,1.32750,1.25510,-4.91960,33.05740,-4.31890,-4.31890,-2.41550,-2.89350,0.25160,1.95590,0.96650,93.11880,4.80990,1.23170,-0.72790,-1.22710,-5.95960,0.9775,0.75
2019-09-30,1070.70000,719.40000,351.29990,259.30000,,259.30000,91.99990,-109.30000,-17.30000,-3.60000,-13.70000,-13.70000,-13.70000,149.79990,91.99990,118.26200,118.26200,-0.12000,-0.12000,0.44420,,,32.81030,8.59250,8.59250,-1.61580,-1.27950,1.51750,,,,-273.99990,-274.00000,-1.94170,-273.99990,0.24790,0.1987,0.1158
2019-06-30,1134.10000,766.90000,367.20000,263.30000,,263.30000,103.90000,-106.80000,-2.90000,16.00000,-18.90000,-18.90000,-18.90000,162.10000,103.90000,118.26200,118.26200,-0.16000,-0.16000,1.00820,,,32.37810,9.16150,9.16150,-0.25570,-1.66650,1.61390,,,,-377.99990,-378.00000,-2.68960,-377.99990,0.24860,-0.405,-0.5555
2019-03-31,1054.80000,707.60000,347.20000,286.40000,,286.40000,60.80010,-116.60000,-55.80000,18.50000,-74.30000,-74.30000,-74.30000,117.90010,60.80010,118.26200,118.26200,-0.63000,-0.63000,0.45710,,,32.91620,5.76410,5.76410,-5.29010,-7.04400,1.50500,,,,-1485.99900,-1486.00000,-10.60100,-1485.99900,0.24710,-0.28500,-0.37630
2018-12-31,,,,1223.42400,,,-4092.39400,,-274.39350,49.18840,-323.58180,-323.58180,-316.68190,-4092.39400,193.20660,118.26200,118.26200,-2.68000,-2.68000,0.92130,,,,,,,,,,,,-6471.63500,-6471.63700,-46.40240,-6471.63500,0.24820,-1.9011,-2.6436
2018-09-30,,,,0.25240,3.15590,,2.90350,,2.90350,0.60740,2.29610,2.29610,2.29610,2.90350,2.90350,86.25000,86.25000,0.03000,0.03000,0.96080,,,,,,,,,,,,45.92180,45.92240,0.33030,45.92180,0.24810,0.0245,0.0245
2018-06-30,,,,0.12290,0.61370,,0.49080,,0.49080,0.10440,0.38640,0.38640,0.38640,0.49080,0.49080,86.25000,86.25000,0.00000,0.00000,1.96170,,,,,,,,,,,,7.72760,7.72750,0.05580,7.72760,0.24910,0.0003,0.0003
2018-03-31,,,,0.00080,,,-0.00080,,-0.00080,-0.00020,-0.00060,-0.00060,-0.00060,-0.00080,-0.00080,17.25000,17.25000,0.00000,0.00000,,,,,,,,,,,,,,,,,,0.00000,
2017-12-31,,,,,,,,,,,,,,,,,,,0.00000,,,,,,,,,,,,,,,,,,0,0
2017-09-30,,,,,,,,,,,,,,,,17.25000,17.25000,,0.00000,,,,,,,,,,,,,,,,,,0,0
2017-06-30,,,,,,,,,,,,,,,,17.25000,17.25000,,0.00000,,,,,,,,,,,,,,,,,,0,0
2016-12-31,,,,,,,,,,,,,,,,,,,0.00000,,,,,,,,,,,,,,,,,,0,0
