Date,revenue,gross-profit,selling-general-administrative-expenses,other-operating-income-expenses,operating-income,total-non-operating-income-expense,pre-tax-income,total-provision-income-taxes,income-after-taxes,income-from-continuous-operations,net-income,ebitda,ebit,basic-shares-outstanding,shares-outstanding,eps-basic-net-earnings-per-share,eps-earnings-per-share-diluted,current-ratio,long-term-debt-capital,debt-equity-ratio,gross-margin,operating-margin,ebit-margin,pre-tax-profit-margin,net-profit-margin,asset-turnover,receiveable-turnover,days-sales-in-receivables,roe,return-on-tangible-equity,roa,roi,book-value-per-share,operating-cash-flow-per-share,free-cash-flow-per-share
2023-12-31,214.58700,214.58700,23.47000,-134.91200,38.95600,12.83700,51.79300,13.29400,38.49900,38.49900,30.83400,,38.95600,7.17800,7.32000,4.30000,4.21000,,,,,,,,,,,,,,,,,,
2023-09-30,219.27100,219.27100,24.15700,-132.63400,44.90300,5.43200,50.33500,12.18100,38.15400,38.15400,30.90600,62.70500,44.90300,7.25800,7.37900,4.26000,4.19000,13.10130,0.23990,0.31560,100.00000,20.47830,20.47830,22.95560,14.09490,0.05820,2.04900,43.92400,4.39790,210.60980,1.01330,3.34280,120.77850,17.3242,16.7967
2023-06-30,213.53600,213.53600,25.46000,-131.73700,39.04600,2.04400,41.09000,10.91000,30.18000,30.18000,30.25700,57.49600,39.04600,7.30800,7.38500,4.14000,4.10000,5.65740,,0.34340,100.00000,18.28540,18.28540,19.24270,14.16950,0.05860,2.04880,43.92780,3.52280,-369.31000,0.82780,3.52280,118.08530,19.6211,19.4715
2023-03-31,197.87400,197.87400,23.71500,-130.04400,28.57900,14.76700,43.34600,8.70300,34.64300,34.64300,38.62400,44.60500,28.57900,7.24500,7.41000,5.33000,5.21000,22.77390,0.23170,0.30160,100.00000,14.44300,14.44300,21.90590,19.51950,0.05350,2.02120,44.52790,4.10320,51.45020,0.93680,3.15250,115.84760,-5.79740,-5.99280
2022-12-31,198.37100,198.37100,24.36500,-127.08800,31.22100,7.90500,39.12600,13.29100,25.83500,25.83500,35.40000,51.78700,31.22100,7.39100,7.58200,4.85000,4.74000,13.10280,0.23660,0.30990,100.00000,15.73870,15.73870,19.72370,17.84540,0.05020,1.99820,45.04020,3.13940,81.80540,0.65360,2.39670,114.58310,-3.251,-3.3828
2022-09-30,210.26100,210.26100,26.81800,-119.86400,44.01700,-5.84800,38.16900,10.75400,27.41500,27.41500,31.68000,60.89000,44.01700,7.30800,7.46300,4.33000,4.25000,13.06440,0.24070,0.31690,100.00000,20.93450,20.93450,18.15320,15.06700,0.05930,2.00830,44.81360,3.40160,-264.29690,0.77310,2.58300,111.44070,15.8047,15.6417
2022-06-30,225.30700,225.30700,28.58300,-124.46800,56.67000,-25.93100,30.73900,16.48000,14.25900,14.25900,17.40200,75.08900,56.67000,7.44900,7.60700,2.34000,2.29000,8.78380,0.24420,0.32310,100.00000,25.15240,25.15240,13.64320,7.72370,0.06360,2.08140,43.24020,1.80110,-37.71930,0.40240,1.36120,108.82540,15.3761,15.123
2022-03-31,252.44000,252.44000,32.84600,-138.44500,65.55200,-9.69800,55.85400,16.73500,39.11900,39.11900,33.05900,82.05600,65.55200,7.54600,7.83900,4.38000,4.22000,4.26310,,0.32270,100.00000,25.96740,25.96740,22.12570,13.09580,0.06820,2.03430,44.24130,4.74610,-196.58670,1.05670,4.74610,110.29480,-10.43180,-10.75200
2021-12-31,266.26210,266.26210,72.72400,-131.40900,83.65310,5.81800,89.47100,27.45800,62.01300,62.01300,49.84000,99.75110,83.65310,7.67200,8.00300,6.52000,6.25000,5.80790,,0.31840,100.00000,31.41760,31.41760,33.60260,18.71840,0.06770,2.14950,41.87070,7.41230,-2638.74200,1.57630,7.41230,111.46110,30.1189,29.9934
2021-09-30,252.06400,252.06400,,-110.78400,93.28200,5.05200,98.33400,25.82300,72.51100,72.51100,58.73600,106.44700,93.28200,7.69100,7.98400,7.64000,7.36000,15.50940,0.24520,0.32490,100.00000,37.00730,37.00730,39.01150,23.30200,0.06670,1.98530,45.33390,8.83090,53.58840,1.91930,6.66550,108.21160,23.1946,23.1323
2021-06-30,244.01100,244.01100,36.02100,-110.23500,86.41100,12.08700,98.49800,22.40100,76.09700,76.09700,62.96700,99.28600,86.41100,7.69800,8.00700,8.18000,7.86000,19.39050,0.19410,0.24080,100.00000,35.41280,35.41280,40.36620,25.80500,0.06610,2.03140,44.30530,9.63450,81.25950,2.06070,7.76450,103.21970,11.2237,11.0001
2021-03-31,216.89700,216.89700,32.29400,-111.89800,62.14200,5.22500,67.36700,15.15300,52.21400,52.21400,36.58800,73.92500,62.14200,7.63300,8.05200,4.79000,4.54000,23.31080,0.20950,0.26500,100.00000,28.65050,28.65050,31.05940,16.86880,0.05860,1.86720,48.19980,7.06840,162.44870,1.41040,5.58780,96.56140,18.64770,18.32970
2020-12-31,171.64600,171.64600,18.50700,-93.57900,50.93110,24.97100,75.90200,14.08800,61.81400,61.81400,43.31500,56.05010,50.93100,7.62000,7.97600,5.75000,5.46000,7.88220,,0.27910,100.00000,29.67210,29.67210,44.22010,25.23510,0.04950,2.03130,44.30580,8.57410,41.12430,1.78300,8.57410,95.07320,19.2033,19.1712
2020-09-30,154.79000,154.79000,19.57000,-84.83800,41.00900,11.90300,52.91200,11.97800,40.93400,40.93400,29.64800,63.28000,41.00900,7.68400,7.99700,3.86000,3.71000,23.44170,0.24060,0.31690,100.00000,26.49330,26.49330,34.18310,19.15370,0.04570,2.02030,44.54710,5.94960,37.26250,1.20720,4.51800,90.37330,9.4104,9.3719
2020-06-30,132.89400,132.89400,19.52400,-77.59900,26.62200,-2.83500,23.78700,7.57800,16.20900,16.20900,11.27900,37.82200,26.62200,7.72000,7.89500,1.46000,1.43000,32.42110,0.26050,0.35220,100.00000,20.03250,20.03250,17.89920,8.48720,0.03980,1.83470,49.05530,2.43190,20.05570,0.48530,1.79850,86.96650,-22.9654,-22.9773
2020-03-31,144.56600,144.56600,19.40900,-91.76400,24.60200,-13.30500,11.29700,10.29100,1.00600,1.00600,-4.28500,35.99700,24.60200,7.42200,7.42200,-0.58000,-0.58000,8.58060,,0.37730,100.00000,17.01780,17.01780,7.81440,-2.96400,0.04260,2.17150,41.44590,0.15090,1.37350,0.02970,0.15090,86.61030,-33.99620,-34.04450
2019-12-31,146.08390,146.08390,17.51800,-81.69100,37.79600,3.31200,41.10800,11.32600,29.78200,29.78200,20.80800,48.20000,37.79600,6.96300,8.14900,3.02000,2.92000,18.95960,0.28820,0.40490,100.00000,25.87280,25.87280,28.14000,14.24390,0.04560,1.97060,45.67160,5.17580,34.83270,0.92930,3.08910,100.78680,8.1226,8.0488
2019-09-30,145.95500,145.95500,20.92700,-79.88600,35.78700,0.41600,36.20300,10.84400,25.35900,25.35900,22.00000,46.35100,35.78700,6.94700,8.15700,3.17000,2.95000,6.05170,,0.43090,100.00000,24.51920,24.51920,24.80420,15.07310,0.04690,1.96780,45.73720,4.47430,36.57930,0.81460,3.74240,98.51930,4.7811,4.6682
2019-06-30,140.48900,140.48900,23.89000,-77.29700,30.12800,6.55900,36.68700,8.78800,27.89900,27.89900,24.84200,40.88900,30.12800,6.99900,8.25200,3.55000,3.26000,27.90640,0.31560,0.46120,100.00000,21.44510,21.44510,26.11380,17.68250,0.04580,1.96440,45.81650,5.04660,58.21740,0.90970,2.87680,95.56110,-14.6205,-15.0524
2019-03-31,130.71800,130.71800,19.76400,-80.02500,20.99900,5.68800,26.68700,4.21900,22.46800,22.46800,19.66200,31.85300,20.99900,7.01500,8.32200,2.80000,2.61000,5.59230,,0.49140,100.00000,16.06440,16.06440,20.41570,15.04150,0.04590,1.76290,51.05270,4.19480,90.52000,0.78970,3.47560,92.62900,-2.78960,-3.09820
2018-12-31,138.06500,138.06500,21.04300,-78.87300,29.22790,-17.81500,11.41300,10.32000,1.09300,1.09300,0.07700,40.61990,29.22800,7.17400,8.52700,0.04000,0.15000,4.56880,,0.51130,100.00000,21.16970,21.16970,8.26640,0.05580,0.04810,1.97100,45.66130,0.20510,7.44100,0.03810,0.16980,92.02040,4.6896,3.613
2018-09-30,152.21000,152.21000,25.38600,-84.14800,33.94600,0.63800,34.58400,6.65300,27.93100,27.93100,24.91300,44.54000,33.94600,7.17500,8.45600,3.47000,3.19000,4.87450,,0.51400,100.00000,22.30210,22.30210,22.72120,16.36750,0.05280,1.90680,47.19840,5.09330,124.10410,0.96840,4.23690,92.23800,6.3665,6.3397
2018-06-30,132.93200,132.93200,23.72100,-75.77900,27.30800,5.38600,32.69400,9.46500,23.22900,23.22900,20.98600,35.03900,27.30800,7.21100,8.40100,2.91000,2.75000,27.61610,0.27680,0.38280,100.00000,20.54280,20.54280,24.59450,15.78700,0.04940,1.96040,45.90990,4.38680,13.02670,0.86360,2.62320,89.36170,-11.05,-11.1691
2018-03-31,129.02800,129.02800,22.29100,-78.06900,22.61700,7.73300,30.35000,6.52300,23.82700,23.82700,21.21600,30.17300,22.61700,7.19700,8.41100,2.95000,2.77000,32.02960,0.28180,0.39240,100.00000,17.52880,17.52880,23.52200,16.44290,0.05080,2.06000,43.69010,4.63050,15.04850,0.93870,2.73620,86.65730,-7.34220,-7.49380
2017-12-31,128.02400,128.02400,35.33600,-73.47600,28.01500,2.17900,30.19400,24.55100,5.64300,5.64300,3.41400,35.43000,28.01500,7.01300,7.24700,0.44000,0.47000,16.33790,0.29090,0.41030,100.00000,21.88260,21.88260,23.58460,2.66670,0.04940,1.95020,46.15010,1.14140,4.23910,0.21780,0.66110,84.52850,-12.9803,-13.0424
2017-09-30,123.67500,123.67500,20.55200,-78.64900,16.78900,13.36000,30.14900,9.62600,20.52300,20.52300,16.70800,29.15200,16.78900,7.21200,8.49200,2.32000,2.21000,5.81220,,0.41380,100.00000,13.57510,13.57510,24.37760,13.50960,0.04510,2.00240,44.94510,4.18980,16.61730,0.74860,3.41670,83.91650,-19.9676,-20.018
2017-06-30,94.13200,94.13200,0.77600,-63.70100,3.18400,-1.27600,1.90800,1.88000,0.02800,0.02800,-2.38900,7.67400,3.18400,7.06400,7.06400,-0.34000,-0.34000,19.32060,0.29630,0.42100,100.00000,3.38250,3.38250,2.02690,-2.53790,0.04110,1.58570,56.75630,0.00590,0.02640,0.00120,0.00330,81.64770,9.957,9.9155
2017-03-31,79.77600,79.77600,15.32300,-53.50900,10.04700,8.13100,18.17800,4.43300,13.74500,13.74500,10.94300,11.52300,10.04700,6.54200,6.77300,1.67000,1.62000,9.26160,,,100.00000,12.59400,12.59400,22.78630,13.71720,0.07870,2.10820,42.69070,3.11290,2.70890,1.35630,2.48830,79.03680,-2.24150,-2.29600
2016-12-31,79.85000,79.85000,16.13600,-49.62800,12.78300,-0.33400,12.44900,0.53200,11.91700,11.91700,12.42600,14.66200,12.78300,7.64800,7.82200,1.83000,1.79000,10.07900,0.08530,0.09330,100.00000,16.00880,16.00880,15.59050,15.56170,0.09690,2.22550,40.43970,3.70470,4.31060,1.44560,3.38870,54.62270,2.8182,2.7455
2016-09-30,82.32400,82.32400,17.38000,-45.16900,16.53800,6.60700,23.14500,6.86900,16.27600,16.27600,15.62500,18.49400,16.53800,7.67600,7.85400,2.04000,1.99000,10.13180,,,100.00000,20.08890,20.08890,28.11450,18.97990,0.08860,2.23300,40.30450,3.46450,3.83890,1.75090,3.46450,61.73440,-6.3918,-6.4463
2016-06-30,80.08500,80.08500,17.43200,-50.14000,8.74300,6.04400,14.78700,6.08700,8.70000,8.70000,8.08800,14.50000,8.74300,8.17000,8.31400,0.99000,0.97000,1.37520,,,100.00000,10.91720,10.91720,18.46410,10.09930,0.08210,2.22270,40.49070,1.86650,2.07300,0.89230,1.86650,60.39210,10.7594,10.6974
2016-03-31,80.29500,80.29500,18.10100,-47.93100,12.75000,6.67600,19.42600,7.55600,11.87000,11.87000,12.36300,15.08600,12.75000,8.34400,8.50600,1.48000,1.45000,9.92970,0.23520,0.30760,100.00000,15.87900,15.87900,24.19330,15.39700,0.10280,2.11640,42.52460,2.34870,2.58920,1.51930,1.79620,61.18470,-4.51150,-4.58100
2015-12-31,86.11500,86.11500,19.83100,-48.11300,16.50600,-2.25700,14.24900,8.61200,5.63700,5.63700,6.63600,19.25300,16.50600,8.79700,8.96000,0.80000,0.80000,9.44320,0.23050,0.29950,100.00000,19.16740,19.16740,16.54650,7.70600,0.10020,2.22190,40.50550,1.10650,1.22050,0.65570,0.85140,60.65690,-16.8838,-16.9821
2015-09-30,92.37500,92.37500,21.71700,-45.78900,23.12200,-17.15600,5.96600,9.66900,-3.70300,-3.70300,-0.64900,26.49100,23.12200,8.77500,8.77500,-0.07000,-0.07000,8.42380,0.01670,0.01690,100.00000,25.03060,25.03060,6.45850,-0.70260,0.11170,2.30320,39.07580,-0.68660,-0.75420,-0.44790,-0.67520,62.22080,-6.6621,-6.7568
2015-06-30,99.65600,99.65600,23.67600,-58.06200,16.20800,0.62700,16.83500,7.82300,9.01200,9.01200,9.77700,20.24800,16.20800,8.88900,9.03700,1.10000,1.08000,7.75480,,,100.00000,16.26400,16.26400,16.89310,9.81070,0.13800,2.29160,39.27430,1.61220,1.76770,1.24820,1.61220,63.38280,2.8878,2.7108
2015-03-31,103.83100,103.83100,24.50700,-53.16600,24.54200,6.05100,30.59300,10.86800,19.72500,19.72500,19.34200,29.27700,24.54200,8.96400,9.15100,2.16000,2.11000,9.99730,,,100.00000,23.63650,23.63650,29.46420,18.62840,0.15260,1.96680,45.75970,3.49030,3.80100,2.89910,3.49030,63.41380,-2.71580,-2.86840
2014-12-31,112.13700,112.13700,27.52600,-46.29600,36.66500,-3.21600,33.44900,15.03800,18.41100,18.41100,18.87900,42.24400,36.66500,9.09100,9.29200,2.10000,2.05000,5.43590,,,100.00000,32.69660,32.69660,29.82870,16.83570,0.16050,2.25530,39.90560,3.26810,3.56590,2.63480,3.26810,62.76200,4.6879,4.6217
2014-09-30,117.84100,117.84100,29.18000,-47.78000,38.92700,-3.73700,35.19000,-1.80500,36.99500,36.99500,37.34000,45.09600,38.92700,9.09600,9.27900,4.10000,4.02000,6.75510,,,100.00000,33.03350,33.03350,29.86230,31.68680,0.16930,2.22150,40.51260,6.60120,7.21910,5.31540,6.60120,61.86440,-1.256,-1.295
2014-06-30,112.74900,112.74900,39.22200,-49.40800,22.50200,9.39600,31.89800,12.10600,19.79200,19.79200,19.54300,28.95100,22.50200,9.13300,9.32500,2.14000,2.10000,7.59020,,,100.00000,19.95760,19.95760,28.29120,17.33320,0.17600,2.08050,43.25950,3.84740,4.24190,3.08920,3.84740,56.41270,-6.2177,-6.3273
2014-03-31,107.87100,107.87100,27.73700,-45.89400,32.62600,3.15100,35.77700,14.01000,21.76700,21.76700,21.93800,39.09500,32.62600,9.11600,9.36100,2.41000,2.34000,9.60270,,,100.00000,30.24540,30.24540,33.16650,20.33730,0.18410,1.98340,45.37590,4.26720,4.71850,3.71560,4.26720,55.66910,-3.54990,-3.59680
2013-12-31,106.49800,106.49800,26.65300,-44.25100,33.89200,7.41100,41.30300,14.44300,26.86000,26.86000,24.75600,40.06800,33.89200,8.18800,8.43300,2.78000,2.72000,5.99650,,,100.00000,31.82410,31.82410,38.78290,23.24550,0.16510,2.12290,42.39460,5.44970,6.06350,4.16460,5.44970,54.12560,0.2496,0.2124
2013-09-30,100.40900,100.40900,25.25300,-41.79100,31.63000,2.23900,33.86900,12.56700,21.30200,21.30200,21.08900,37.28500,31.63000,7.99500,8.22700,2.64000,2.56000,4.23440,0.01700,0.01730,100.00000,31.50120,31.50120,33.73100,21.00310,0.16690,2.15220,41.81850,4.57320,5.13750,3.54070,4.49530,51.18160,0.4179,0.3746
2013-06-30,96.14000,96.14000,24.25200,-43.29300,26.88200,-2.78100,24.10100,9.31800,14.78300,14.78300,15.38500,31.93400,26.88200,7.82100,8.05800,1.97000,1.91000,3.70830,0.08110,0.08830,100.00000,27.96130,27.96130,25.06870,16.00270,0.28060,2.14510,41.95660,5.76600,7.22830,4.31490,5.29810,32.78110,3.415,3.3515
2013-03-31,86.16800,86.16800,21.62800,-41.55200,21.10000,1.53500,22.63500,8.45000,14.18500,14.18500,13.96000,25.71600,21.10000,7.82000,8.08800,1.79000,1.73000,3.43310,0.08420,0.09200,100.00000,24.48710,24.48710,26.26850,16.20090,0.27380,2.02770,44.38480,5.78680,7.38000,4.50700,5.29940,31.34620,-0.66300,-0.75720
2012-12-31,78.91900,78.91900,19.72700,-36.75100,20.47200,2.39200,22.86400,10.55000,12.31400,12.31400,12.21300,25.08600,20.47200,7.72700,8.07300,1.59000,1.51000,2.65750,0.05780,0.06140,100.00000,25.94050,25.94050,28.97150,15.47540,0.23720,2.11420,42.56920,5.03700,6.46400,3.70070,4.74580,31.23430,3.1394,2.9928
2012-09-30,71.95100,71.95100,17.76400,-34.39900,17.76700,1.15400,18.92100,7.27900,11.64200,11.64200,11.64200,21.76100,17.76700,7.84300,8.11700,1.48000,1.43000,2.56010,0.08720,0.09550,100.00000,24.69320,24.69320,26.29710,16.18050,0.23060,2.19120,41.07300,4.91850,6.38450,3.73170,4.48990,30.20250,-0.2077,-0.2403
2012-06-30,66.81800,66.81800,15.79600,-34.54200,14.25300,-0.31700,13.93600,5.56900,8.36700,8.36700,8.36700,18.42700,14.25300,7.76300,8.08100,1.08000,1.04000,2.70590,0.09050,0.09950,100.00000,21.33110,21.33110,20.85670,12.52210,0.23310,2.04400,44.03150,3.69630,4.88210,2.91870,3.36170,28.90970,3.1837,3.0736
2012-03-31,62.39800,62.39800,18.92300,-34.21100,7.95300,1.12900,9.08200,3.63200,5.45000,5.45000,5.38600,12.08400,7.95300,7.46800,7.96600,0.72000,0.68000,2.80700,0.09220,0.10160,100.00000,12.74560,12.74560,14.55500,8.63170,0.22440,1.98290,45.38800,2.42810,3.23400,1.95960,2.20410,29.51830,-1.18320,-1.36230
2011-12-31,56.17200,56.17200,13.48200,-31.83300,8.19400,0.43400,8.62800,-132.03700,140.66500,140.66500,110.13900,12.31300,8.19400,6.21100,6.83400,17.73000,16.17000,1.98460,0.08910,0.09780,100.00000,14.58730,14.58730,15.36000,196.07460,0.19610,2.07360,43.40260,76.80110,87.10930,49.11850,58.67840,35.28960,2.3892,2.3451
2011-09-30,55.45700,55.45700,23.25000,-32.96200,-2.19300,-1.68000,-3.87300,-1.09500,-2.77800,-2.77800,-3.48300,1.78700,-2.19300,6.21900,6.21900,-0.56000,-0.56000,2.14290,0.20230,0.25360,100.00000,-3.95440,-3.95440,-6.98380,-6.28050,0.36640,2.14510,41.95630,-5.84820,-9.74600,-1.83530,-2.65630,13.30090,1.0633,1.0528
2011-06-30,48.90200,48.90200,12.36700,-30.98600,3.45900,0.15400,3.61300,0.41700,3.19600,3.19600,2.04300,6.99500,3.45900,6.23800,6.88700,0.33000,0.30000,2.46100,0.19500,0.24220,100.00000,7.07330,7.07330,7.38820,4.17770,0.32320,1.97360,45.60180,6.06260,9.75430,2.11220,2.90270,14.27340,0.9907,0.9675
2011-03-31,44.12100,44.12100,11.07700,-26.91900,4.44300,0.18100,4.62400,0.28700,4.33700,4.33700,2.97900,7.54700,4.44300,6.24200,6.91300,0.48000,0.43000,2.79360,0.19970,0.24960,100.00000,10.07000,10.07000,10.48030,6.75190,0.30950,1.92200,46.82670,8.57790,14.64710,3.04210,4.01330,13.86360,-0.98260,-1.01350
2010-12-31,40.73900,40.73900,9.85800,-24.63000,4.45000,0.43300,4.88300,0.43300,4.45000,4.45000,3.16600,7.38800,4.45000,6.01400,6.43700,0.54000,0.50000,2.29410,0.20550,0.25860,100.00000,10.92320,10.92320,11.98610,7.77140,0.27360,1.92750,46.69330,9.21900,16.84390,2.98840,4.19950,13.46630,1.4898,1.4754
2010-09-30,35.58200,35.58200,8.21700,-22.65200,2.89700,0.85200,3.74900,0.03000,3.71900,3.71900,2.40600,5.81500,2.89700,6.10300,6.53800,0.39000,0.37000,2.46440,0.06480,0.06930,100.00000,8.14180,8.14180,10.53620,6.76180,0.25790,1.89520,47.48890,8.28710,15.04630,2.69540,4.30440,12.89260,1.1876,1.1813
2010-06-30,34.78800,34.78800,7.78600,-22.89200,1.21700,-0.71300,0.50400,0.09100,0.41300,0.41300,-0.48700,4.27400,1.21700,5.85400,5.85400,-0.08000,-0.08000,2.53280,0.06520,0.06980,100.00000,3.49830,3.49830,1.44880,-1.39990,0.26400,1.89030,47.61040,1.30730,1.94470,0.31340,0.49250,13.35490,1.5882,1.5716
2010-03-31,33.44700,33.44700,7.34400,-23.34200,0.70700,0.31200,1.01900,-0.04100,1.06000,1.06000,0.12400,3.77600,0.70700,5.83300,6.14300,0.02000,0.02000,2.76510,0.06960,0.07480,100.00000,2.11380,2.11380,3.04660,0.37070,0.26570,1.77650,50.66280,3.41020,5.67630,0.84220,1.28110,13.17300,-0.82550,-0.83840
2009-12-31,33.32500,33.32500,8.14200,-21.79900,1.29200,-0.20000,1.09200,-0.33800,1.43000,1.43000,0.53000,4.24400,1.29200,5.81200,5.81200,0.10000,0.10000,2.12080,0.21870,0.27990,100.00000,3.87700,3.87700,3.27680,1.59040,0.24870,1.71780,52.39310,4.81000,8.94250,1.06700,1.47730,12.98590,1.0396,1.007
2009-09-30,30.39500,30.39500,7.51000,-20.62100,-0.62200,0.92300,0.30100,0.18900,0.11200,0.11200,-0.78800,2.39300,-0.62200,5.82400,5.82400,-0.14000,-0.14000,2.31650,0.22570,0.29150,100.00000,-2.04640,-2.04640,0.99030,-2.59250,0.23720,1.65300,54.44710,0.39250,0.83360,0.08740,0.11650,12.78020,0.8657,0.8468
2009-06-30,27.18100,27.18100,7.44900,-20.14400,-2.82200,0.72100,-2.10100,0.14700,-2.24800,-2.24800,-3.14800,-0.03800,-2.82200,5.81100,5.81100,-0.54000,-0.54000,1.70770,0.04350,0.17850,100.00000,-10.38230,-10.38230,-7.72970,-11.58160,0.21330,1.38890,64.79890,-7.91890,-17.75110,-1.76420,-2.85970,12.91000,0.0266,0.0114
2009-03-31,26.25100,26.25100,6.83800,-21.17900,-4.47100,-1.18400,-5.65500,0.12300,-5.77800,-5.77800,-6.83800,-1.47600,-4.47100,5.79000,5.79000,-1.18000,-1.18000,1.99350,0.03670,0.12990,100.00000,-17.03170,-17.03170,-21.54200,-26.04850,0.20850,1.56810,57.39550,-19.11410,-47.51640,-4.58980,-7.29570,13.15330,-3.93640,-4.01140
