Date,revenue,cost-goods-sold,gross-profit,research-development-expenses,selling-general-administrative-expenses,operating-expenses,operating-income,total-non-operating-income-expense,pre-tax-income,total-provision-income-taxes,income-after-taxes,income-from-continuous-operations,income-from-discontinued-operations,net-income,ebitda,ebit,basic-shares-outstanding,shares-outstanding,eps-basic-net-earnings-per-share,eps-earnings-per-share-diluted,current-ratio,long-term-debt-capital,debt-equity-ratio,gross-margin,operating-margin,ebit-margin,pre-tax-profit-margin,net-profit-margin,asset-turnover,inventory-turnover,receiveable-turnover,days-sales-in-receivables,roe,return-on-tangible-equity,roa,roi,book-value-per-share,operating-cash-flow-per-share,free-cash-flow-per-share
2023-12-31,1128.53900,767.27600,361.26290,41.72800,271.73400,405.18100,-43.91810,-112.61600,-156.53400,-34.49600,-122.03800,-119.34900,,-124.39900,292.70790,-43.91810,125.09700,125.09700,-0.99000,-0.99000,2.71430,0.58400,1.41580,32.01160,-3.89160,-3.89160,-13.87050,-11.02300,0.06780,2.17020,1.66980,53.89810,-2.31940,-15.73650,-0.71680,-0.96500,41.06120,1.056,-2.2811
2023-09-30,1225.41500,766.29000,459.12510,33.42900,1148.98900,1263.79200,-804.66700,-53.67100,-858.33800,-93.07700,-765.26100,-765.76300,,-767.23800,-470.90200,-804.66700,124.52900,124.52900,-6.16000,-6.16000,2.61990,0.58030,1.39470,37.46690,-65.66490,-65.66490,-70.04470,-62.61050,0.07180,2.21730,1.84420,48.80260,-14.64820,-70.88260,-4.48550,-6.14770,41.99600,1.4775,-0.4433
2023-06-30,779.79100,544.91100,234.88000,29.00400,219.58100,276.39600,-41.51600,-36.75000,-78.26600,-0.53300,-77.73300,-76.90200,,-77.00400,133.06300,-41.51600,93.10600,93.10600,-0.83000,-0.83000,2.32860,0.54710,1.21790,30.12090,-5.32400,-5.32400,-10.03680,-9.87500,0.04360,1.62390,1.23670,72.77300,-1.28690,-4.18470,-0.42970,-0.58280,48.17120,1.11340,-2.91350
2023-03-31,666.09900,492.05210,174.04690,32.29800,206.96500,246.73900,-72.69210,4.50400,-68.18800,-9.62700,-58.56100,-58.57400,1258.34200,1196.83800,54.20500,-72.69210,75.91500,75.91500,15.77000,15.77000,2.34610,0.38550,0.63710,26.12930,-10.91310,-10.91310,-10.23690,179.67870,0.08620,1.83220,1.58620,56.73940,-1.51720,-1.67320,-0.75770,-0.93240,50.19460,0.6742,-2.3386
2022-12-31,651.44400,483.03300,168.41100,29.44400,162.84500,199.72200,-31.31100,-8.22200,-39.53300,5.21200,-44.74500,-44.75800,4.33300,-42.22800,93.68200,-31.31100,76.13800,76.13800,-0.55000,-0.55000,1.47100,0.52510,1.12130,25.85200,-4.80640,-4.80640,-6.06850,-6.48220,0.09580,1.85150,1.76630,50.95520,-1.70690,-1.99040,-0.65800,-0.81070,34.33400,1.1602,-2.69
2022-09-30,663.55900,441.88800,221.67100,32.41600,177.19100,216.98600,4.68510,2.25800,6.94300,76.64600,-69.70300,-69.74300,22.18700,-48.24000,129.08510,4.68510,75.75800,75.75800,-0.64000,-0.64000,1.42740,0.50180,1.02180,33.40640,0.70610,0.70610,1.04630,-7.26990,0.10190,1.80890,2.07200,43.43610,-2.65370,-3.09290,-1.07130,-1.32210,34.77130,2.4818,-1.2236
2022-06-30,575.05600,417.78100,157.27500,34.76500,171.62500,213.91300,-56.63800,-4.73900,-61.37700,-22.81300,-38.56400,-38.56400,17.52500,-21.56400,67.44900,-56.63800,74.86300,74.86300,-0.29000,-0.29000,1.55390,0.48940,0.97270,27.34950,-9.84910,-9.84910,-10.67320,-3.74990,0.08870,1.15410,1.54540,58.23890,-1.42720,-1.68210,-0.59480,-0.72870,35.76490,0.52950,-3.08860
2022-03-31,517.89490,379.22700,138.66790,39.01900,168.06300,214.95210,-76.28420,-11.61100,-87.89500,-20.00700,-67.88800,-67.91300,46.25800,-29.18000,49.67490,-76.28420,73.39700,73.39700,-0.40000,-0.39000,1.50500,0.47750,0.92680,26.77530,-14.72970,-14.72970,-16.97160,-5.63430,0.08110,1.91660,1.65900,54.24940,-2.53160,-2.98150,-1.06290,-1.32290,36.04230,1.6619,-2.0411
2021-12-31,625.26700,444.23200,181.03500,36.38000,165.85500,209.76600,-28.73100,-5.02500,-33.75600,-3.31300,-30.44300,-30.44300,26.45300,-6.61300,98.89700,-28.73100,73.91700,73.91700,-0.09000,-0.09000,1.30670,0.44550,0.81440,28.95320,-4.59500,-4.59500,-5.39870,-1.05760,0.10270,1.25490,1.72240,52.25160,-1.13770,-1.35480,-0.50010,-0.63090,35.96750,2.1297,-0.8546
2021-09-30,609.15700,433.84000,175.31700,39.61200,152.72400,199.73500,-24.41800,-6.02200,-30.44000,-9.11000,-21.33000,-21.33000,26.48000,3.29100,102.69000,-24.41800,73.54400,73.54400,0.04000,0.04000,1.45220,0.44120,0.80070,28.78030,-4.00850,-4.00850,-4.99710,0.54030,0.10160,1.24540,1.64980,54.55080,-0.79780,-0.95270,-0.35590,-0.44590,36.42430,2.2031,-0.5127
2021-06-30,664.86000,453.97600,210.88400,34.46300,154.20000,194.59200,16.29200,-2.11100,14.18100,-4.08700,18.26800,18.01200,,16.96800,131.04400,16.29200,71.54300,72.81800,0.24000,0.23000,1.52180,0.44280,0.80620,31.71860,2.45040,2.45040,2.13290,2.55210,0.11090,1.29820,1.82410,49.34040,0.67790,0.81380,0.30050,0.37770,36.23810,0.89440,-2.48610
2021-03-31,260.55310,191.51800,69.03510,24.53100,118.27500,144.11700,-75.08190,-5.52700,-80.60900,-11.76700,-68.84200,-69.07400,,7.35700,29.90410,-75.08200,66.44400,66.44400,0.13000,0.13000,1.39920,0.43020,0.76790,26.49560,-28.81640,-28.81640,-30.93760,2.82360,0.04870,0.56890,1.09180,82.43490,-2.89350,-3.06270,-1.29120,-1.64860,34.83540,2.8279,-0.0739
2020-12-31,575.55900,391.28900,184.27000,28.80300,132.39400,162.51000,21.76000,-7.76600,13.99400,7.00800,6.98600,7.76000,,6.76000,124.26200,21.76000,67.99500,68.66800,0.10000,0.10000,1.50800,0.43450,0.78280,32.01580,3.78070,3.78070,2.43140,1.17450,0.10970,1.16830,2.83820,31.71050,0.33060,0.35050,0.14780,0.18690,34.26550,3.1394,-0.0469
2020-09-30,554.27800,387.31300,166.96500,27.53100,125.45100,154.28200,12.68300,-9.66200,3.02100,-0.68700,3.70800,3.39100,,1.96300,109.69500,12.68300,66.57600,67.00600,0.03000,0.03000,1.66690,0.44020,0.80040,30.12300,2.28820,2.28820,0.54500,0.35420,0.10650,1.16340,2.22080,40.52530,0.14690,0.15600,0.06520,0.08230,34.17130,2.4674,-0.5557
2020-06-30,530.48800,385.56900,144.91900,27.63600,121.03900,150.23300,-5.31400,-9.29200,-14.60600,-5.74800,-8.85800,-8.52700,,-12.38900,87.28800,-5.31400,62.51100,62.51100,-0.20000,-0.20000,1.63050,0.46380,0.87890,27.31810,-1.00170,-1.00170,-2.75330,-2.33540,0.10820,1.23310,1.96160,45.88090,-0.40620,-0.43400,-0.17390,-0.21780,33.30660,2.51010,-0.82890
2020-03-31,591.72110,410.89900,180.82210,30.48200,134.55700,166.73000,14.09210,-8.52000,5.57200,0.81600,4.75600,4.89800,,1.58600,101.16110,14.09220,61.63200,61.63200,0.04000,0.04000,1.72960,0.47050,0.90310,30.55870,2.38150,2.38160,0.94170,0.26800,0.12120,1.39560,1.78930,50.29870,0.23890,0.25580,0.10030,0.12650,32.98860,2.4266,-0.1196
2019-12-31,588.22400,404.23000,183.99400,32.16400,136.00500,170.02500,13.96900,-9.09700,4.87200,-3.91100,8.78300,10.59000,,6.47600,102.72800,13.96900,61.81300,62.91600,0.10000,0.10000,1.39350,0.43240,0.77660,31.27960,2.37480,2.37480,0.82830,1.10090,0.13030,1.42690,1.85890,48.41610,0.52290,0.56110,0.23460,0.29680,32.60160,1.7423,-1.7203
2019-09-30,592.25600,410.09900,182.15700,34.31400,127.39100,163.73200,18.42500,-9.12700,9.29800,2.39000,6.90800,8.06200,,3.19400,100.76300,18.42500,61.48000,62.76100,0.05000,0.05000,1.50610,0.41860,0.73480,30.75650,3.11100,3.11100,1.56990,0.53930,0.13560,1.52160,2.01400,44.68680,0.40190,0.43190,0.18460,0.23370,32.69340,2.1578,-0.3663
2019-06-30,537.03700,384.45900,152.57800,33.47400,125.13200,160.64300,-8.06500,-10.24900,-18.31400,-7.21000,-11.10400,-9.73700,,-11.46800,75.94700,-8.06500,60.91700,60.91700,-0.19000,-0.19000,1.64090,0.41210,0.71080,28.41110,-1.50180,-1.50180,-3.41020,-2.13540,0.12600,1.45720,1.76880,50.88240,-0.49340,-0.53170,-0.22840,-0.29010,32.20280,0.76270,-1.96420
2019-03-31,557.22110,398.00490,159.21620,29.38300,118.13000,149.79310,9.42310,-9.66300,-0.24000,-5.33500,5.09500,5.36300,,2.51500,89.93110,9.42320,59.94200,59.94200,0.04000,0.04000,1.82740,0.42090,0.73740,28.57330,1.69110,1.69110,-0.04310,0.45130,0.14230,1.69710,1.85550,48.50430,0.27990,0.30260,0.13700,0.16210,31.64460,1.8959,-0.5512
2018-12-31,554.69400,402.70600,151.98800,28.92800,114.56600,145.98100,6.00700,-14.86500,-8.85800,3.23000,-12.08800,-10.73700,,-10.40400,86.84090,6.00700,60.15200,60.15200,-0.17000,-0.17000,1.44180,0.37610,0.61430,27.40030,1.08290,1.08290,-1.59690,-1.87560,0.15280,1.75000,1.87820,47.91700,-0.56930,-0.61710,-0.29580,-0.35520,31.18460,1.7055,-0.8903
2018-09-30,517.47400,392.13000,125.34400,31.36000,113.12000,146.91500,-21.57100,-14.04500,-35.61600,-9.70400,-25.91200,-25.59800,,-25.72400,57.90300,-21.57100,59.73400,59.73400,-0.43000,-0.43000,1.69560,0.37930,0.63650,24.22230,-4.16850,-4.16850,-6.88270,-4.97110,0.14260,1.68960,1.92510,46.75070,-1.35850,-1.47490,-0.70530,-0.84320,31.58990,0.9542,-1.9167
2018-06-30,438.86900,344.88000,93.98900,33.37300,112.64200,148.46800,-54.47900,-11.28800,-65.76700,-29.20500,-36.56200,-35.49700,,-34.01000,23.31800,-54.47900,59.20800,59.20800,-0.57000,-0.57000,1.37280,0.36190,0.59100,21.41620,-12.41350,-12.41350,-14.98560,-7.74950,0.12380,1.56750,1.85890,48.41460,-1.87620,-2.03900,-1.00150,-1.19730,31.78250,0.90890,-1.56770
2018-03-31,439.67000,327.34400,112.32600,36.86500,106.03800,145.37700,-33.05100,-3.59500,-36.64600,-16.74500,-19.90100,-19.51600,,-19.94600,36.22500,-33.05100,58.43800,58.43800,-0.33000,-0.33000,1.31320,0.34620,0.55400,25.54780,-7.51720,-7.51720,-8.33490,-4.53660,0.12880,1.66750,1.64260,54.79080,-1.05610,-1.15130,-0.57160,-0.69050,31.37270,1.3177,-1.3943
2017-12-31,381.83700,263.71200,118.12500,40.14900,100.12500,143.45100,-25.32600,0.51200,-24.81400,2.17200,-26.98600,-25.62100,,-24.63100,36.24100,-25.32600,58.63800,58.63800,-0.42000,-0.42000,1.67690,0.34720,0.55680,30.93600,-6.63270,-6.63270,-6.49860,-6.45070,0.11520,1.44850,1.67450,53.74890,-1.39620,-1.52460,-0.77270,-0.91140,31.16600,1.628,-0.8667
2017-09-30,393.07400,269.26200,123.81200,46.26800,90.08400,139.67200,-15.86000,-10.23700,-26.09700,-11.46400,-14.63300,-13.89200,,-13.68900,45.01400,-15.86000,58.22900,58.22900,-0.24000,-0.24000,2.26100,0.35030,0.55170,31.49840,-4.03490,-4.03490,-6.63920,-3.48260,0.11950,1.48440,1.56060,57.67140,-0.75180,-0.82180,-0.42250,-0.48840,31.72850,0.5349,-1.115
2017-06-30,380.04400,260.49600,119.54800,45.06500,89.17300,137.49800,-17.95000,0.03700,-17.91300,-9.18000,-8.73300,-9.24600,,-9.03900,45.98500,-17.95000,57.84200,57.84200,-0.16000,-0.16000,2.01510,0.31220,0.46440,31.45640,-4.72310,-4.72310,-4.71340,-2.37840,0.12340,1.46390,1.76720,50.92770,-0.50510,-0.55350,-0.30030,-0.34740,31.55330,2.65640,0.75780
2017-03-31,416.41910,274.10090,142.31810,39.85700,96.56200,139.64200,2.67620,-0.06600,2.61000,-1.63900,4.24900,4.24900,,6.65000,65.20020,2.67610,52.31800,53.39600,0.11000,0.11000,1.88890,0.32810,0.48840,34.17670,0.64270,0.64260,0.62680,1.59690,0.14090,1.67950,1.57900,56.99760,0.24450,0.26950,0.14380,0.16430,30.17190,1.9141,0.0154
2016-12-31,380.63000,255.54600,125.08400,34.43600,80.28200,117.49300,7.59100,-2.11900,5.47200,0.85000,4.62200,4.62200,,4.24300,69.16900,7.59100,52.97600,54.01500,0.08000,0.08000,2.69870,0.33040,0.49350,32.86240,1.99430,1.99430,1.43760,1.11470,0.13200,1.61270,1.49410,60.23780,0.26920,0.29770,0.16030,0.18030,29.80850,1.9966,-0.0819
2016-09-30,399.15800,271.06600,128.09200,30.17700,77.22400,109.67800,18.41400,-4.07900,14.33500,3.59600,10.73900,10.73900,,11.01900,80.23600,18.41400,49.50300,50.53300,0.22000,0.22000,1.86040,0.46910,0.88380,32.09060,4.61320,4.61320,3.59130,2.76060,0.15450,1.78770,1.44360,62.34310,0.89490,1.01810,0.41570,0.47510,24.24810,2.5539,-0.1885
2016-06-30,363.13000,248.26200,114.86800,25.17700,79.40000,107.09000,7.77800,-4.81100,2.96700,0.81000,2.15700,2.15700,,1.85500,67.77600,7.77800,49.13300,50.17000,0.04000,0.04000,2.06470,0.46960,0.88540,31.63280,2.14190,2.14190,0.81710,0.51080,0.14580,1.59640,1.38250,65.10150,0.18470,0.21140,0.08660,0.09800,23.70090,1.23820,-1.16520
2016-03-31,371.96410,262.53900,109.42500,21.61500,77.53600,101.93100,7.49410,-5.99000,1.50400,-2.88300,4.38700,4.38700,,4.45000,67.40810,7.49410,48.46400,49.44500,0.10000,0.09000,1.86280,0.45460,0.83350,29.41820,2.01470,2.01470,0.40430,1.19640,0.15520,1.80860,1.29730,69.37540,0.38670,0.44590,0.18300,0.21090,23.18650,1.5829,-0.3536
2015-12-31,347.75900,237.59300,110.16600,19.16900,76.35100,99.78100,10.38500,-5.54600,4.83900,-5.10500,9.94400,9.94400,,9.74700,74.11800,10.38500,48.71200,49.63000,0.20000,0.20000,2.33270,0.45680,0.84100,31.67880,2.98630,2.98630,1.39150,2.80280,0.14890,1.68190,1.33880,67.22430,0.89250,1.03520,0.42570,0.48480,22.79770,2.2342,-0.6726
2015-09-30,353.33000,240.77400,112.55600,20.79200,73.35100,98.73000,13.82600,-6.09800,7.72800,2.80800,4.92000,4.92000,,4.93600,74.94400,13.82600,48.20500,49.12500,0.10000,0.10000,2.31450,0.43920,0.78310,31.85580,3.91300,3.91300,2.18720,1.39700,0.15730,1.95210,1.16030,77.56640,0.44850,0.52390,0.21910,0.25150,22.72840,1.82,0.371
2015-06-30,344.37800,243.43900,100.93900,15.60800,71.10700,91.52500,9.41400,-5.88800,3.52600,1.00700,2.51900,2.51900,,2.60800,66.72500,9.41400,47.91800,48.84000,0.05000,0.05000,2.50550,0.44490,0.80140,29.31050,2.73360,2.73360,1.02390,0.75730,0.15630,1.91270,1.16930,76.97060,0.23430,0.27620,0.11430,0.13010,22.38700,0.36830,-0.98210
2015-03-31,364.75310,250.57400,114.17900,13.49300,76.37900,94.50010,19.67900,-6.04900,13.63000,6.19400,7.43600,7.43600,,7.54900,77.70000,19.67890,47.13900,48.28500,0.17000,0.16000,1.83280,0.43590,0.77260,31.30310,5.39510,5.39510,3.73680,2.06960,0.16900,1.95200,1.36950,65.71710,0.71240,0.84100,0.34450,0.40190,21.88260,1.635,-0.3206
2014-12-31,339.55300,233.91200,105.64100,11.85000,70.96200,87.46300,18.17800,-6.78300,11.39500,-3.38900,14.78400,14.78400,,14.81100,75.72100,18.17800,47.37500,48.43900,0.31000,0.31000,2.14290,0.44430,0.79950,31.11180,5.35350,5.35350,3.35590,4.36190,0.15770,1.81060,1.26650,71.06160,1.44350,1.71830,0.68660,0.80220,21.49920,2.3027,-0.4658
2014-09-30,358.75800,241.69300,117.06500,11.54700,54.40400,70.60900,46.45600,-7.99100,38.46500,14.47300,23.99200,23.99200,,23.94700,100.71800,46.45600,46.86300,48.01600,0.51000,0.50000,2.14360,0.41960,0.72280,32.63060,12.94910,12.94910,10.72170,6.67500,0.17810,1.90580,1.28250,70.17510,2.39490,2.88050,1.19080,1.39010,21.38500,2.2927,1.2645
2014-06-30,319.47100,237.73500,81.73600,9.78000,69.09600,82.90500,-1.16900,-8.60300,-9.77200,-3.45100,-6.32100,-6.32100,,-5.94400,50.43800,-1.16900,46.52800,46.52800,-0.13000,-0.13000,2.13800,0.44930,0.81580,25.58480,-0.36590,-0.36590,-3.05880,-1.86060,0.15540,1.84910,1.14450,78.64040,-0.65320,-0.79650,-0.30740,-0.35970,20.72250,1.00820,-0.82970
2014-03-31,343.92400,250.75300,93.17100,16.58600,74.05900,94.31000,-1.13890,-8.73000,-9.86900,-6.37800,-3.49100,-3.49100,,-3.51600,48.17410,-1.13890,45.74400,45.74400,-0.08000,-0.08000,1.93440,0.42150,0.72860,27.09060,-0.33120,-0.33120,-2.86950,-1.02230,0.17550,2.09660,1.26490,71.15000,-0.36880,-0.42180,-0.17810,-0.21330,20.47710,1.5476,0.1534
2013-12-31,332.55500,243.13600,89.41900,15.14300,69.10000,87.89500,1.52400,-9.16600,-7.64200,-1.68200,-5.96000,-5.96000,,-5.99300,48.02400,1.52400,45.93500,45.93500,-0.13000,-0.13000,1.92740,0.41670,0.71590,26.88850,0.45830,0.45830,-2.29800,-1.80210,0.17240,1.92220,1.17680,76.47900,-0.63530,-0.73060,-0.30890,-0.37060,20.35440,0.7538,-1.1609
2013-09-30,353.88100,262.08400,91.79700,14.91800,73.59300,92.30700,-0.51000,-9.86500,-10.37500,-12.65600,2.28100,2.28100,,1.89700,46.62600,-0.51000,45.48400,47.06700,0.04000,0.04000,1.87250,0.39650,0.65870,25.94010,-0.14410,-0.14410,-2.93180,0.53610,0.18630,2.04500,1.29520,69.48890,0.24160,0.27870,0.12010,0.14580,20.71340,0.99,-0.8071
2013-06-30,321.10200,235.30700,85.79500,14.08900,64.78100,82.37100,3.42400,-10.14200,-6.71800,-5.23100,-1.48700,-1.48700,,-1.83400,45.53900,3.42400,45.11000,45.11000,-0.04000,-0.04000,1.97450,0.38660,0.63240,26.71890,1.06630,1.06630,-2.09220,-0.57120,0.17480,1.87210,1.23170,73.07050,-0.15990,-0.18560,-0.08090,-0.09810,20.46570,1.19310,-0.42580
2013-03-31,308.66290,232.34500,76.31790,11.70900,68.07000,83.29790,-6.98000,-10.19200,-17.17200,-19.44700,2.27500,2.27500,,1.93100,33.47400,-6.98000,43.93100,43.93100,0.04000,0.04000,2.20460,0.39250,0.64840,24.72530,-2.26140,-2.26140,-5.56340,0.62560,0.17200,2.18610,1.15620,77.84320,0.25060,0.29250,0.12680,0.15220,20.62000,0.9776,-0.3157
2012-12-31,286.44200,211.39500,75.04700,7.61200,62.20900,73.78100,1.26600,-37.13500,-35.86900,-15.25500,-20.61400,-20.61400,,-20.77600,41.59000,1.26600,44.18900,44.18900,-0.47000,-0.47000,2.45300,0.39730,0.66030,26.19970,0.44200,0.44200,-12.52230,-7.25310,0.16380,1.67190,1.20580,74.63850,-2.32120,-2.73600,-1.17870,-1.39910,19.98710,0.147,-0.8611
2012-09-30,282.82200,216.80300,66.01900,8.75800,54.07900,66.87800,-0.85900,-11.50800,-12.36700,-4.51000,-7.85700,-7.85700,,-7.90700,38.81700,-0.85900,43.61500,43.61500,-0.18000,-0.18000,2.35110,0.37810,0.60930,23.34300,-0.30370,-0.30370,-4.37270,-2.79580,0.16220,1.63140,1.22110,73.70200,-0.87120,-1.02950,-0.45070,-0.54190,20.54350,0.9467,0.0892
2012-06-30,241.76300,187.61800,54.14500,7.36900,56.50100,67.93400,-13.78900,-11.48600,-25.27500,-10.84200,-14.43300,-14.43300,,-14.42000,22.92800,-13.78900,43.18200,43.18200,-0.33000,-0.33000,2.40760,0.38040,0.61520,22.39590,-5.70350,-5.70350,-10.45450,-5.96450,0.14040,1.36120,1.08950,82.60350,-1.61560,-1.92090,-0.83830,-1.00110,20.53050,0.01830,-0.83580
2012-03-31,240.53800,185.48600,55.05200,6.49000,49.97600,60.90700,-5.85500,-7.76400,-13.61900,-6.33600,-7.28300,-7.28300,,-7.37800,30.41810,-5.85500,42.32500,44.22600,-0.17000,-0.17000,2.38580,0.38070,0.61620,22.88700,-2.43410,-2.43410,-5.66190,-3.06730,0.13930,1.45310,1.13630,79.20620,-0.81630,-0.97670,-0.42170,-0.50550,20.59490,1.7329,0.6885
2011-12-31,204.96400,146.78100,58.18300,5.99900,45.64000,56.39100,1.79200,-0.31100,1.48100,-3.63700,5.11800,5.11800,,5.14000,31.12300,1.79200,42.45200,44.33300,0.12000,0.12000,2.11290,0.33340,0.50160,28.38690,0.87430,0.87430,0.72260,2.50780,0.12980,1.13110,1.11210,80.92600,0.57690,0.69460,0.32400,0.38450,20.73280,0.9235,0.3704
2011-09-30,223.02400,162.11300,60.91100,6.80900,44.37900,55.95500,4.95600,-0.19800,4.75800,-3.41100,8.16900,8.16900,,7.97500,34.38200,4.95600,42.14200,43.89400,0.19000,0.18000,2.27590,0.33720,0.51000,27.31140,2.22220,2.22220,2.13340,3.57580,0.14620,1.32510,1.12360,80.09860,0.93600,1.13880,0.53550,0.62040,20.68600,0.3383,-1.8631
2011-06-30,195.10100,141.60100,53.50000,5.69400,41.73300,52.19900,1.30100,0.02600,1.32700,-0.26700,1.59400,1.59400,,1.75900,31.78200,1.30100,41.80300,43.74900,0.04000,0.04000,2.04650,0.28890,0.40780,27.42170,0.66680,0.66680,0.68020,0.90160,0.13800,1.13790,1.10190,81.68050,0.18540,0.22810,0.11270,0.13190,20.42180,0.20360,-0.63220
2011-03-31,216.37200,149.71200,66.66000,7.11400,42.97900,54.87500,11.78500,0.07200,11.85700,-0.43900,12.29600,12.29600,,12.14400,38.23000,11.78500,40.85800,43.05900,0.30000,0.28000,1.82320,0.28360,0.39720,30.80810,5.44660,5.44660,5.47990,5.61260,0.15390,1.51910,1.12760,79.81630,1.45650,1.81140,0.87470,1.04340,20.26260,1.0948,-0.2425
2010-12-31,195.94100,136.93200,59.00900,6.66100,40.41300,51.99700,7.01200,-0.01400,6.99800,-5.92900,12.92700,12.92700,,12.92400,32.91700,7.01200,41.20500,43.35200,0.31000,0.30000,2.02140,0.28250,0.39460,30.11570,3.57860,3.57860,3.57150,6.59590,0.14450,1.43010,1.11360,80.81730,1.56980,1.97480,0.95340,1.12640,19.82160,0.595,-0.3411
2010-09-30,197.88900,130.14800,67.74100,7.62200,41.95200,54.66800,13.07300,-0.88700,12.18600,4.38500,7.80100,7.80100,,7.78600,38.74900,13.07300,40.64000,42.71700,0.19000,0.18000,1.94540,0.28480,0.39880,34.23180,6.60620,6.60620,6.15800,3.93450,0.14840,1.47540,1.15090,78.20020,0.97300,1.24410,0.58490,0.69590,19.36200,1.3312,-0.252
2010-06-30,192.00400,133.77600,58.22800,7.31400,38.92100,50.84500,7.38300,-2.00200,5.38100,1.98100,3.40000,3.40000,,3.26100,32.41000,7.38300,39.96800,42.12500,0.08000,0.08000,2.03000,0.28080,0.39040,30.32650,3.84520,3.84520,2.80250,1.69840,0.15100,1.51220,1.18660,75.84590,0.43960,0.55410,0.26730,0.31620,18.96920,0.91820,-0.06240
2010-03-31,212.64200,141.66600,70.97600,5.76600,42.63600,53.12800,17.84800,-4.78300,13.06500,2.67300,10.39200,10.39200,,10.44600,42.55100,17.84800,33.02000,34.83900,0.28000,0.27000,2.18790,0.30480,0.43850,33.37820,8.39340,8.39340,6.14410,4.91250,0.16440,1.70760,1.20580,74.64000,1.37320,1.75440,0.80340,0.95470,19.01720,1.5642,0.1624
2009-12-31,156.36400,110.32100,46.04300,7.86400,34.41600,44.18100,1.86200,-1.73900,0.12300,-2.94000,3.06300,3.06300,,3.24600,11.31100,1.86200,32.77700,34.72500,0.10000,0.09000,2.36060,0.39000,0.63940,29.44600,1.19080,1.19080,0.07870,2.07590,0.12470,1.37600,0.84250,106.82820,0.47570,0.64370,0.24430,0.29020,17.58360,1.6387,0.8666
2009-09-30,160.66600,111.65600,49.01000,6.69200,28.92700,36.98100,12.02900,-0.12900,11.90000,2.80800,9.09200,9.09200,,9.17500,18.40600,12.02900,31.61600,33.04700,0.29000,0.28000,2.92750,0.13920,0.16170,30.50430,7.48700,7.48700,7.40670,5.71060,0.21760,1.65750,0.77690,115.85180,1.83780,2.18820,1.23110,1.58200,15.57110,0.1858,-0.5313
2009-06-30,158.40800,111.71300,46.69500,7.00300,26.91600,35.42400,11.27100,-0.08200,11.18900,2.89700,8.29200,8.29200,,8.26900,17.69700,11.27100,31.19800,32.68300,0.27000,0.25000,3.44680,0.14240,0.16600,29.47770,7.11520,7.11520,7.06340,5.22010,0.22530,1.65140,0.86170,104.44470,1.72040,2.06580,1.17910,1.47550,15.20200,-0.15820,-1.12910
2009-03-31,165.57600,117.72400,47.85200,6.14100,25.63800,33.58410,14.26800,-0.12000,14.14800,1.97200,12.17600,12.17600,,12.11600,20.99100,14.26800,30.77200,31.88400,0.39000,0.37000,2.50180,,,28.90030,8.61720,8.61720,8.54470,7.31750,0.26580,1.79560,1.00900,89.20100,2.63100,3.19830,1.95460,2.63100,14.90610,1.9427,-1.7329
