Date,revenue,cost-goods-sold,gross-profit,research-development-expenses,selling-general-administrative-expenses,other-operating-income-expenses,operating-expenses,operating-income,total-non-operating-income-expense,pre-tax-income,total-provision-income-taxes,income-after-taxes,income-from-continuous-operations,net-income,ebitda,ebit,basic-shares-outstanding,shares-outstanding,eps-basic-net-earnings-per-share,eps-earnings-per-share-diluted,current-ratio,long-term-debt-capital,debt-equity-ratio,gross-margin,operating-margin,ebit-margin,pre-tax-profit-margin,net-profit-margin,asset-turnover,inventory-turnover,receiveable-turnover,days-sales-in-receivables,roe,return-on-tangible-equity,roa,roi,book-value-per-share,operating-cash-flow-per-share,free-cash-flow-per-share
2023-12-31,682.25300,479.40200,202.85100,12.26700,151.82100,,382.90000,-180.04900,-15.14100,-195.19000,-46.99500,-148.19500,-148.19500,-148.19500,65.83200,-180.04900,58.07800,58.07800,-2.55000,-2.55000,2.58210,0.41370,0.76550,29.73250,-26.39040,-26.39040,-28.60960,-21.72140,0.27810,0.73210,1.75970,51.14410,-13.68500,-105.39280,-6.03990,-8.02400,18.63160,2.2924,2.1883
2023-09-30,676.80800,467.93800,208.87000,12.20300,120.88200,,133.08500,75.78500,-17.81700,57.96800,13.54600,44.42200,44.42200,44.42200,102.74000,75.78500,58.04100,58.29900,0.77000,0.76000,2.29570,0.39120,0.76490,30.86100,11.19740,11.19740,8.56490,6.56350,0.24640,0.67820,1.65030,54.53690,3.62410,85.13550,1.61720,2.20640,21.11100,0.5856,0.4856
2023-06-30,693.33300,466.57600,226.75700,12.08000,122.49100,,134.57100,92.18600,-16.75900,75.42700,17.32700,58.10000,58.10000,58.10000,119.19100,92.18600,57.45500,58.54100,1.01000,0.99000,2.33350,0.42880,0.83560,32.70540,13.29610,13.29610,10.87890,8.37980,0.24680,0.65710,1.77110,50.81510,4.92370,-931.83860,2.06780,2.81220,20.34560,1.25900,1.13110
2023-03-31,740.74180,504.99490,235.74690,12.77600,141.03900,,528.17010,-292.42300,-19.37600,-311.79900,-17.46400,-294.33500,-294.33500,-294.33500,109.02900,-292.42300,56.60000,56.60000,-5.20000,-5.08000,2.63540,0.46520,0.92740,31.82580,-39.47710,-39.47710,-42.09280,-39.73520,0.26470,0.71140,2.18270,41.23380,-26.00610,438.70420,-10.51620,-13.90700,19.82610,3.2734,3.0228
2022-12-31,754.77500,515.96900,238.80600,12.38200,129.73800,,142.12000,96.68600,-18.31400,78.37200,13.22500,65.14700,65.14700,65.14700,123.56200,96.68600,56.57400,57.84300,1.15000,1.13000,2.38740,0.43150,0.85760,31.63940,12.80990,12.80990,10.38350,8.63130,0.22670,0.66150,1.81130,49.68900,4.58570,-39.61490,1.95650,2.60700,25.11100,1.9712,1.7603
2022-09-30,781.67800,518.80400,262.87400,11.15400,120.55300,,131.70700,131.16700,-13.19300,117.97400,24.51900,93.45500,93.45500,93.45500,156.31600,131.16700,56.55300,57.81400,1.65000,1.62000,2.27640,0.46380,0.96870,33.62950,16.78020,16.78020,15.09240,11.95570,0.23000,0.66690,1.62610,55.34780,6.92540,-36.85590,2.75040,3.71340,23.85580,1.5025,1.3626
2022-06-30,802.61200,509.14200,293.47000,7.89700,113.14800,,121.04500,172.42500,-6.31000,166.11500,40.10000,126.01500,126.01500,126.01500,192.09400,172.42500,56.48600,58.38100,2.23000,2.16000,2.81400,0.31940,0.46930,36.56440,21.48300,21.48300,20.69680,15.70060,0.32670,0.76870,1.83930,48.93200,10.08680,39.90330,5.12870,6.86520,22.10230,1.84270,1.75930
2022-03-31,808.59510,521.18110,287.41400,8.95100,125.58300,,134.53390,152.88010,-6.96200,145.91800,33.09400,112.82400,112.82400,112.82400,173.56310,152.88020,57.19000,59.13700,2.00000,1.93000,2.82060,0.37200,0.59240,35.54490,18.90690,18.90690,18.04590,13.95310,0.33740,0.81060,2.01980,44.55870,10.03420,61.73790,4.70850,6.30120,20.04530,1.667,1.3644
2021-12-31,794.65400,513.18400,281.47000,7.47800,115.04500,,122.52300,158.94700,-6.69500,152.25200,34.11500,118.13700,118.13700,118.13700,178.63000,158.94700,57.16200,59.06600,2.07000,2.00000,2.64070,0.41000,0.69490,35.42050,20.00200,20.00200,19.15950,14.86650,0.33650,0.85640,1.87020,48.12190,11.46600,110.33210,5.00180,6.76500,18.21940,1.9394,1.7692
2021-09-30,778.46000,479.53900,298.92100,6.44000,101.74200,,108.18200,190.73900,-5.92900,184.81000,45.27000,139.54000,139.54000,139.54000,207.53200,190.73900,57.35300,59.21600,2.43000,2.36000,3.27080,0.34650,0.53030,38.39900,24.50210,24.50210,23.74050,17.92510,0.38580,0.85400,1.82960,49.19150,14.92390,27.19420,6.91490,9.75220,16.32130,1.2962,1.1671
2021-06-30,662.91200,421.48500,241.42700,5.86800,91.90300,,97.77100,143.65600,-5.67800,137.97800,35.25300,102.72500,102.72500,102.72500,160.24800,143.65600,58.12300,59.94700,1.77000,1.71000,3.07370,0.38240,0.61910,36.41920,21.67050,21.67050,20.81390,15.49600,0.35800,0.83450,1.83300,49.10040,12.82970,27.52130,5.54730,7.92400,13.91570,0.48000,0.36540
2021-03-31,596.52400,414.05400,182.47010,6.68300,95.10500,,83.32090,99.14910,-32.76000,66.38900,-0.62300,67.01200,67.01200,67.01200,117.57810,99.14910,58.24100,59.90500,1.15000,1.10000,2.87000,0.40210,0.67240,30.58890,16.62120,16.62110,11.12930,11.23380,0.33800,0.91100,1.75740,51.21340,9.09260,19.94640,3.79680,5.43680,12.58510,0.652,0.4426
2020-12-31,574.67900,411.44700,163.23200,5.48300,88.76800,,94.25100,68.98100,12.84800,81.82900,2.95000,78.87900,78.87900,78.87900,85.66200,68.98100,58.30300,60.10100,1.35000,1.31000,2.51830,0.34420,0.52480,28.40400,12.00340,12.00340,14.23910,13.72580,0.37590,1.16290,1.61330,55.78500,11.97440,30.76850,5.15970,7.85330,11.29510,1.7782,1.6482
2020-09-30,575.17900,413.28900,161.89000,5.36200,81.27200,,86.63400,75.25600,-5.71500,69.54100,-10.10400,79.64500,79.64500,79.64500,91.31500,75.25600,58.19300,59.31400,1.37000,1.34000,2.45980,0.37540,0.60090,28.14600,13.08390,13.08390,12.09030,13.84700,0.40190,1.22140,1.57170,57.26370,13.86010,40.83440,5.56440,8.65760,9.86400,2.023,1.936
2020-06-30,479.14000,353.77200,125.36800,5.01000,72.31500,,77.32500,48.04300,-6.41800,41.62500,1.14900,40.47600,40.47600,40.47600,64.90600,48.04300,58.05700,58.95700,0.70000,0.69000,2.68330,0.47560,0.90690,26.16520,10.02690,10.02690,8.68740,8.44760,0.34510,1.06490,1.44200,62.41210,8.26880,38.53460,2.91520,4.33630,8.43000,1.31220,1.23670
2020-03-31,426.31100,341.67700,84.63400,5.24800,71.25600,,232.09200,-147.45810,-6.98000,-154.43800,-13.22400,-141.21400,-141.21400,-141.21400,25.30290,-147.45790,57.84600,57.84600,-2.43000,-2.43000,2.87790,0.53800,1.16470,19.85260,-34.58930,-34.58930,-36.22660,-33.12470,0.30560,1.03130,1.32750,67.79760,-31.91240,-265.25060,-10.12380,-14.74210,8.49130,0.2391,0.2075
2019-12-31,424.77000,335.98000,88.79000,5.70300,64.41800,,70.12100,18.66900,-8.37300,10.29600,-4.35200,14.64800,14.64800,14.64800,35.51900,18.66900,57.87800,57.97800,0.25000,0.25000,2.89690,0.46410,0.86600,20.90310,4.39510,4.39510,2.42390,3.44850,0.27420,1.00370,1.32510,67.91880,2.42140,26.71090,0.94570,1.29770,10.44640,1.2302,1.1579
2019-09-30,445.01600,354.75200,90.26400,5.55300,82.97100,,88.52400,1.74000,-12.74700,-11.00700,0.89100,-11.89800,-11.89800,-11.89800,24.69500,1.74000,57.76800,57.76800,-0.21000,-0.21000,2.78790,0.49560,0.98260,20.28330,0.39100,0.39100,-2.47340,-2.67360,0.27320,0.97420,1.22560,73.43600,-2.02170,-35.75120,-0.73030,-1.01970,10.18400,0.484,0.3399
2019-06-30,459.77400,364.69600,95.07800,6.49400,83.90900,-9.42900,99.83200,-4.75400,-11.12400,-15.87800,0.73700,-16.61500,-16.61500,-16.61500,12.21300,-4.75400,57.72200,57.72200,-0.29000,-0.29000,2.96350,0.55440,1.27680,20.67930,-1.03400,-1.03400,-3.45340,-3.61370,0.24700,0.94070,1.26530,71.12790,-2.79270,-47.80750,-0.89270,-1.24430,10.30300,-0.62660,-0.78470
2019-03-31,515.33610,415.97890,99.35720,7.06100,92.29500,44.22000,135.74000,-36.38280,-10.85100,-47.23390,1.40100,-48.63500,-48.63500,-48.63500,62.44320,-36.38290,57.54400,57.54400,-0.85000,-0.85000,2.96180,0.52920,1.15590,19.28000,-7.06000,-7.06000,-9.16570,-9.43750,0.29650,1.20750,1.49700,60.12080,-7.98550,-110.47390,-2.79830,-3.75930,10.55330,0.6353,0.4381
2018-12-31,467.77100,373.53500,94.23600,6.50300,86.41800,-83.85400,609.38700,-515.15100,-17.87400,-533.02500,-18.38300,-514.64200,-514.64200,-514.64200,-103.63000,-515.15100,57.57200,57.57200,-8.94000,-8.94000,2.94700,0.52250,1.12350,20.14580,-110.12890,-110.12890,-113.95000,-110.02010,0.24920,0.87790,1.32870,67.73700,-77.20100,-527.76170,-27.42250,-36.85970,11.57860,0.0444,-0.1576
2018-09-30,546.58500,437.82800,108.75700,7.21000,97.28200,,127.90300,-19.14600,-21.79000,-40.93600,-8.11800,-32.81800,-32.81800,-32.81800,72.96100,-19.14600,57.52800,57.52800,-0.57000,-0.57000,2.69190,0.38610,0.62890,19.89760,-3.50280,-3.50280,-7.48940,-6.00420,0.22590,1.01400,1.27370,70.66260,-2.78310,111.67210,-1.35660,-1.70860,20.48960,-0.2768,-0.4332
2018-06-30,528.83600,415.49800,113.33800,6.96800,101.05400,-44.92100,152.94300,-39.60500,-13.47200,-53.07700,-0.72900,-52.34800,-52.34800,-52.34800,-17.35600,-39.60500,57.45400,57.45400,-0.91000,-0.91000,2.60560,0.41970,0.75040,21.43160,-7.48910,-7.48910,-10.03660,-9.89870,0.20410,1.00550,1.32200,68.07980,-4.45920,76.15040,-2.02000,-2.58780,20.40850,1.29100,1.11890
2018-03-31,571.22680,461.90490,109.32190,7.55000,117.39400,,125.06790,-15.74600,-11.75800,-27.50400,-11.58200,-15.92200,-15.92200,-15.92200,6.83800,-15.74600,57.16700,57.16700,-0.27000,-0.27000,3.06670,0.42050,0.75190,19.13810,-2.75650,-2.75650,-4.81490,-2.78730,0.21850,1.20830,1.34360,66.98350,-1.30780,49.25610,-0.60890,-0.75790,21.19920,0.1191,-0.2853
2017-12-31,581.20400,455.09900,126.10500,6.87500,100.22400,,107.09900,19.00600,-12.49400,6.51200,-47.23100,53.74300,53.74300,53.74300,42.08100,19.00600,57.25300,57.29400,0.94000,0.94000,3.12970,0.42400,0.76220,21.69720,3.27010,3.27010,1.12040,9.24680,0.21670,1.09830,1.41790,63.47390,4.36840,-192.53860,2.00390,2.51610,21.47460,2.3316,2.118
2017-09-30,587.28300,448.30600,138.97700,7.44700,106.38600,,266.15300,-127.17600,-12.56900,-139.74500,-25.04000,-114.70500,-114.70500,-114.70500,49.00410,-127.17600,57.09900,57.09900,-2.01000,-2.01000,3.03060,0.46330,0.89040,23.66440,-21.65500,-21.65500,-23.79520,-19.53150,0.20900,0.88100,1.13400,79.36180,-9.77420,49.58830,-4.08160,-5.24610,20.48860,1.2387,0.9817
2017-06-30,568.74900,422.19100,146.55800,7.79100,99.42600,,107.21700,39.34100,-12.39300,26.94800,10.29600,16.65200,16.65200,16.65200,62.73100,39.34100,56.91600,56.95700,0.29000,0.29000,3.40330,0.45830,0.87140,25.76850,6.91710,6.91710,4.73810,2.92780,0.19210,0.77770,1.20310,74.80620,1.31050,-5.71610,0.56230,0.70990,22.27970,0.72490,0.43670
2017-03-31,578.75310,434.95900,143.79410,8.61800,121.20900,,129.82700,13.96710,-11.01300,2.95400,2.09700,0.85700,0.85700,0.85700,36.57210,13.96710,58.91100,58.91100,0.11000,0.08000,3.20400,0.46660,0.90060,24.84550,2.41330,2.41330,0.51040,0.14810,0.19440,0.77290,1.21490,74.07920,0.06880,-0.26690,0.02880,0.03670,21.83790,1.7015,1.004
2016-12-31,653.55800,484.95200,168.60600,8.17000,95.89300,,553.26200,-384.65600,-10.55100,-395.20700,-17.54800,-377.65900,-377.65900,-377.65900,89.63300,-384.65600,58.27500,58.63400,-6.48000,-6.44000,2.07230,0.42290,0.90930,25.79820,-58.85570,-58.85570,-60.47010,-57.78510,0.21470,0.82880,1.20530,74.67040,-30.02810,120.00760,-12.40600,-17.32950,21.78830,0.8177,0.4956
2016-09-30,684.31200,498.90300,185.40900,8.15000,102.72300,,80.84600,104.56300,-10.14300,94.42000,21.19600,73.22400,73.22400,73.22400,128.81800,104.56300,59.71000,60.05500,1.23000,1.22000,2.11870,0.35310,0.65860,27.09420,15.28000,15.28000,13.79780,10.70040,0.19430,0.86650,1.23020,73.16010,4.30250,-21.78330,2.07940,2.78330,28.70280,0.5346,0.3629
2016-06-30,630.26900,458.89200,171.37700,7.83100,104.44400,,112.27500,59.10200,-11.96300,47.13900,18.01500,29.12400,29.12400,29.12400,85.05600,59.10200,60.38400,60.71500,0.48000,0.48000,2.30850,0.35980,0.63530,27.19110,9.37730,9.37730,7.47920,4.62090,0.18350,0.82890,1.21260,74.22000,1.74840,-8.74580,0.84780,1.11930,27.59750,-0.36500,-0.71040
2016-03-31,612.30280,448.67790,163.62480,3.66100,92.16400,,95.82490,67.80000,-7.44300,60.35700,23.04500,37.31200,37.31200,37.31200,88.34800,67.80010,62.21100,62.56800,0.60000,0.60000,2.84540,0.28220,0.40370,26.72290,11.07300,11.07300,9.85740,6.09370,0.20810,1.01920,1.42930,62.96860,2.24750,-271.24190,1.26800,1.61320,27.29370,2.0329,1.7876
2015-12-31,592.55700,425.05300,167.50400,3.68100,88.59100,,92.27200,75.23200,-7.77600,67.45600,24.29700,43.15900,43.15900,43.15900,94.20800,75.23200,61.71700,62.09200,0.70000,0.70000,3.09040,0.28930,0.41760,28.26800,12.69620,12.69620,11.38390,7.28350,0.20090,0.88150,1.37790,65.31530,2.62400,-133.66900,1.46350,1.86500,26.81460,0.8711,0.7292
2015-09-30,551.37700,402.35300,149.02400,2.81500,85.46600,,88.28100,60.74300,-6.56300,54.18000,21.50500,32.67500,32.67500,32.67500,79.23900,60.74300,62.81600,63.15500,0.52000,0.52000,3.19240,0.28800,0.41510,27.02760,11.01660,11.01660,9.82630,5.92610,0.18600,0.79960,1.36570,65.89980,1.96200,-151.11960,1.10240,1.39690,26.55680,0.936,0.8311
2015-06-30,514.49700,375.20500,139.29200,2.35500,77.95400,,80.30900,58.98300,-2.56900,56.41400,22.52300,33.89100,33.89100,33.89100,76.07800,58.98300,63.28600,63.61100,0.54000,0.53000,3.41850,0.16450,0.20740,27.07340,11.46420,11.46420,10.96490,6.58720,0.19730,0.87100,1.19710,75.18380,2.03380,9.11040,1.29980,1.69920,26.28040,-0.65900,-0.82460
2015-03-31,485.38900,362.55110,122.83800,2.47500,81.63000,,84.10480,38.73310,-4.83600,33.89700,17.99900,15.89800,15.89800,15.89800,58.31210,38.73310,63.59600,63.85700,0.25000,0.25000,3.29550,0.16350,0.20600,25.30710,7.97980,7.97980,6.98350,3.27530,0.19320,0.96520,1.34200,67.06470,0.96420,4.55380,0.63280,0.80660,25.81320,1.1774,0.9857
2014-12-31,506.88100,372.84400,134.03700,2.31800,68.10500,,122.64300,11.39400,-8.35700,3.03700,14.20600,-11.16900,-11.16900,-11.16900,80.70900,11.39400,63.87500,63.87500,-0.17000,-0.17000,3.13920,0.52500,1.10540,26.44350,2.24790,2.24790,0.59920,-2.20350,0.20840,0.89150,1.40130,64.22570,-1.23250,2.67510,-0.45910,-0.58540,14.20550,1.8131,1.6519
2014-09-30,525.14900,396.55400,128.59500,1.07400,68.15400,,69.22800,59.36700,-7.88300,51.48400,17.73000,33.75400,33.75400,33.75400,76.25200,59.36700,63.87500,63.87500,0.53000,0.53000,3.30980,0.50310,1.01240,24.48730,11.30480,11.30480,9.80370,6.42750,0.20900,0.91660,1.31390,68.49590,3.38830,-8.93530,1.34350,1.68370,,0.6809,0.5349
2014-06-30,565.99500,422.54400,143.45100,3.65100,65.14000,,68.79100,74.66000,-9.03200,65.62800,24.58300,41.04500,41.04500,41.04500,90.09900,74.66000,63.87500,63.87500,0.64000,0.64000,,,,25.34490,13.19090,13.19090,11.59520,7.25180,,,,,,,,,,-1.25450,-1.42690
2014-03-31,,,,,,,,,,,,,,,,,,,,0.00000,,,,,,,,,,,,,,,,,,0,0
2013-12-31,524.22800,390.55200,133.67600,1.84200,69.25900,,71.10100,62.57500,-6.41600,56.15900,22.79400,33.36500,33.36500,33.36500,77.60200,62.57500,,,,0.00000,,,,25.49960,11.93660,11.93660,10.71270,6.36460,,,,,,,,,,0,0
2013-09-30,,,,0.00000,,,,,,0.00000,0.00000,,0.00000,,,,,,,0.00000,,,,,,,,,,,,,,,,,,0,0
2013-03-31,,,,,,,,,,,,,,,,,,,,0.00000,,,,,,,,,,,,,,,,,,0,0
2012-03-31,,,,,,,,,,,,,,,,,,,,0.00000,,,,,,,,,,,,,,,,,,0,0
