Date,revenue,cost-goods-sold,gross-profit,research-development-expenses,selling-general-administrative-expenses,other-operating-income-expenses,operating-expenses,operating-income,total-non-operating-income-expense,pre-tax-income,total-provision-income-taxes,income-after-taxes,income-from-continuous-operations,net-income,ebitda,ebit,basic-shares-outstanding,shares-outstanding,eps-basic-net-earnings-per-share,eps-earnings-per-share-diluted,current-ratio,long-term-debt-capital,debt-equity-ratio,gross-margin,operating-margin,ebit-margin,pre-tax-profit-margin,net-profit-margin,asset-turnover,receiveable-turnover,days-sales-in-receivables,roe,return-on-tangible-equity,roa,roi,book-value-per-share,operating-cash-flow-per-share,free-cash-flow-per-share
2024-03-31,52.64800,14.76000,37.88800,12.72800,26.36400,-0.38600,39.47800,-1.59000,-3.37600,-4.96600,-2.51200,-2.45400,-2.45400,-2.44600,-0.47700,-1.59000,184.24600,184.24600,-0.01300,-0.01300,3.42130,0.00760,0.01470,71.96470,-3.02010,-3.02010,-9.43250,-4.64600,0.15190,1.02930,87.43410,-1.01020,-1.14770,-0.70790,-1.00250,1.31650,0.01430,0.01030
2023-12-31,60.72100,15.85700,44.86400,14.34400,24.26100,-0.55600,39.16100,5.70300,0.37800,6.08100,2.85800,3.22300,3.22300,3.22600,6.92200,5.70300,186.36500,186.36500,0.01700,0.01700,3.44690,0.00920,0.01700,73.88540,9.39220,9.39210,10.01470,5.31280,0.17800,1.19950,75.02990,1.34110,1.53250,0.94480,1.32870,1.30600,0.052,0.0508
2023-09-30,50.62800,15.02000,35.60800,15.50800,23.47500,-0.09900,39.08200,-3.47400,1.35900,-2.11500,0.26400,-2.37900,-2.37900,-2.37400,-2.16900,-3.47400,186.02400,186.02400,-0.01300,-0.01300,3.93610,0.01130,0.01910,70.33260,-6.86180,-6.86180,-4.17750,-4.68910,0.15010,1.11630,80.62280,-0.96600,-1.10090,-0.70530,-0.95510,1.32730,0.0146,0.0142
2023-06-30,47.88600,15.50600,32.38000,16.30500,22.69100,-0.51100,39.50700,-7.12700,0.48100,-6.64600,-0.03600,-6.61000,-6.61000,-6.61100,-5.85900,-7.12700,187.05400,187.05400,-0.03500,-0.03500,4.11630,0.01260,0.02050,67.61890,-14.88330,-14.88330,-13.87880,-13.80570,0.13630,0.99850,90.13340,-2.55630,-2.90960,-1.88090,-2.52410,1.38460,-0.0179,-0.0181
2023-03-31,42.28200,14.56600,27.71600,13.95900,22.70700,-0.75400,37.42000,-9.70400,1.79700,-7.90700,0.02100,-7.92800,-7.92800,-7.92800,-8.47800,-9.70400,188.24000,188.24000,-0.04200,-0.04200,4.49630,0.01320,0.02260,65.55040,-22.95070,-22.95070,-18.70060,-18.75030,0.11960,0.97670,92.14770,-2.96340,-3.35550,-2.24250,-2.92430,1.42200,-0.02580,-0.02660
2022-12-31,45.48500,14.59400,30.89100,14.05900,19.45600,-0.40100,33.91600,-3.02500,3.05300,0.02800,0.34900,-0.32100,-0.32100,-0.32200,-1.78700,-3.02500,190.69500,190.69500,-0.00300,-0.00300,4.63040,0.01340,0.02470,67.91470,-6.65060,-6.65060,0.06160,-0.70790,0.12720,1.08390,83.03710,-0.11690,-0.13180,-0.08970,-0.11530,1.45340,0.0135,0.0131
2022-09-30,38.75400,12.62700,26.12700,13.81200,23.12000,-0.48900,37.42100,-11.29400,0.08200,-11.21200,0.33000,-11.54200,-11.54200,-11.54200,-10.12100,-11.29400,190.84200,190.84200,-0.06000,-0.06000,5.02210,0.01570,0.02750,67.41760,-29.14280,-29.14280,-28.93120,-29.78270,0.10870,1.04040,86.50720,-4.15780,-4.68860,-3.23830,-4.09250,1.44780,-0.0171,-0.0176
2022-06-30,38.71400,13.00800,25.70600,15.40900,28.74900,-0.47400,44.63200,-18.92600,-5.15800,-24.08400,-2.61900,-21.46500,-21.46500,-21.46400,-17.81500,-18.92600,191.28100,191.28100,-0.11200,-0.11200,5.32560,0.01670,0.03030,66.39980,-48.88670,-48.88670,-62.21010,-55.44250,0.10430,1.02630,87.69390,-7.37230,-8.29510,-5.78570,-7.24950,1.52150,-0.066,-0.0664
2022-03-31,34.66700,12.60300,22.06400,13.92500,24.82100,0.00800,38.73800,-16.67400,-4.50200,-21.17600,-2.08500,-19.09100,-19.09100,-19.09000,-15.58000,-16.67400,191.16500,191.16500,-0.10000,-0.10000,5.47820,0.01980,0.03380,63.64550,-48.09760,-48.09760,-61.08400,-55.06680,0.08600,0.80470,111.84640,-6.06410,-6.80790,-4.73730,-5.94410,,-0.08360,-0.08410
2021-12-31,37.11600,13.76000,23.35600,11.91500,24.37200,-0.21100,36.49800,-13.14200,-1.17900,-14.32100,-3.69600,-10.62500,-10.62500,-10.62500,-11.91000,-13.14200,181.55400,181.55400,-0.05200,-0.05200,5.93530,0.01820,0.02830,62.92700,-35.40790,-35.40790,-38.58440,-28.62650,0.08940,0.89300,100.78320,-3.24740,-3.61950,-2.56040,-3.18810,1.71280,-0.1197,-0.1207
2021-09-30,31.86400,12.79100,19.07300,14.17900,29.27700,0.01400,43.44200,-24.36900,-0.40400,-24.77300,-2.81400,-21.95900,-21.95900,-21.95900,-23.34300,-24.36900,184.88100,184.88100,-0.11900,-0.11900,5.16130,0.01960,0.02900,59.85750,-76.47820,-76.47820,-77.74610,-68.91480,0.07480,0.79360,113.40380,-6.55310,-7.30970,-5.15390,-6.42430,1.75750,-0.047,-0.0474
2021-06-30,30.86900,12.21800,18.65100,10.66900,23.50300,-0.86800,35.04000,-16.38900,-1.21500,-17.60400,-2.13500,-15.46900,-15.46900,-15.46900,-15.36900,-16.38900,172.63000,172.63000,-0.09000,-0.09000,1.32780,0.13120,0.20740,60.41980,-53.09210,-53.09210,-57.02810,-50.11180,0.22240,0.86740,103.75550,-28.08510,-86.79230,-11.14690,-24.40020,0.31780,-0.0819,-0.085
2021-03-31,25.92400,10.82300,15.10100,8.42300,18.25800,-0.44900,27.13000,-12.02900,-1.25900,-13.28800,-0.82700,-12.46100,-12.46100,-12.45800,-11.23500,-12.02900,171.95300,171.95300,-0.07200,-0.07200,1.67120,0.10890,0.16300,58.25100,-46.40100,-46.40100,-51.25750,-48.05590,0.18670,0.87590,102.75150,-18.94350,-36.33790,-8.97660,-16.87960,0.35130,-0.04330,-0.04640
2020-12-31,29.10700,11.85800,17.24900,6.82700,12.48500,0.12300,19.31200,-2.06300,-1.27400,-3.33700,0.93000,-4.26700,-4.26700,-4.27000,-1.46600,-2.06300,168.35000,168.35000,-0.02600,-0.02400,2.31060,0.11740,0.16520,59.26070,-7.08760,-7.08760,-11.46460,-14.67000,0.20790,1.01910,88.31480,-5.63320,-7.03490,-3.04760,-4.97170,0.40450,0.0204,0.0171
2020-09-30,27.65200,8.77500,18.87700,4.51200,8.58600,-0.27500,13.37300,5.50400,-0.54500,4.95900,1.98100,2.97800,2.97800,2.93900,6.03700,5.50400,169.51600,179.71800,0.01700,0.01600,,,,68.26630,19.90450,19.90450,17.93360,10.62850,,,,,,,,,0.0679,0.0657
2020-06-30,25.27500,7.48000,17.79500,3.63800,7.76200,-0.26300,11.66300,6.13200,1.57000,7.70200,2.04000,5.66200,5.66200,5.61900,6.68400,6.13200,167.10200,170.97200,0.03400,0.03300,,,,70.40550,24.26110,24.26110,30.47280,22.23150,,,,,,,,,0.0338,0.0328
2020-03-31,16.64200,6.73800,9.90400,4.06200,8.84900,-0.04700,12.95800,-3.05400,-2.80700,-5.86100,-0.66300,-5.19800,-5.19800,-5.20200,-2.33600,-3.05400,166.99000,166.99000,-0.03000,-0.03000,,,,59.51210,-18.35120,-18.35120,-35.21810,-31.25830,,,,,,,,,-0.05580,-0.05910
2019-12-31,,,,,,,,,,,,,,,,,,,,0.00000,,,,,,,,,,,,,,,,,0,0
