Date,revenue,cost-goods-sold,gross-profit,selling-general-administrative-expenses,other-operating-income-expenses,operating-expenses,operating-income,total-non-operating-income-expense,pre-tax-income,total-provision-income-taxes,income-after-taxes,income-from-continuous-operations,net-income,ebitda,ebit,basic-shares-outstanding,shares-outstanding,eps-basic-net-earnings-per-share,eps-earnings-per-share-diluted,current-ratio,long-term-debt-capital,debt-equity-ratio,gross-margin,operating-margin,ebit-margin,pre-tax-profit-margin,net-profit-margin,asset-turnover,receiveable-turnover,days-sales-in-receivables,roe,return-on-tangible-equity,roa,roi,book-value-per-share,operating-cash-flow-per-share,free-cash-flow-per-share
2023-09-30,55.05400,,55.05400,10.11800,-9.98500,,15.93800,-18.20000,-2.26200,-0.79600,-1.46600,-1.46600,-1.46600,35.11500,15.93800,29.66000,29.66000,-0.05000,-0.05000,0.49740,0.09380,0.10350,100.00000,28.94980,28.94980,-4.10870,-2.66280,0.07430,1.44130,62.44450,-0.27090,-0.27090,-0.19780,-0.24550,16.49420,1.3535,0.0505
2023-06-30,51.58800,4.91900,46.66900,5.88900,-9.31600,33.95300,12.71600,3.71600,16.43200,6.81200,9.62000,9.62000,9.62000,31.62600,12.71600,29.66000,33.07800,0.29000,0.29000,0.91770,0.06850,0.07350,90.46480,24.64910,24.64910,31.85240,18.64780,0.07350,1.95410,46.05720,1.72480,1.72480,1.37090,1.60670,16.99800,1.0435,0.5013
2023-03-31,57.96100,,57.96100,44.08900,-9.08000,,-13.68000,6.23600,-7.44400,40.37100,-47.81500,-47.81500,-49.64700,4.95200,-13.68000,29.66400,29.66400,-1.67000,-1.67000,1.51990,0.07400,0.07990,100.00000,-23.60210,-23.60210,-12.84310,-85.65590,0.08400,1.90690,47.19790,-8.49120,-8.49120,-6.93040,-7.86280,17.17020,1.32190,0.55560
2022-12-31,79.19600,42.44700,36.74900,4.25000,,21.02800,15.72100,-14.63400,23.56900,0.00000,23.56900,23.56900,23.56900,32.63100,15.72100,,,,0.00000,1.48190,0.07840,0.08500,46.40260,19.85080,19.85080,29.76030,29.76030,0.11990,1.91330,47.03990,4.17580,4.17580,3.56840,3.84850,1.25430,-0.2511,-0.1105
2022-09-30,77.09800,,77.09800,-4.94800,-8.32300,,55.94600,29.79300,85.73900,,85.73900,85.73900,,73.85300,55.94600,438.62500,438.62500,0.19000,0.19000,,,,100.00000,72.56480,72.56480,111.20780,,,,,,,,,,0.1199,0.0701
2022-06-30,78.79700,6.86600,71.93100,19.92500,-7.66100,42.58000,29.35100,-12.59900,16.75200,0.00000,16.75200,16.75200,16.75200,44.47200,29.35100,438.62500,438.62500,0.04000,0.04000,,,,91.28650,37.24890,37.24890,21.25970,21.25970,,,,,,,,,0.0728,0.0257
2022-03-31,64.97900,,64.97900,13.93200,-6.49800,,30.36600,-37.52300,-7.15700,,-7.15700,-7.15700,,44.63200,30.36600,438.62500,438.62500,-0.02000,-0.02000,,,,100.00000,46.73200,46.73200,-11.01430,,,,,,,,,,0.05840,0.01470
2021-12-31,,,,,,,,,,,,,,,,,,,0.00000,,,,,,,,,,,,,,,,,0,0
2020-12-31,,,,,,,,,,,,,,,,,,,0.00000,,,,,,,,,,,,,,,,,0,0
