Date,revenue,gross-profit,research-development-expenses,selling-general-administrative-expenses,operating-income,total-non-operating-income-expense,pre-tax-income,total-provision-income-taxes,income-after-taxes,income-from-continuous-operations,net-income,ebitda,ebit,basic-shares-outstanding,shares-outstanding,eps-basic-net-earnings-per-share,eps-earnings-per-share-diluted,current-ratio,long-term-debt-capital,debt-equity-ratio,gross-margin,operating-margin,ebit-margin,pre-tax-profit-margin,net-profit-margin,asset-turnover,receiveable-turnover,days-sales-in-receivables,roe,return-on-tangible-equity,roa,roi,book-value-per-share,operating-cash-flow-per-share,free-cash-flow-per-share
2023-09-30,,,2.82400,2.54400,-5.36800,-3.17200,-8.54000,,-8.54000,-8.54000,-6.65400,-5.34600,-5.36800,2.03710,2.03710,-3.20000,-3.20000,0.98540,,-0.01870,,,,,,,,,33.84460,33.84460,-57.22330,33.84460,-9.65140,-2.373,-2.373
2023-06-30,,,4.69100,3.30900,-8.00000,0.78900,-7.21100,,-7.21100,-7.21100,-5.61900,-7.97700,-8.00000,2.03710,2.03710,-2.80000,-2.80000,1.50100,,,,,,,,,,,28.52120,28.52110,-32.15460,28.52110,-9.67050,-3.0273,-3.0273
2023-03-31,,,3.94200,3.48500,-7.42700,1.65300,-5.77400,,-5.77400,-5.77400,-4.49900,-7.40500,-7.42700,2.03710,2.03710,-2.40000,-2.40000,2.41760,,,,,,,,,,,30.08550,30.08550,-20.02910,30.08550,-7.34070,-2.53600,-2.53600
2022-12-31,0.00900,0.00900,3.96400,2.38800,-6.34300,0.25300,-6.09000,,-6.09000,-6.09000,-4.74500,-6.32000,-6.34300,1.87190,1.87190,-2.80000,-2.80000,3.51500,,-0.02090,100.00000,-70479.16000,-70479.17000,-67667.98000,-52723.25000,0.00030,0.05200,1730.03400,56.70400,56.70390,-18.32240,56.70390,-4.10790,-4.016,-4.0168
2022-09-30,,,3.05500,2.63400,-5.68900,0.22100,-5.46800,,-5.46800,-5.46800,-4.26100,-5.66500,-5.68900,2.01230,2.01230,-2.00000,-2.00000,3.85470,,-0.03360,,,,,,,,,33.00140,33.00140,-15.39590,33.00140,-6.33750,-4.3641,-4.3626
2022-06-30,0.00900,0.00900,2.20500,1.83100,-4.02700,-0.06400,-4.09100,,-4.09100,-4.09100,-3.15100,-4.00500,-4.02700,1.75920,1.75920,-1.60000,-1.60000,3.11540,,,100.00000,-44744.45000,-44744.45000,-45455.56000,-35011.11000,0.00020,0.11690,770.00000,47.98270,47.98260,-11.06010,47.98260,-3.39600,0.431,0.4191
2022-03-31,2.00000,2.00000,3.13300,5.34800,-6.48100,-2.74300,-9.22400,0.20000,-9.42400,-9.42400,-7.00700,-6.45800,-6.48100,1.67360,1.67360,-4.00000,-4.00000,1.07180,,,100.00000,-324.05000,-324.05000,-461.20000,-350.35000,0.09910,35.08770,2.56500,116.44650,116.44630,-46.68810,116.44630,-3.59540,-0.61010,-0.61010
2021-12-31,0.00900,0.00900,5.40200,5.71600,-11.10900,1.62600,-9.48300,0.00000,-9.48300,-9.48300,-7.05100,-11.08700,-11.10900,1.51830,1.51830,-4.00000,-4.00000,1.83820,,-0.02630,100.00000,-123431.60000,-123431.60000,-105365.20000,-78343.38000,0.00040,0.15790,569.99220,97.36130,97.36140,-37.22620,97.36140,-4.32710,-4.2736,-4.2736
2021-09-30,3.00000,3.00000,2.38200,2.22100,-1.60300,0.23800,-1.36500,0.10000,-1.46500,-1.46500,-1.08700,-1.58100,-1.60300,1.52680,1.52680,-0.80000,-0.80000,4.02380,,-0.02950,100.00000,-53.43330,-53.43330,-45.50000,-36.23330,0.09540,3.23280,27.84000,6.79970,6.79970,-4.66060,6.79970,-9.62210,-2.0985,-2.0985
2021-06-30,0.00900,0.00900,2.43700,2.24200,-4.67000,3.82900,-0.84100,,-0.84100,-0.84100,-0.60800,-4.64800,-4.67000,1.46540,1.46540,-0.40000,-0.40000,2.22810,,,100.00000,-51888.89000,-51888.89000,-9344.44500,-6755.55600,0.00040,,,1.75860,1.75860,-3.88270,1.75860,-22.96750,-2.5912,-2.5912
2021-03-31,0.98700,0.98700,3.10300,2.16400,-4.28000,-1.64700,-5.92700,0.01500,-5.94200,-5.94200,-4.24100,-4.25700,-4.28000,1.41180,1.41180,-3.20000,-3.20000,1.78630,,,100.00000,-433.63730,-433.63730,-600.50660,-429.68590,0.05890,493.50000,0.18240,10.55890,10.55890,-35.46620,10.55890,-27.90520,-3.75330,-3.75330
2020-12-31,6.39900,6.39900,2.53400,2.03500,1.83000,-0.22300,1.60700,,1.60700,1.60700,1.12600,1.89200,1.83000,1.17850,1.17850,1.20000,1.20000,1.12910,,-0.00100,100.00000,28.59820,28.59820,25.11330,17.59650,0.43270,40.50000,2.22220,-2.00620,-2.00620,10.86620,-2.00620,-41.53320,-2.1825,-2.1825
2020-09-30,0.00700,0.00700,1.76800,1.07100,-2.83200,0.57900,-2.25300,0.00000,-2.25300,-2.25300,-1.53300,-2.65100,-2.83200,1.20600,1.20600,-1.20000,-1.20000,0.44330,,-0.04610,100.00000,-40457.14000,-40457.14000,-32185.71000,-21900.00000,0.00100,0.50000,180.00000,4.38570,4.38570,-31.97560,4.38570,-28.44240,-4.0215,-4.0215
2020-06-30,,,2.50900,1.69500,-4.20400,-0.78700,-4.99100,,-4.99100,-4.99100,-3.36800,-4.04700,-4.20400,1.14150,1.14150,-2.80000,-2.80000,0.59380,,-0.06530,,,,,,,,,7.17840,7.17840,-46.96090,7.17840,-39.15030,-3.9533,-3.9533
2020-03-31,0.00800,0.00800,4.20400,2.45000,-6.64600,-0.51900,-7.16500,,-7.16500,-7.16500,-4.72400,-6.57200,-6.64600,1.08660,1.08660,-4.40000,-4.40000,0.29260,,-0.07130,100.00000,-83075.00000,-83075.00000,-89562.49000,-59049.99000,0.00110,1.60000,56.25000,11.58990,11.58990,-96.96850,11.58990,-36.48660,-5.11700,-5.11700
2019-12-31,0.00700,0.00700,4.40600,1.98900,-6.38800,-0.49400,-6.88200,,-6.88200,-6.88200,-0.16400,-6.29100,-6.38800,0.75730,0.75730,-4.00000,-4.00000,0.21210,,-0.12590,100.00000,-91255.98000,-91255.98000,-98313.02000,-2342.82800,0.00080,1.40000,64.28490,14.03830,14.03830,-74.27150,14.03830,-30.63320,-9.0513,-9.1177
2019-09-30,0.00800,0.00800,3.66300,1.77000,-5.42500,-0.53500,-5.96000,,-5.96000,-5.96000,-4.11500,-5.30200,-5.42500,0.80320,0.80320,-5.20000,-5.20000,0.24660,-0.02980,-0.18670,100.00000,-67812.50000,-67812.50000,-74499.99000,-51437.49000,0.00090,0.80000,112.50000,12.64080,12.64080,-65.33660,13.01710,-32.22050,-5.7261,-5.3401
2019-06-30,1.82800,1.82800,4.22800,2.39200,-4.79200,-0.22200,-5.01400,0.10000,-5.11400,-5.11400,-2.88200,-4.63400,-4.79200,0.70100,0.70100,-4.00000,-4.00000,0.22100,-0.04580,-0.21700,100.00000,-262.14440,-262.14440,-274.28880,-157.65860,0.20150,1.00330,89.70460,10.24810,10.24810,-56.37130,10.71740,-37.71810,-6.0823,-6.0823
2019-03-31,0.92100,0.92100,2.82200,2.38600,-4.28700,0.30500,-3.98200,,-3.98200,-3.98200,-5.88300,-4.09400,-4.28700,0.57160,0.57160,-10.40000,-10.40000,0.32780,-0.07470,-0.22830,100.00000,-465.47230,-465.47230,-432.35620,-638.76220,0.08580,,,6.89700,6.89700,-37.09020,7.41240,-45.86690,-9.53510,-9.53510
2018-12-31,4.52200,4.52200,2.80000,2.07300,-0.35100,-1.97700,-2.32800,,-2.32800,-2.32800,-1.83000,-0.02500,-0.35100,0.31120,0.31120,-0.80000,-0.80000,0.18440,-0.08270,-0.18960,100.00000,-7.76210,-7.76200,-51.48160,-40.46880,0.52830,,,2.80980,2.80980,-27.19950,3.04220,-76.29010,-18.0742,-18.0744
2018-09-30,3.37500,3.37500,2.69800,2.15800,-1.48100,-0.48000,-1.96100,,-1.96100,-1.96100,-0.79600,-1.20300,-1.48100,0.30770,0.30770,-2.40000,-2.40000,0.23300,-0.24350,-0.41400,100.00000,-43.88150,-43.88150,-58.10370,-23.58520,0.30440,,,4.45900,4.45900,-17.68420,5.54470,-45.26120,-9.6022,-9.6272
2018-06-30,2.47300,2.47300,8.59400,2.73700,-8.85800,-0.53800,-9.39600,0.20000,-9.59600,-9.59600,-3.07200,-8.54700,-8.85800,0.25130,0.25130,-12.40000,-12.40000,0.19080,-0.17890,-0.26670,100.00000,-358.18840,-358.18840,-379.94340,-124.22160,0.22030,1.08940,82.61220,13.40280,13.40280,-85.48010,15.80010,-84.31860,-36.3592,-36.361
2018-03-31,2.06400,2.06400,8.94300,2.25500,-9.13400,-0.82600,-9.96000,,-9.96000,-9.96000,-2.95200,-8.81700,-9.13400,0.24250,0.24250,-12.00000,-12.00000,0.35320,-0.09650,-0.13350,100.00000,-442.53880,-442.53880,-482.55820,-143.02330,0.14010,9.82860,9.15700,6.69410,6.69410,-67.62170,7.33990,-181.31610,-22.25570,-22.20620
2017-12-31,0.23300,0.23300,10.06800,2.93700,-12.77200,-1.02000,-13.79200,,-14.59200,-14.59200,-4.31100,-12.45100,-12.77200,0.24230,0.24230,-17.60000,-17.60000,0.75610,-0.11280,-0.12970,100.00000,-5481.54400,-5481.54300,-5919.31300,-1850.21400,0.00830,0.02910,3090.12900,9.66060,9.66060,-52.26920,10.75070,-184.13630,-26.1261,-26.2004
2017-09-30,0.01500,0.01500,8.98900,2.56700,-11.54100,-0.81400,-12.35500,,-12.35500,-12.35500,-3.65000,-11.21900,-11.54100,0.24230,0.24230,-15.20000,-15.20000,1.76140,-0.14470,-0.14170,100.00000,-76940.00000,-76940.00000,-82366.66000,-24333.33000,0.00060,,,9.06440,9.06440,-51.36150,10.37580,-166.16240,-48.5959,-48.4639
2017-06-30,0.01300,0.01300,9.62300,3.00500,-12.61500,-0.79900,-13.41400,,-13.41400,-13.41400,-3.96300,-12.28700,-12.61500,0.24230,0.24230,-16.40000,-16.40000,2.94550,-0.21070,-0.17890,100.00000,-97038.46000,-97038.46000,-103184.60000,-30484.62000,0.00040,,,12.60600,12.60600,-37.49130,15.26160,-129.72080,-52.149,-52.1489
2017-03-31,0.03000,0.03000,10.96000,2.82400,-13.75400,-0.53200,-14.28600,,-14.28600,-14.28600,-4.22000,-13.49900,-13.75400,0.24230,0.24230,-17.60000,-17.60000,4.13470,-0.17920,-0.15190,100.00000,-45846.67000,-45846.67000,-47620.00000,-14066.67000,0.00060,,,11.57050,11.57050,-29.55990,13.64370,-150.51690,-57.01430,-57.17530
2016-12-31,0.03800,0.03800,11.09900,2.25200,-13.31300,-0.39800,-13.71100,,-13.71100,-13.71100,-4.05000,-13.11000,-13.31300,0.23870,0.23870,-16.40000,-16.40000,4.55810,-0.13840,-0.12160,100.00000,-35034.16000,-35034.17000,-36081.53000,-10657.88000,0.00070,,,15.07610,15.07610,-25.16010,17.16300,-110.86800,-50.1838,-50.189
2016-09-30,0.03800,0.03800,11.16500,2.40100,-13.52800,0.02300,-13.50500,,-13.50500,-13.50500,-3.99300,-13.46000,-13.52800,0.24230,0.24230,-16.40000,-16.40000,4.92450,,,100.00000,-35600.00000,-35600.00000,-35539.47000,-10507.89000,0.00070,,,12.14040,12.14040,-24.68250,12.14040,-135.60890,-51.2274,-51.2229
2016-06-30,0.18200,0.18200,12.14900,2.67200,-14.63900,0.02200,-14.61700,,-14.61700,-14.61700,-4.45700,-14.57000,-14.63900,0.23910,0.23910,-18.80000,-18.80000,6.54220,,,100.00000,-8043.40600,-8043.40600,-8031.31900,-2448.90100,0.00270,,,18.38150,18.38150,-21.88730,18.38150,-96.93720,-46.416,-46.7631
2016-03-31,0.37600,0.37600,11.33500,2.58100,-13.54000,0.02000,-13.52000,,-13.52000,-13.52000,-3.85200,-13.46100,-13.54000,0.23080,0.23080,-16.80000,-16.80000,8.88320,,,100.00000,-3601.06400,-3601.06400,-3595.74500,-1024.46800,0.00470,1.82520,49.30850,21.45280,21.45280,-16.99370,21.45280,-76.82800,-54.17990,-54.17990
2015-12-31,0.22600,0.22600,8.94700,2.37000,-11.09100,0.03100,-11.06000,,-11.06000,-11.06000,-3.17000,-10.95100,-11.09100,0.20690,0.20690,-113.20000,-113.20000,11.54360,,,100.00000,-4907.52200,-4907.52300,-4893.80700,-1402.65500,0.00250,3.27540,27.47790,14.18490,14.18490,-12.08320,14.18490,-95.04770,-43.8049,-43.9843
2015-09-30,0.13300,0.13300,7.15900,2.41500,-9.44100,-0.38100,-9.82200,,-9.82200,-9.82200,-4.10300,-9.32700,-9.44100,0.20760,0.20760,-19.60000,-19.60000,16.09760,,,100.00000,-7098.49600,-7098.49600,-7384.96200,-3084.96200,0.00130,,,10.42840,10.42840,-9.80290,10.42840,-114.81420,-134.7429,-134.9452
2015-06-30,0.11000,0.11000,5.70200,2.29700,-7.88900,-2.52300,-10.41200,,-10.41200,-10.41200,-10.41200,-7.77500,-7.88900,,,,0.00000,0.04270,-0.09040,-0.68550,100.00000,-7171.81800,-7171.81800,-9465.45400,-9465.45400,0.00580,,,1.75250,12.86310,-54.89820,14.02550,-346.77090,0,0
2015-03-31,0.05000,0.05000,7.77600,1.99500,-9.72100,-0.09200,-9.81300,,-9.81300,-9.81300,-9.81300,-9.58800,-9.72100,,,,0.00000,,,,100.00000,-19442.00000,-19442.00000,-19626.00000,-19626.00000,,,,,,,,,0.00000,
2014-12-31,,,,,,,,,,,,,,,,,0.00000,,,,,,,,,,,,,,,,,0,0
2014-09-30,0.40000,0.40000,4.32800,1.59200,-5.52000,-0.35000,-5.87000,,-5.87000,-5.87000,-5.87000,-5.29200,-5.52000,,,,0.00000,,,,100.00000,-1380.00000,-1380.00000,-1467.50000,-1467.50000,,,,,,,,,22.1794,22.211
2014-06-30,0.20100,0.20100,4.53500,2.85800,-7.19200,-0.21200,-7.40400,,-7.40400,-7.40400,-7.40400,-7.19200,-7.19200,0.82250,0.82250,-9.20000,-9.20000,,,,100.00000,-3578.11000,-3578.11000,-3683.58200,-3683.58200,,,,,,,,,-22.1794,-22.211
2013-12-31,,,,,,,,,,,,,,,,,0.00000,,,,,,,,,,,,,,,,,0,0
