Date,revenue,cost-goods-sold,gross-profit,selling-general-administrative-expenses,operating-expenses,operating-income,total-non-operating-income-expense,pre-tax-income,total-provision-income-taxes,income-after-taxes,income-from-continuous-operations,net-income,ebitda,ebit,basic-shares-outstanding,shares-outstanding,eps-basic-net-earnings-per-share,eps-earnings-per-share-diluted,current-ratio,long-term-debt-capital,debt-equity-ratio,gross-margin,operating-margin,ebit-margin,pre-tax-profit-margin,net-profit-margin,asset-turnover,receiveable-turnover,days-sales-in-receivables,roe,return-on-tangible-equity,roa,roi,book-value-per-share,operating-cash-flow-per-share,free-cash-flow-per-share
2023-09-30,1001.50700,930.82800,70.67900,49.64000,49.64000,21.03900,-32.27600,-11.23700,-4.83700,-6.40000,-6.40000,-6.40000,51.03500,21.03900,31.17900,31.17900,-0.21000,-0.21000,1.07670,0.53830,1.18150,7.05730,2.10070,2.10070,-1.12200,-0.63900,0.32030,1.40000,64.28740,-0.64710,0.58290,-0.20470,-0.29880,31.71490,1.8631,1.6976
2023-06-30,977.85200,890.45200,87.40000,53.13000,53.13000,34.27000,-32.26100,2.00900,0.21000,1.79900,1.79900,1.79900,64.96800,34.27000,31.03300,31.60500,0.06000,0.06000,1.10350,0.54520,1.21440,8.93800,3.50460,3.50460,0.20550,0.18400,0.30760,1.30980,68.71240,0.18120,-0.16110,0.05660,0.08240,31.93970,3.717,3.6454
2023-03-31,943.46000,864.63000,78.83000,48.25100,48.25100,30.57900,-53.79600,-23.21700,-5.73700,-17.48000,-17.48000,-17.48000,61.11000,30.57900,30.92700,30.92700,-0.57000,-0.57000,1.21840,0.56900,1.33620,8.35540,3.24120,3.24120,-2.46080,-1.85280,0.29400,1.24170,72.48130,-1.78650,1.51680,-0.54470,-0.76990,31.55850,-1.24460,-1.53810
2022-12-31,978.16710,862.19490,115.97210,84.94600,84.94610,31.02610,-30.97000,0.05600,10.67400,-10.61800,-10.61800,-10.61800,59.78310,31.02620,20.99600,20.99600,-1.24000,-1.23000,1.19000,0.55880,1.27840,11.85610,3.17190,3.17190,0.00570,-1.08550,0.30250,1.34260,67.03600,-1.06490,0.91960,-0.32840,-0.46980,32.72330,1.3836,1.0675
2022-09-30,958.15600,861.07300,97.08300,92.59600,92.59600,4.48700,-27.26500,-22.77800,-5.73900,-17.03900,-17.03900,-17.03900,37.60100,4.48700,29.83000,29.83000,-0.57000,-0.57000,1.28910,0.56560,1.31410,10.13230,0.46830,0.46830,-2.37730,-1.77830,0.30240,1.38670,64.90060,-1.72390,1.53600,-0.53780,-0.74880,32.44860,1.4268,1.4421
2022-06-30,498.06600,453.30500,44.76100,29.74000,29.74000,15.02100,-1.96300,13.05800,2.58600,10.47200,10.47200,10.47200,18.97400,15.02100,11.82600,11.95400,0.89000,0.88000,1.15990,0.17830,0.24560,8.98700,3.01590,3.01590,2.62170,2.10250,0.54980,1.32820,67.75850,2.88110,-51.29550,1.15600,2.36730,30.68360,3.8591,3.7515
2022-03-31,456.47100,419.27500,37.19600,31.95900,31.95900,5.23700,-1.68100,3.55600,0.70100,2.85500,2.85500,2.85500,9.33300,5.23700,11.75900,11.90200,0.24000,0.24000,1.21690,0.23430,0.33540,8.14860,1.14730,1.14730,0.77900,0.62550,0.50740,1.20900,74.44370,0.80610,-8.96670,0.31740,0.61720,30.00210,-2.21650,-2.39950
2021-12-31,419.40810,388.03690,31.37120,21.35400,21.35400,10.01720,-1.84500,8.17200,0.68400,7.48800,7.48800,7.48800,14.48520,10.01710,11.70500,11.83600,0.65000,0.62000,1.18170,0.21210,0.29890,7.47980,2.38840,2.38840,1.94850,1.78540,0.47150,1.20310,74.80650,2.13890,-19.58720,0.84190,1.68520,29.82510,0.6775,0.4972
2021-09-30,459.40800,418.90000,40.50800,27.61800,27.61800,12.89000,-1.95500,10.93500,0.67700,10.25800,10.25800,10.25800,17.43700,12.89000,11.72600,11.84900,0.87000,0.87000,1.26390,0.25440,0.37160,8.81740,2.80580,2.80580,2.38020,2.23290,0.51340,1.36290,66.03390,3.00120,-23.17410,1.14650,2.23770,29.14650,3.3191,3.082
2021-06-30,470.84500,422.66000,48.18500,25.60500,25.60500,22.58000,-2.25300,20.32700,4.39300,15.93400,15.93400,15.93400,26.80100,22.58000,11.71500,11.82800,1.36000,1.35000,1.42490,0.33010,0.52220,10.23370,4.79560,4.79560,4.31710,3.38410,0.52540,1.33080,67.62980,4.78750,-29.72650,1.77810,3.20720,28.38830,3.023,2.8366
2021-03-31,434.00400,393.64800,40.35600,23.82300,23.82300,16.53300,-1.93200,14.60100,2.55300,12.04800,12.04800,12.04800,20.76300,16.53300,11.64800,11.82700,1.03000,1.02000,1.40220,0.34600,0.55840,9.29850,3.80940,3.80940,3.36430,2.77600,0.50330,1.20830,74.48410,3.83130,-16.68950,1.39710,2.50560,26.87740,-1.83720,-2.05800
2020-12-31,355.31700,319.63100,35.68600,21.96100,21.96090,13.72510,-0.80500,12.92000,-3.86100,16.78100,16.78100,16.78100,15.91910,13.72510,11.59900,11.75100,1.45000,1.43000,1.41600,0.35620,0.58160,10.04340,3.86280,3.86280,3.63620,4.72280,0.42110,1.12810,79.77750,5.50310,-20.25000,1.98870,3.54260,26.23120,2.2488,2.1579
2020-09-30,352.41500,320.23400,32.18100,17.34400,17.34400,14.83700,-0.93900,13.89800,3.50700,10.39100,10.39100,10.39100,16.96300,14.83700,11.62100,11.75100,0.89000,0.88000,1.44150,0.16800,0.23020,9.13160,4.21010,4.21010,3.94360,2.94850,0.52920,1.31430,68.47860,3.66130,106.32380,1.56040,3.04600,24.41960,0.275,0.1813
2020-06-30,336.06300,311.81700,24.24600,21.81600,21.81600,2.43000,-1.34600,1.08400,-0.02700,1.11100,1.11100,1.11100,4.51200,2.43000,11.60700,11.74500,0.10000,0.09000,1.34920,0.18020,0.24770,7.21470,0.72310,0.72310,0.32260,0.33060,0.51090,1.29110,69.70880,0.41230,-19.83930,0.16890,0.33800,23.18720,2.8326,2.7195
2020-03-31,351.73400,319.69300,32.04100,19.55800,19.55800,12.48300,-1.70300,10.78000,2.11200,8.66800,8.66800,8.66800,14.59300,12.48300,11.54500,11.74500,0.75000,0.74000,1.22850,0.18790,0.69310,9.10940,3.54900,3.54900,3.06480,2.46440,0.47300,1.33430,67.44900,3.28030,-74.39700,1.16570,2.66390,22.80320,0.09680,0.01870
2019-12-31,365.15700,330.88800,34.26900,18.62000,18.62010,15.64900,-1.65900,13.99000,3.34600,10.64400,10.64400,10.64400,17.74400,15.64900,11.44400,11.61200,0.93000,0.91000,1.30820,0.19580,0.26860,9.38470,4.28560,4.28550,3.83120,2.91490,0.57380,1.35670,66.33570,4.11180,-58.98910,1.67260,3.30660,22.46310,-0.0629,-0.2146
2019-09-30,359.87300,327.52300,32.35000,19.93400,19.93400,12.41600,-1.90700,10.50900,2.66800,7.84100,7.84100,7.84100,14.19900,12.41600,11.50600,11.67800,0.68000,0.67000,1.26990,0.21110,0.28970,8.98930,3.45010,3.45010,2.92020,2.17880,0.56630,1.41240,63.72150,3.15740,-27.54030,1.23400,2.49100,21.58310,1.1047,1.3421
2019-06-30,331.58900,300.55300,31.03600,19.84300,19.84300,11.19300,-1.32900,9.86400,2.24700,7.61700,7.61700,7.61700,12.75100,11.19300,11.45500,11.60500,0.66000,0.66000,1.33650,0.21680,0.29970,9.35980,3.37560,3.37560,2.97480,2.29710,0.53970,1.39770,64.39370,3.17800,-97.70350,1.23970,2.48910,20.83050,1.8915,1.7473
2019-03-31,325.90600,295.59600,30.31000,19.91900,19.91900,10.39100,-1.57500,8.81600,1.74200,7.07400,7.07400,7.07400,11.84900,10.39100,11.29200,11.39900,0.63000,0.62000,1.30510,0.22890,0.31870,9.30020,3.18830,3.18830,2.70510,2.17060,0.54950,1.33500,67.41340,3.09930,-35.48700,1.19280,2.39000,20.10610,-0.56020,-1.42750
2018-12-31,329.29310,299.53110,29.76200,17.38200,17.38180,12.38020,-1.45300,10.92700,1.01300,9.91400,9.91400,9.91400,13.73920,12.38010,11.22400,11.37800,0.88000,0.87000,1.39270,0.23800,0.33270,9.03810,3.75960,3.75960,3.31830,3.01070,0.57540,1.41860,63.44110,4.47990,-47.32440,1.73250,3.41350,19.64140,2.7618,2.4168
2018-09-30,308.09500,278.96400,29.13100,15.12500,15.12500,14.00600,-1.31400,12.69200,2.82600,9.86600,9.86600,9.86600,15.03300,14.00600,11.24800,11.40600,0.88000,0.86000,1.39770,0.25010,0.35240,9.45520,4.54600,4.54600,4.11950,3.20230,0.57740,1.37920,65.25590,4.66510,-30.36350,1.84900,3.49840,18.80040,0.3922,-0.0739
2018-06-30,321.13200,292.06400,29.06800,16.07000,16.07000,12.99800,-1.14000,11.85800,2.66300,9.19500,9.19500,9.19500,13.92000,12.99800,11.23500,11.38300,0.82000,0.81000,1.37380,0.26260,0.37610,9.05170,4.04760,4.04760,3.69260,2.86330,0.61410,1.47940,60.83600,4.58470,-20.75290,1.75820,3.38070,17.83070,1.3929,1.3322
2018-03-31,320.51600,294.05000,26.46600,17.79500,17.79500,8.67100,-1.16400,7.50700,1.39600,6.11100,6.11100,6.11100,9.58600,8.67100,11.14600,11.33800,0.55000,0.54000,1.30770,0.27390,0.39810,8.25730,2.70530,2.70530,2.34220,1.90660,0.59780,1.30260,69.09070,3.18800,-12.27900,1.13970,2.31470,17.08130,-1.02640,-1.03280
2017-12-31,295.78200,269.33700,26.44500,16.16800,16.16790,10.27700,-1.37800,8.89900,-32.66900,41.56800,41.56800,41.56800,11.72500,10.27700,11.02100,11.20900,3.77000,3.71000,1.49270,0.28530,0.42110,8.94070,3.47450,3.47450,3.00860,14.05360,0.59690,1.69020,53.24720,22.66870,-123.42420,8.38820,16.20060,16.48880,1.1721,1.0429
2017-09-30,269.62500,245.21900,24.40600,14.31600,14.31600,10.09000,-1.05800,9.03200,3.23200,5.80000,5.80000,5.80000,10.61700,10.09000,11.07500,11.27200,0.52000,0.51000,1.32680,0.27100,0.52000,9.05180,3.74220,3.74220,3.34980,2.15110,0.56030,1.54120,58.39540,4.09520,-7.70250,1.20520,2.98530,12.78830,1.4744,1.4271
2017-06-30,259.31800,233.58300,25.73500,16.53100,16.53100,9.20400,-1.07000,8.13400,2.67300,5.46100,5.46100,5.46100,9.77800,9.20400,10.98700,11.19100,0.50000,0.49000,1.33100,0.30070,0.57340,9.92410,3.54930,3.54930,3.13670,2.10590,0.56250,1.57080,57.29410,4.06810,-6.60430,1.18470,2.84480,12.12110,-0.3826,-0.413
2017-03-31,290.06300,264.70100,25.36200,13.71300,13.71300,11.64900,-1.13400,10.51500,3.84700,6.66800,6.66800,6.66800,12.25000,11.64900,10.90900,11.07500,0.61000,0.60000,1.30790,0.33480,0.64370,8.74360,4.01600,4.01600,3.62510,2.29880,0.63110,1.75900,51.16510,5.34590,-7.23220,1.45080,3.55590,11.39830,0.89520,0.89300
2016-12-31,288.16000,261.56500,26.59500,18.04000,18.04010,8.55500,-1.24300,7.31200,2.90300,4.40900,4.40900,4.40900,9.30500,8.55500,10.71400,10.97400,0.40000,0.40000,1.29970,0.36620,0.71200,9.22920,2.96880,2.96880,2.53750,1.53010,0.61930,1.67460,53.74260,3.75550,-4.42990,0.94760,2.38010,10.77570,0.3096,0.2783
2016-09-30,283.78200,257.68700,26.09500,14.93300,14.93300,11.16200,-1.34800,9.81400,3.20700,6.60700,6.60700,6.60700,11.94000,11.16200,10.73300,11.06100,0.62000,0.60000,1.31160,0.41000,0.81980,9.19540,3.93330,3.93330,3.45830,2.32820,0.62710,1.73000,52.02290,5.90000,-6.29560,1.46000,3.48120,10.43070,1.2676,1.2607
2016-06-30,307.89500,280.64400,27.25100,15.95300,15.95300,11.29800,-1.73600,9.56200,3.51200,6.05000,6.05000,6.05000,12.05500,11.29800,10.70200,10.95800,0.57000,0.55000,1.29260,0.44480,0.99440,8.85070,3.66940,3.66940,3.10560,1.96500,0.66860,1.73280,51.93810,5.84240,-5.33620,1.31380,3.24350,9.65080,1.6044,1.5782
2016-03-31,310.68200,283.71100,26.97100,15.16000,15.16000,11.81100,-1.31200,10.49900,3.91000,6.58900,6.58900,6.58900,12.64400,11.81100,10.62800,10.85600,0.62000,0.61000,1.28700,0.47090,1.11690,8.68120,3.80160,3.80160,3.37930,2.12080,0.66690,1.59900,56.28350,6.79280,-5.49400,1.41430,3.59380,9.09010,0.15520,0.16260
2015-12-31,311.19390,283.86600,27.32790,16.03700,16.03710,11.29080,-1.91500,9.37600,3.41600,5.96000,5.96000,5.96000,12.50380,11.29090,10.55100,10.82500,0.57000,0.55000,1.23050,0.50090,1.24970,8.78160,3.62820,3.62830,3.01290,1.91520,0.64240,1.47790,60.89610,6.67340,-4.67010,1.23040,3.33100,8.41590,0.8182,0.8516
2015-09-30,299.06100,272.22400,26.83700,18.36600,18.36600,8.47100,-1.58300,6.88800,-7.14000,14.02800,14.02800,14.02800,9.40300,8.47100,10.56000,10.84800,1.33000,1.29000,1.13760,0.54760,1.41490,8.97380,2.83250,2.83250,2.30320,4.69070,0.59510,1.39140,64.68510,16.88600,-10.48000,2.79140,7.63990,7.86700,0.9427,0.9397
2015-06-30,309.50900,282.56300,26.94600,16.10100,16.10100,10.84500,-1.43700,9.40800,3.38800,6.02000,6.02000,6.02000,11.86300,10.84500,10.54800,10.80400,0.57000,0.56000,1.10860,0.60650,1.82480,8.70610,3.50390,3.50390,3.03970,1.94500,0.60890,1.45550,61.83620,8.93250,-4.02580,1.18440,3.51530,6.38260,2.5091,2.4843
2015-03-31,260.92000,236.38200,24.53800,15.18300,15.18300,9.35500,-1.59600,7.75900,2.79400,4.96500,4.96500,4.96500,10.46000,9.35500,10.49500,10.78000,0.47000,0.46000,1.13160,0.67200,2.32630,9.40440,3.58540,3.58540,2.97370,1.90290,0.51280,1.22890,73.23660,8.40770,-3.14490,0.97590,2.75750,5.60910,-2.52590,-2.56900
2014-12-31,285.76510,258.91390,26.85120,18.70300,18.70310,8.14810,-1.55300,6.59500,3.26400,3.33100,3.33100,3.33100,8.10010,8.14810,10.47600,10.69200,0.32000,0.27000,1.28360,0.69450,2.48460,9.39620,2.85130,2.85130,2.30780,1.16560,0.57620,1.40960,63.84920,6.18280,-2.04290,0.67160,1.88880,5.13830,0.1835,0.0659
2014-09-30,300.65100,273.71200,26.93900,23.64800,23.64800,3.29100,-0.02200,3.26900,1.15500,2.11400,2.11400,2.11400,4.10400,3.29100,10.47400,10.47400,0.20000,0.20000,1.27840,0.65480,2.05880,8.96020,1.09460,1.09460,1.08730,0.70310,0.61990,1.59920,56.27790,3.10880,-1.37270,0.43590,1.07310,6.49230,3.5844,3.4846
2014-06-30,312.90200,283.95200,28.95000,19.52800,19.52800,9.42200,0.02700,9.44900,3.31700,6.13200,6.13200,6.13200,10.25600,9.42200,10.47400,10.47400,0.59000,0.59000,,,,9.25210,3.01120,3.01120,3.01980,1.95970,,,,,,,,,5.6414,5.5939
2014-03-31,303.95100,267.93400,36.01700,18.46100,18.46100,17.55600,0.02200,17.57800,6.34300,11.23500,11.23500,11.23500,18.29100,17.55600,10.47400,10.47400,1.07000,1.07000,,,,11.84960,5.77590,5.77590,5.78320,3.69630,,,,,,,,,-5.38960,-5.43800
2013-12-31,,,,,,,,,,,,,,,,,,0.00000,,,,,,,,,,,,,,,,,0,0
2013-09-30,349.00000,301.00000,48.00000,19.00000,19.00000,29.00000,,29.00000,10.00000,19.00000,19.00000,19.00000,29.00000,29.00000,,,,0.00000,,,,13.75360,8.30950,8.30950,8.30950,5.44410,,,,,,,,,0,0
2012-12-31,,,,,,,,,,,,,,,,,,0.00000,,,,,,,,,,,,,,,,,0,0
2011-12-31,,,,,,,,,,,,,,,,,,0.00000,,,,,,,,,,,,,,,,,0,0
