Date,revenue,gross-profit,research-development-expenses,selling-general-administrative-expenses,operating-income,total-non-operating-income-expense,pre-tax-income,total-provision-income-taxes,income-after-taxes,income-from-continuous-operations,net-income,ebitda,ebit,basic-shares-outstanding,shares-outstanding,eps-basic-net-earnings-per-share,eps-earnings-per-share-diluted,current-ratio,gross-margin,operating-margin,ebit-margin,pre-tax-profit-margin,net-profit-margin,asset-turnover,receiveable-turnover,days-sales-in-receivables,roe,return-on-tangible-equity,roa,roi,book-value-per-share,operating-cash-flow-per-share,free-cash-flow-per-share
2023-09-30,4.61400,4.61400,25.86300,8.25800,-29.50700,3.42900,-26.07800,-0.17700,-25.90100,-25.90100,-25.90100,-30.36900,-29.50700,43.86500,43.86500,-0.59000,-0.59000,4.24600,100.00000,-639.51030,-639.51030,-565.19290,-561.35680,0.01570,1.41840,63.45250,-14.69810,-14.69810,-8.79030,-14.69810,4.01330,-0.5021,-0.5196
2023-06-30,4.85300,4.85300,21.98500,8.29400,-25.42600,3.27700,-22.14900,0.05900,-22.20800,-22.20800,-22.20800,-24.34800,-25.42600,43.52010,43.52010,-0.51000,-0.51000,6.21560,100.00000,-523.92330,-523.92330,-456.39810,-457.61390,0.01540,1.44870,62.12650,-11.15830,-11.15830,-7.03820,-11.15830,4.54820,-0.1107,-0.1381
2023-03-31,150.48000,150.48000,18.56800,9.02800,122.88400,1.86400,124.74800,0.70400,124.04400,124.04400,124.04400,123.94200,122.88400,40.63200,42.16100,3.05000,2.94000,15.17750,100.00000,81.66140,81.66140,82.90010,82.43220,0.44750,5.94130,15.14830,57.17340,57.17340,36.88560,57.17340,4.99500,2.93080,2.91870
2022-12-31,-1.55000,-1.55000,14.55100,8.46200,-24.56300,0.95300,-23.61000,0.01600,-23.62600,-23.62600,-23.62600,-23.72200,-24.56300,38.54800,38.54800,-0.61000,-0.61000,1.71510,100.00000,1584.71000,1584.71000,1523.22600,1524.25800,-0.00970,-6.03110,-14.92260,-40.03050,-40.03050,-14.82590,-40.03050,1.52850,-0.3178,-0.343
2022-09-30,41.08600,41.08600,19.33700,7.30700,14.44200,3.18200,17.62400,,17.62400,17.62400,17.62400,15.75800,14.44200,38.50800,39.57000,0.46000,0.45000,2.00630,100.00000,35.15070,35.15070,42.89540,42.89540,0.22520,4.01820,22.39810,22.07890,22.07890,9.65800,22.07890,2.07220,-0.4229,-0.4289
2022-06-30,0.71200,0.71200,12.52700,7.55200,-19.36700,0.28000,-19.08700,,-19.08700,-19.08700,-19.08700,-18.18200,-19.36700,38.29840,38.29840,-0.50000,-0.50000,1.54830,100.00000,-2720.08400,-2720.08400,-2680.75800,-2680.75800,0.00380,4.71520,19.08710,-31.78410,-31.78410,-10.12010,-31.78410,1.56230,-0.4886,-0.521
2022-03-31,0.65800,0.65800,14.34900,7.65900,-21.35000,0.03100,-21.31900,,-21.31900,-21.31900,-21.31900,-18.51700,-21.35000,38.04900,38.04900,-0.56000,-0.56000,1.67840,100.00000,-3244.68100,-3244.68100,-3239.97000,-3239.97000,0.00290,3.19420,28.17630,-28.07680,-28.07680,-9.50970,-28.07680,1.98550,0.90480,0.90380
2021-12-31,28.07300,28.07300,14.02000,8.35100,5.70200,0.00600,5.70800,,5.70800,5.70800,5.70800,7.20900,5.70200,37.80400,37.82100,0.15000,0.15000,2.68140,100.00000,20.31130,20.31130,20.33270,20.33270,0.14480,38.35110,2.34670,6.00490,6.00490,2.94450,6.00490,2.50690,0.2978,0.2886
2021-09-30,1.48200,1.48200,17.91400,8.71400,-25.14600,0.00900,-25.13700,,-25.13700,-25.13700,-25.13700,-23.81100,-25.14600,37.78100,37.78100,-0.67000,-0.67000,4.72660,100.00000,-1696.76100,-1696.76100,-1696.15400,-1696.15400,0.00800,1.27210,70.74900,-28.75360,-28.75360,-13.60420,-28.75360,2.31390,-0.5419,-0.5593
2021-06-30,1.35700,1.35700,19.50500,10.43700,-28.58500,-1.53500,-30.12000,,-30.12000,-30.12000,-30.12000,-27.28900,-28.58500,37.58100,37.58100,-0.80000,-0.80000,6.02110,100.00000,-2106.48500,-2106.48500,-2219.60200,-2219.60200,0.00650,0.77190,116.59540,-27.24900,-27.24900,-14.43030,-27.24900,2.92640,-0.6033,-0.6093
2021-03-31,6.50100,6.50100,22.34600,9.74400,-25.58900,3.94000,-21.64900,,-21.64900,-21.64900,-21.64900,-24.21300,-25.58900,37.50100,37.50100,-0.58000,-0.58000,7.10420,100.00000,-393.61640,-393.61640,-333.01030,-333.01030,0.02730,1.52860,58.87860,-15.89410,-15.89410,-9.10700,-15.89410,3.62680,-0.56780,-0.57780
2020-12-31,6.53700,6.53700,21.99700,8.26900,-23.72900,7.80300,-15.92600,,-15.92600,-15.92600,-15.92600,-22.65800,-23.72900,37.13200,37.34900,-0.42000,-0.40000,7.38880,100.00000,-362.99490,-362.99490,-243.62840,-243.62840,0.02500,0.81590,110.30740,-10.32010,-10.32010,-6.08830,-10.32010,4.12970,-0.6056,-0.7036
2020-09-30,117.84300,117.84300,25.03900,8.27700,84.52700,1.08400,85.61100,,85.61100,85.61100,85.61100,85.65400,84.52700,37.24200,37.67200,2.30000,2.27000,5.14390,100.00000,71.72850,71.72850,72.64840,72.64840,0.43680,9.28700,9.69090,51.49970,51.49970,31.73630,51.49970,4.46120,-0.6337,-0.7689
2020-06-30,28.68100,28.68100,29.42300,8.23900,-8.98100,0.30000,-8.68100,,-8.68100,-8.68100,-8.68100,-7.98900,-8.98100,37.03000,37.03000,-0.23000,-0.23000,3.65250,100.00000,-31.31340,-31.31340,-30.26740,-30.26740,0.09640,2.26080,39.80820,-11.29100,-11.29100,-2.91840,-11.29100,2.06660,-0.5711,-0.621
2020-03-31,18.06700,18.06700,32.29400,10.20600,-24.43300,0.17000,-24.26300,,-24.26300,-24.26300,-24.26300,-23.77900,-24.43300,36.96300,36.96300,-0.66000,-0.66000,3.75640,100.00000,-135.23550,-135.23550,-134.29460,-134.29460,0.05600,1.10960,81.11310,-30.42120,-30.42120,-7.52080,-30.42120,2.15690,-0.77910,-0.81990
2019-12-31,32.67400,32.67400,36.55100,9.89100,-13.76800,1.19400,-12.57400,,-12.57400,-12.57400,-12.57400,-13.66700,-13.76800,35.89800,35.89800,-0.29000,-0.28000,4.00800,100.00000,-42.13750,-42.13750,-38.48320,-38.48320,0.09210,1.76650,50.94690,-12.63570,-12.63570,-3.54440,-12.63570,2.69940,-0.6046,-0.7012
2019-09-30,20.43300,20.43300,29.77700,8.46300,-17.80700,2.80100,-15.00600,,-15.00600,-15.00600,-15.00600,-18.17500,-17.80700,36.74300,36.74300,-0.41000,-0.41000,4.08620,100.00000,-87.14830,-87.14830,-73.44000,-73.44000,0.05430,1.45610,61.81030,-13.87440,-13.87440,-3.98860,-13.87440,2.93680,-0.5068,-0.5414
2019-06-30,46.08700,46.08700,28.57600,8.32200,9.18900,1.96400,11.15300,,11.15300,11.15300,11.15300,8.57500,9.18900,36.61100,37.94100,0.30000,0.29000,4.92830,100.00000,19.93840,19.93840,24.19990,24.19990,0.11860,4.57980,19.65130,9.41940,9.41940,2.87010,9.41940,3.22820,-1.2855,-1.3351
2019-03-31,5.19700,5.19700,24.83100,9.65900,-29.29300,2.12300,-27.17000,,-27.17000,-27.17000,-27.17000,-29.23100,-29.29300,33.35300,33.35300,-0.81000,-0.81000,6.21290,100.00000,-563.65200,-563.65200,-522.80160,-522.80160,0.01260,,,-26.98270,-26.98270,-6.60510,-26.98270,2.75300,3.75260,3.72320
2018-12-31,2.00800,2.00800,16.91300,8.25600,-23.16100,0.62900,-22.53200,,-22.53200,-22.53200,-22.53200,-23.18200,-23.16100,32.06600,32.06600,-0.69000,-0.69000,5.13000,100.00000,-1153.43600,-1153.43600,-1122.11200,-1122.11200,0.01130,,,-48.51220,-48.51220,-12.72790,-48.51230,1.43510,-0.7582,-0.7751
2018-09-30,2.09400,2.09400,16.63200,6.60900,-21.14700,0.85800,-20.28900,,-20.28900,-20.28900,-20.28900,-21.23600,-21.14700,32.19100,32.19100,-0.63000,-0.63000,6.07670,100.00000,-1009.88500,-1009.88500,-968.91110,-968.91110,0.01060,,,-30.93400,-30.93400,-10.29560,-30.93400,2.03000,-0.5537,-0.5793
2018-06-30,2.57500,2.57500,16.50700,11.76200,-25.69400,0.15300,-25.54100,,-25.54100,-25.54100,-25.54100,-25.77700,-25.69400,31.97700,31.97700,-0.80000,-0.80000,6.88250,100.00000,-997.82530,-997.82530,-991.88350,-991.88350,0.01200,,,-31.15820,-31.15820,-11.89820,-31.15820,2.55650,-0.714,-0.7552
2018-03-31,0.94200,0.94200,14.85300,7.18200,-21.09300,0.98700,-20.10600,-0.18000,-19.92600,-19.92600,-19.92600,-20.94600,-21.09300,31.76000,31.76000,-0.63000,-0.63000,7.13090,100.00000,-2239.17200,-2239.17200,-2134.39500,-2115.28700,0.00400,,,-20.27200,-20.27210,-8.47820,-20.27210,3.08230,1.53050,1.47990
2017-12-31,6.34600,6.34600,13.32700,5.36600,-12.34700,0.55000,-11.79700,,-11.82800,-11.82800,-11.82800,-12.13200,-12.34700,26.80400,26.80400,-0.37000,-0.37000,10.80640,100.00000,-194.56350,-194.56350,-185.89660,-186.38510,0.03440,,,-8.82350,-8.82350,-6.41160,-8.82350,4.24590,-0.511,-0.5136
2017-09-30,1.14800,1.14800,19.56100,4.94200,-23.35500,0.00900,-23.34600,,-23.34600,-23.34600,-23.34600,-22.89400,-23.35500,26.16500,26.16500,-0.89000,-0.89000,6.12150,100.00000,-2034.40800,-2034.40800,-2033.62400,-2033.62400,0.00810,,,-27.39950,-27.39950,-16.56740,-27.39950,3.24590,-0.5973,-0.6119
2017-06-30,1.17700,1.17700,15.30000,4.51600,-18.63900,-0.04200,-18.68100,0.19500,-18.87600,-18.87600,-18.87600,-18.15300,-18.63900,25.94600,25.94600,-0.73000,-0.73000,12.22760,100.00000,-1583.60200,-1583.60200,-1587.17100,-1603.73800,0.00740,,,-17.92750,-17.92750,-11.91560,-17.92750,4.04920,-0.6263,-0.6436
2017-03-31,1.46400,1.46400,14.07200,4.91400,-17.52200,0.64800,-16.87400,-0.22600,-16.64800,-16.64800,-16.64800,-17.11300,-17.52200,25.79200,25.79200,-0.65000,-0.65000,14.55890,100.00000,-1196.85800,-1196.85800,-1152.59600,-1137.15800,0.00840,,,-13.56840,-13.56840,-9.50830,-13.56840,4.74610,-0.55420,-0.66840
2016-12-31,2.36200,2.36200,12.72400,3.48100,-13.84300,-0.47600,-14.31900,0.35500,-14.67400,-14.67400,-14.67400,-13.55400,-13.84300,25.30200,25.30200,-0.58000,-0.58000,12.95360,100.00000,-586.07090,-586.07100,-606.22340,-621.25310,0.01250,,,-10.79590,-10.79590,-7.74080,-10.79590,5.30990,-0.5207,-0.6738
2016-09-30,3.30800,3.30800,10.30900,3.37000,-10.37100,1.07200,-9.29900,-0.30300,-8.99600,-8.99600,-8.99600,-10.06700,-10.37100,25.37400,25.37400,-0.35000,-0.35000,9.95620,100.00000,-313.51270,-313.51270,-281.10640,-271.94680,0.01640,,,-6.03260,-6.03260,-4.45380,-6.03260,5.86660,-0.3972,-0.4169
2016-06-30,3.72000,3.72000,10.48400,2.85400,-9.61800,0.28300,-9.33500,,-9.33500,-9.33500,-9.33500,-9.27000,-9.61800,25.22800,25.22800,-0.37000,-0.37000,10.39860,100.00000,-258.54840,-258.54840,-250.94080,-250.94080,0.01770,,,-5.99540,-5.99540,-4.44920,-5.99540,6.16020,-0.3828,-0.3904
2016-03-31,4.83000,4.83000,8.73200,3.56500,-7.46700,0.27900,-7.18800,,-7.18800,-7.18800,-7.18800,-7.10000,-7.46700,25.07700,25.07700,-0.29000,-0.29000,8.91360,100.00000,-154.59630,-154.59630,-148.81990,-148.81990,0.02200,,,-4.39370,-4.39370,-3.26760,-4.39370,6.51180,-0.37830,-0.39670
2015-12-31,4.93700,4.93700,9.22000,3.15700,-7.44000,0.15700,-7.28300,,-7.28300,-7.28300,-8.81700,-7.08500,-7.44000,4.19120,4.19120,17.84000,17.84000,8.18580,100.00000,-150.69890,-150.69890,-147.51880,-178.59030,0.02150,,,-4.30760,-4.30760,-3.17400,-4.30760,6.78170,-28.7613,-28.3168
2015-09-30,4.93700,4.93700,6.48100,2.47500,-4.01900,0.10200,-3.91700,,-3.91700,-3.91700,-6.91400,-3.70800,-4.01900,1.31700,1.31700,-5.25000,-5.25000,4.64830,100.00000,-81.40570,-81.40570,-79.33970,-140.04460,0.02970,,,8.30950,-3.85080,-2.35350,-3.85080,74.24740,-12.1392,-12.2567
2015-06-30,4.88400,4.88400,6.45500,2.39600,-3.96700,0.07200,-3.89500,,-3.89500,-3.89500,-6.74600,-3.71200,-3.96700,1.13500,1.13500,-5.94000,-5.94000,,100.00000,-81.22440,-81.22440,-79.75020,-138.12450,,,,,,,,,-13.7693,-14.1921
2015-03-31,2.57600,2.57600,5.52300,1.88100,-4.82800,-9.74900,-14.57700,,-14.57700,-14.57700,-15.81300,-4.69700,-4.82800,1.00100,1.00100,-15.79000,-15.79000,,100.00000,-187.42240,-187.42240,-565.87730,-613.85870,,,,,,,,,64.52350,64.37360
2014-12-31,,,,,,,,,,-5.19700,-5.19700,0.10700,,0.79000,0.79000,-6.58000,-6.58000,3.37830,,,,,,,,,24.94960,-452.30630,-45.20310,-452.30630,1.41010,-4.6579,-5.5367
2014-09-30,,,2.39900,1.25700,-3.65600,-0.34900,-4.00500,,-4.00500,-4.00500,-4.41100,-3.65600,-3.65600,0.68400,0.68400,-6.45000,-6.45000,,,,,,,,,,,,,,,-10.4181,-13.3114
2014-06-30,,,,,,,,,,-4.86400,-4.86400,,,0.60000,0.60000,-8.11000,-8.11000,,,,,,,,,,,,,,,0,0
2014-03-31,,,,,,,,,,-3.21100,-3.21100,,,0.46300,0.46300,-6.93000,-6.93000,,,,,,,,,,,,,,,0.00000,
2013-12-31,,,,,,,,,,,,,,,,,0.00000,,,,,,,,,,,,,,,0,0
