Date,revenue,cost-goods-sold,gross-profit,selling-general-administrative-expenses,operating-expenses,operating-income,total-non-operating-income-expense,pre-tax-income,total-provision-income-taxes,income-after-taxes,income-from-continuous-operations,net-income,ebitda,ebit,basic-shares-outstanding,shares-outstanding,eps-basic-net-earnings-per-share,eps-earnings-per-share-diluted,current-ratio,long-term-debt-capital,debt-equity-ratio,gross-margin,operating-margin,ebit-margin,pre-tax-profit-margin,net-profit-margin,asset-turnover,inventory-turnover,receiveable-turnover,days-sales-in-receivables,roe,return-on-tangible-equity,roa,roi,book-value-per-share,operating-cash-flow-per-share,free-cash-flow-per-share
2024-03-31,32981.00000,12872.00000,20109.00000,8143.00000,12588.00000,7521.00000,-1446.00000,6075.00000,1353.00000,4722.00000,4722.00000,4602.00000,11966.00000,7521.00000,4215.00000,4219.00000,1.09000,1.09000,0.70770,0.58710,1.58470,60.97150,22.80400,22.80400,18.41970,13.95350,0.08680,6.20040,1.30260,69.09160,4.93280,-5.02010,1.24210,2.03680,22.74180,1.67910,0.64190
2023-12-31,35130.00000,15182.00000,19948.00000,8991.00000,19348.00000,600.00000,-2417.00000,-1817.00000,756.00000,-2573.00000,-2573.00000,-2705.00000,5116.00000,600.00000,4211.00000,4215.00000,-0.64000,-0.65000,0.69170,0.59480,1.60640,56.78340,1.70790,1.70790,-5.17220,-7.70000,0.09240,7.38070,1.40040,64.26560,-2.74310,2.68670,-0.67670,-1.11140,22.31050,2.0603,0.9673
2023-09-30,33336.00000,13437.00000,19899.00000,7995.00000,12426.00000,7473.00000,-1281.00000,6192.00000,1308.00000,4884.00000,4884.00000,4762.00000,11904.00000,7473.00000,4213.00000,4216.00000,1.13000,1.13000,0.68460,0.57570,1.48750,59.69220,22.41720,22.41720,18.57450,14.28490,0.08660,5.99870,1.41240,63.72030,4.92900,-5.08900,1.26910,2.09140,23.56940,2.5534,1.5841
2023-06-30,32596.00000,12764.00000,19832.00000,8253.00000,12612.00000,7220.00000,-1108.00000,6112.00000,1346.00000,4766.00000,4766.00000,4648.00000,11579.00000,7220.00000,4208.00000,4213.00000,1.10000,1.10000,0.72730,0.58830,1.58230,60.84180,22.15000,22.15000,18.75080,14.25940,0.08580,6.73210,1.40580,64.01830,4.93880,-5.03920,1.25440,2.03350,22.95460,2.3088,1.3334
2023-03-31,32912.00000,13504.00000,19408.00000,7506.00000,11824.00000,7584.00000,-1084.00000,6500.00000,1482.00000,5018.00000,5018.00000,4909.00000,11902.00000,7584.00000,4207.00000,4211.00000,1.17000,1.17000,0.74780,0.59910,1.62230,58.96940,23.04330,23.04330,19.74960,14.91550,0.08710,5.67160,1.44000,62.50120,5.32590,-5.21700,1.32850,2.13540,22.41180,1.96840,0.55360
2022-12-31,35251.00000,15762.00000,19489.00000,8046.00000,12264.00000,7225.00000,1586.00000,8811.00000,2113.00000,6698.00000,6698.00000,6577.00000,11443.00000,7225.00000,4202.00000,4204.00000,1.56000,1.56000,0.75460,0.60340,1.62920,55.28640,20.49590,20.49590,24.99500,18.65760,0.09280,6.60050,1.43850,62.56670,7.24400,-6.87220,1.76410,2.87300,22.01570,2.127,0.3963
2022-09-30,34241.00000,14601.00000,19640.00000,7422.00000,11746.00000,7894.00000,-1374.00000,6520.00000,1496.00000,5024.00000,5024.00000,4900.00000,12218.00000,7894.00000,4202.00000,4204.00000,1.17000,1.17000,0.74790,0.59950,1.66590,57.35810,23.05420,23.05420,19.04150,14.31030,0.09130,4.66040,1.44660,62.21490,5.65870,-5.01130,1.33940,2.26620,21.13970,2.5037,1.2394
2022-06-30,33789.00000,14420.00000,19369.00000,7496.00000,11817.00000,7552.00000,-695.00000,6857.00000,1542.00000,5315.00000,5315.00000,5199.00000,11873.00000,7552.00000,4201.00000,4202.00000,1.24000,1.24000,0.76180,0.60920,1.70630,57.32340,22.35050,22.35050,20.29360,15.38670,0.09130,3.95500,1.41320,63.68370,6.08420,-5.24730,1.43590,2.37760,20.80070,2.5807,1.4693
2022-03-31,33554.00000,14350.00000,19204.00000,7172.00000,11408.00000,7796.00000,-1713.00000,6083.00000,1372.00000,4711.00000,4711.00000,4580.00000,12032.00000,7796.00000,4201.00000,4202.00000,1.09000,1.09000,0.76380,0.62170,1.80080,57.23310,23.23420,23.23420,18.12900,13.64960,0.09170,3.92180,1.42090,63.34120,5.53100,-4.57520,1.28820,2.09250,20.28150,1.62330,0.23800
2021-12-31,34067.00000,14996.00000,19071.00000,7412.00000,11463.00000,7608.00000,-1464.00000,6144.00000,1407.00000,4737.00000,4737.00000,4613.00000,11659.00000,7608.00000,4148.00000,4150.00000,1.10000,1.10000,0.77880,0.63290,1.81330,55.98090,22.33250,22.33250,18.03510,13.54100,0.09290,4.90870,1.42860,62.99760,5.69350,-4.52440,1.29220,2.09020,19.81990,2.0077,0.4643
2021-09-30,32915.00000,13528.00000,19387.00000,6521.00000,10482.00000,8905.00000,-531.00000,8374.00000,1820.00000,6554.00000,6554.00000,6407.00000,12866.00000,8905.00000,4142.00000,4144.00000,1.55000,1.55000,0.97390,0.64620,1.92350,58.90020,27.05450,27.05450,25.44130,19.46530,0.09310,5.87410,1.48300,60.68810,8.35020,-6.60770,1.85430,2.95440,18.95790,2.5867,1.3456
2021-06-30,33764.00000,14255.00000,19509.00000,7324.00000,11344.00000,8165.00000,-341.00000,7824.00000,1875.00000,5949.00000,5949.00000,5800.00000,12185.00000,8165.00000,4141.00000,4143.00000,1.40000,1.40000,0.88890,0.65860,2.02250,57.78050,24.18260,24.18260,23.17260,17.17810,0.09670,10.03170,1.58840,56.66180,7.92020,-5.90480,1.70370,2.70400,18.14250,2.5927,1.574
2021-03-31,32867.00000,13522.00000,19345.00000,7401.00000,11575.00000,7770.00000,-692.00000,7078.00000,1700.00000,5378.00000,5378.00000,5245.00000,11944.00000,7770.00000,4141.00000,4142.00000,1.27000,1.27000,1.02370,0.67320,2.18070,58.85840,23.64070,23.64070,21.53530,15.95830,0.09510,10.37760,1.46030,61.63110,7.39930,-5.12390,1.55630,2.41840,17.55600,2.34040,1.25540
2020-12-31,34692.00000,14822.00000,19870.00000,8493.00000,12690.00000,7180.00000,-927.00000,6253.00000,1535.00000,4718.00000,4718.00000,4588.00000,11377.00000,7180.00000,4140.00000,4142.00000,1.11000,1.12000,1.37660,0.64000,1.86310,57.27550,20.69640,20.69640,18.02430,13.22500,0.10960,8.25280,1.45050,62.04690,6.81080,-7.39700,1.49080,2.45160,16.73990,2.2443,1.2728
2020-09-30,31543.00000,12334.00000,19209.00000,7339.00000,11531.00000,7678.00000,-1827.00000,5851.00000,1347.00000,4504.00000,4504.00000,4357.00000,11870.00000,7678.00000,4140.00000,4142.00000,1.05000,1.05000,1.06600,0.62270,1.73700,60.89780,24.34140,24.34140,18.54930,13.81290,0.10620,8.46530,1.39470,64.53190,6.76990,-7.05670,1.51650,2.55440,16.07750,2.1522,1.1102
2020-06-30,30447.00000,11749.00000,18698.00000,7156.00000,11337.00000,7361.00000,-1174.00000,6187.00000,1348.00000,4839.00000,4839.00000,4700.00000,11542.00000,7361.00000,4139.00000,4141.00000,1.14000,1.13000,0.96010,0.62350,1.76000,61.41160,24.17640,24.17640,20.32060,15.43670,0.10380,9.11480,1.34290,67.01740,7.54760,-7.34060,1.65010,2.84140,15.49350,3.5566,2.4516
2020-03-31,31610.00000,12296.00000,19314.00000,8585.00000,12735.00000,6579.00000,-903.00000,5676.00000,1389.00000,4287.00000,4287.00000,4156.00000,10729.00000,6579.00000,4139.00000,4141.00000,1.00000,1.00000,0.99140,0.63350,1.90970,61.10090,20.81300,20.81300,17.95630,13.14770,0.10730,7.52970,1.32830,67.75480,6.95340,-6.63920,1.45570,2.54850,14.89920,2.13090,0.85730
2019-12-31,34775.00000,15631.00000,19144.00000,8214.00000,12505.00000,6639.00000,-2927.00000,3712.00000,-1505.00000,5217.00000,5217.00000,5095.00000,10744.00000,6639.00000,4138.00000,4140.00000,1.23000,1.23000,0.83520,0.61580,1.77430,55.05100,19.09130,19.09130,10.67430,14.65130,0.11920,10.99230,1.36750,65.81190,8.30270,-7.89130,1.78830,3.18990,15.19290,2.1734,0.8191
2019-09-30,32894.00000,13384.00000,19510.00000,7216.00000,11330.00000,8180.00000,-1257.00000,6923.00000,1586.00000,5337.00000,5337.00000,5194.00000,12294.00000,8180.00000,4138.00000,4140.00000,1.26000,1.25000,0.89000,0.62790,1.81720,59.31170,24.86780,24.86780,21.04640,15.79010,0.11550,8.70220,1.33100,67.61630,8.84900,-7.85370,1.87350,3.29280,14.58300,2.6349,1.5809
2019-06-30,32071.00000,12721.00000,19350.00000,7268.00000,11500.00000,7850.00000,-2540.00000,5310.00000,1236.00000,4074.00000,4074.00000,3944.00000,12082.00000,7850.00000,4138.00000,4139.00000,0.95000,0.95000,0.87160,0.64350,1.95650,60.33490,24.47690,24.47690,16.55700,12.29770,0.11330,10.90060,1.28660,69.94920,7.03060,-5.77940,1.43900,2.50640,14.01120,2.1156,1.2217
2019-03-31,32128.00000,12990.00000,19138.00000,7198.00000,11429.00000,7709.00000,-921.00000,6788.00000,1628.00000,5160.00000,5160.00000,5032.00000,11940.00000,7709.00000,4138.00000,4140.00000,1.22000,1.22000,0.86510,0.64640,1.97810,59.56800,23.99470,23.99470,21.12800,15.66240,0.11310,9.16730,1.31300,68.54490,8.98020,-7.26560,1.81720,3.17530,13.89360,1.71040,0.67950
2018-12-31,34281.00000,15291.00000,18990.00000,9410.00000,18353.00000,637.00000,730.00000,1367.00000,-698.00000,2065.00000,2065.00000,1939.00000,4989.00000,637.00000,4128.00000,4132.00000,0.46000,0.46000,0.91320,0.61300,1.66200,55.39510,1.85820,1.85820,3.98760,5.65620,0.12940,11.44540,1.36570,65.90180,3.77440,-2.79780,0.77970,1.46060,13.24050,1.9714,0.8447
2018-09-30,32607.00000,13331.00000,19276.00000,7224.00000,11601.00000,7675.00000,-1000.00000,6675.00000,1613.00000,5062.00000,5062.00000,4924.00000,12052.00000,7675.00000,4136.00000,4140.00000,1.19000,1.19000,0.97040,0.65490,2.01370,59.11610,23.53790,23.53790,20.47110,15.10110,0.12280,10.49690,1.35790,66.27660,9.02530,-6.58690,1.90610,3.11460,13.57380,2.3688,1.3577
2018-06-30,32203.00000,13631.00000,18572.00000,7605.00000,11955.00000,6617.00000,-1090.00000,5527.00000,1281.00000,4246.00000,4246.00000,4120.00000,10967.00000,6617.00000,4135.00000,4139.00000,1.00000,1.00000,0.95510,0.67080,2.13980,57.67170,20.54780,20.54780,17.16300,12.79380,0.12230,12.36930,1.39410,64.55640,7.92530,-5.35160,1.61260,2.60890,12.96610,2.3516,1.5663
2018-03-31,31772.00000,13255.00000,18517.00000,6844.00000,11168.00000,7349.00000,-1295.00000,6054.00000,1388.00000,4666.00000,4666.00000,4545.00000,11673.00000,7349.00000,4104.00000,4107.00000,1.11000,1.11000,0.98130,0.68290,2.27450,58.28090,23.13040,23.13040,19.05450,14.30510,0.12010,10.31520,1.40620,64.00450,8.91390,-5.79870,1.76400,2.82650,12.66850,1.61870,0.51030
2017-12-31,33955.00000,15558.00000,18397.00000,8480.00000,12936.00000,5461.00000,-2527.00000,2934.00000,-15849.00000,18783.00000,18783.00000,18669.00000,9917.00000,5461.00000,4084.00000,4089.00000,4.56000,4.56000,0.90540,0.71780,2.62030,54.18050,16.08310,16.08310,8.64080,54.98160,0.13200,15.04640,1.44530,62.26980,42.03240,-22.58960,7.30450,11.86330,10.95410,1.9181,0.4593
2017-09-30,31717.00000,12974.00000,18743.00000,7483.00000,11755.00000,6988.00000,-1477.00000,5511.00000,1775.00000,3736.00000,3736.00000,3620.00000,11260.00000,6988.00000,4084.00000,4089.00000,0.89000,0.89000,1.06700,0.80210,4.12980,59.09450,22.03240,22.03240,17.37550,11.41340,0.12450,10.16770,1.47190,61.14730,13.13140,-3.76800,1.46690,2.59860,6.97420,1.7521,0.7085
2017-06-30,30548.00000,12484.00000,18064.00000,5883.00000,10050.00000,8014.00000,-1047.00000,6967.00000,2489.00000,4478.00000,4478.00000,4362.00000,12181.00000,8014.00000,4082.00000,4087.00000,1.07000,1.07000,1.03840,0.81310,4.39230,59.13320,26.23410,26.23410,22.80670,14.27920,0.12080,11.18640,1.54510,58.24900,16.73330,-4.43750,1.77010,3.12820,6.56000,1.9403,0.9753
2017-03-31,29814.00000,12047.00000,17767.00000,6746.00000,10805.00000,6962.00000,-1780.00000,5182.00000,1629.00000,3553.00000,3553.00000,3450.00000,11021.00000,6962.00000,4082.00000,4087.00000,0.85000,0.84000,1.01850,0.81840,4.65500,59.59280,23.35150,23.35150,17.38110,11.57170,0.12080,10.08960,1.76800,50.90460,14.19100,-3.57950,1.44000,2.57700,6.13750,0.33670,-0.41380
2016-12-31,32340.00000,15639.00000,16701.00000,2501.00000,6488.00000,10213.00000,-3264.00000,6949.00000,2349.00000,4600.00000,4600.00000,4495.00000,14200.00000,10213.00000,4080.00000,4086.00000,1.10000,1.09000,0.87000,0.81440,4.49730,51.64190,31.58010,31.58010,21.48730,13.89920,0.13240,13.01080,1.84660,48.73750,19.14120,-4.65860,1.88390,3.55310,5.89500,0.9704,-0.4151
2016-09-30,30937.00000,12229.00000,18708.00000,8226.00000,12168.00000,6540.00000,-964.00000,5576.00000,1829.00000,3747.00000,3747.00000,3620.00000,10482.00000,6540.00000,4079.00000,4086.00000,0.89000,0.89000,0.84560,0.82370,4.84880,60.47130,21.13970,21.13970,18.02370,11.70120,0.12920,9.27850,2.08580,43.14830,17.04500,-3.78160,1.56450,3.00430,5.39240,1.1778,0.1688
2016-06-30,30532.00000,12221.00000,18311.00000,9775.00000,13757.00000,4554.00000,-2859.00000,1695.00000,864.00000,831.00000,831.00000,702.00000,8536.00000,4554.00000,4079.00000,4085.00000,0.17000,0.17000,0.60580,0.81750,4.80740,59.97310,14.91550,14.91550,5.55160,2.29920,0.13170,13.12680,2.29670,39.18710,4.00600,-0.83890,0.35840,0.73110,5.08890,1.3246,0.3733
2016-03-31,32171.00000,12612.00000,19559.00000,7600.00000,11617.00000,7942.00000,-1176.00000,6766.00000,2336.00000,4430.00000,4430.00000,4310.00000,11959.00000,7942.00000,4080.00000,4085.00000,1.06000,1.06000,0.70890,0.83750,5.46590,60.79700,24.68680,24.68680,21.03140,13.39720,0.13150,11.04380,2.57680,34.92740,22.03650,-4.41640,1.81120,3.58070,4.93170,1.83530,1.00610
2015-12-31,34254.00000,14707.00000,19547.00000,5764.00000,9803.00000,9744.00000,-1166.00000,8578.00000,3065.00000,5513.00000,5513.00000,5391.00000,13783.00000,9744.00000,4085.00000,4093.00000,1.32000,1.32000,0.63780,0.85260,6.15000,57.06490,28.44630,28.44630,25.04230,15.73830,0.14030,11.74680,2.54540,35.35730,30.89900,-5.42320,2.25780,4.55310,4.38040,2.5645,1.2968
2015-09-30,33158.00000,13305.00000,19853.00000,8309.00000,12318.00000,7535.00000,-1169.00000,6366.00000,2195.00000,4171.00000,4171.00000,4038.00000,11544.00000,7535.00000,4072.00000,4078.00000,0.99000,0.99000,0.63110,0.87840,7.72410,59.87390,22.72450,22.72450,19.19900,12.17810,0.13700,10.08720,2.53020,35.57060,28.68240,-3.96350,1.72300,3.48740,3.57400,2.3424,1.2632
2015-06-30,32224.00000,12449.00000,19775.00000,7974.00000,11954.00000,7821.00000,-1194.00000,6627.00000,2274.00000,4353.00000,4353.00000,4231.00000,11801.00000,7821.00000,4079.00000,4085.00000,1.04000,1.04000,0.70160,0.89480,8.82950,61.36730,24.27070,24.27070,20.56540,13.13000,0.13380,10.83460,2.39690,37.54840,33.81230,-4.07360,1.80810,3.55810,3.16650,2.1606,1.054
2015-03-31,31984.00000,12096.00000,19888.00000,7939.00000,11928.00000,7960.00000,-1291.00000,6669.00000,2331.00000,4338.00000,4338.00000,4219.00000,11949.00000,7960.00000,4116.00000,4121.00000,1.03000,1.02000,0.79530,0.91010,10.53890,62.18110,24.88740,24.88740,20.85110,13.19100,0.13560,11.24160,2.51880,35.73100,40.31970,-4.15330,1.83980,3.62380,2.63800,2.46760,1.57830
2014-12-31,33192.00000,14403.00000,18789.00000,16857.00000,20925.00000,-2136.00000,-1750.00000,-3886.00000,-1738.00000,-2148.00000,-2148.00000,-2231.00000,1932.00000,-2136.00000,3974.00000,3981.00000,-0.64000,-0.63000,1.05400,0.88990,8.28250,56.60700,-6.43530,-6.43530,-11.70760,-6.72150,0.14270,12.49180,2.37200,37.94200,-15.70640,2.31080,-0.92340,-1.72930,3.29150,2.1264,0.8434
2014-09-30,31586.00000,12252.00000,19334.00000,8277.00000,12444.00000,6890.00000,-1232.00000,5658.00000,1864.00000,3794.00000,3794.00000,3695.00000,11057.00000,6890.00000,4152.00000,4159.00000,0.89000,0.89000,0.92130,0.85690,6.07910,61.21070,21.81350,21.81350,17.91300,11.69820,0.13960,10.15920,2.37790,37.84810,21.11530,-4.32660,1.67660,3.02080,4.32990,2.0032,1.0132
2014-06-30,31483.00000,12087.00000,19396.00000,7550.00000,11711.00000,7685.00000,-1141.00000,6544.00000,2220.00000,4324.00000,4324.00000,4214.00000,11846.00000,7685.00000,4147.00000,4153.00000,1.02000,1.01000,0.86390,0.87060,6.86850,61.60790,24.41000,24.41000,20.78580,13.38500,0.14030,11.26470,2.42810,37.06570,27.00480,-4.82040,1.92670,3.49530,3.86280,1.4834,0.648
2014-03-31,30818.00000,11189.00000,19629.00000,8332.00000,12469.00000,7160.00000,-206.00000,6954.00000,968.00000,5986.00000,5986.00000,3947.00000,11297.00000,7160.00000,3425.00000,3430.00000,1.15000,1.15000,0.91790,0.88600,7.92500,63.69330,23.23320,23.23320,22.56470,12.80750,0.13910,12.70030,2.54040,35.42700,43.21710,-6.69960,2.70170,4.92800,3.34470,2.08130,0.87140
2013-12-31,31065.00000,11962.00000,19103.00000,2857.00000,7040.00000,12063.00000,-1303.00000,10760.00000,2844.00000,7916.00000,7916.00000,5067.00000,16246.00000,12063.00000,2866.00000,2874.00000,1.77000,1.76000,2.62450,0.48440,0.98090,61.49360,38.83150,38.83150,34.63710,16.31100,0.11330,11.72750,2.49740,36.03770,8.29630,-73.53460,2.88800,4.27720,33.33890,3.6294,1.9603
2013-09-30,30279.00000,10960.00000,19319.00000,8037.00000,12191.00000,7128.00000,-516.00000,6612.00000,1034.00000,5578.00000,5578.00000,2232.00000,11282.00000,7128.00000,2866.00000,2874.00000,0.78000,0.78000,2.43320,0.50190,1.09830,63.80330,23.54110,23.54110,21.83690,7.37140,0.10940,9.18690,2.50010,35.99820,6.17960,-34.20200,2.01610,3.07830,31.54190,3.9064,2.4501
2013-06-30,29786.00000,11033.00000,18753.00000,8047.00000,12198.00000,6555.00000,-369.00000,6186.00000,988.00000,5198.00000,5198.00000,2246.00000,10706.00000,6555.00000,2865.00000,2872.00000,0.78000,0.78000,0.75220,0.32410,0.57080,62.95910,22.00700,22.00700,20.76820,7.54050,0.13340,10.60870,2.43830,36.91130,5.96400,-27.67690,2.32730,4.03110,30.45660,3.3486,1.9509
2013-03-31,29420.00000,10932.00000,18488.00000,8148.00000,12266.00000,6222.00000,-503.00000,5719.00000,864.00000,4855.00000,4855.00000,1952.00000,10340.00000,6222.00000,2866.00000,2872.00000,0.68000,0.68000,0.80210,0.32410,0.60370,62.84160,21.14890,21.14890,19.43920,6.63490,0.13010,13.69930,2.49030,36.14070,5.54300,-26.94830,2.14650,3.74670,30.61320,2.62220,1.36800
2012-12-31,30045.00000,13069.00000,16976.00000,16008.00000,20145.00000,-3169.00000,-1567.00000,-4736.00000,-2810.00000,-1926.00000,-1926.00000,-4229.00000,968.00000,-3169.00000,2853.00000,2862.00000,-1.48000,-1.48000,0.78780,0.35760,0.60780,56.50190,-10.54750,-10.54750,-15.76300,-14.07560,0.13340,12.15720,2.38910,37.67150,-2.25180,8.64340,-0.85520,-1.44650,29.92160,2.3629,0.6593
2012-09-30,29007.00000,10991.00000,18016.00000,8366.00000,12533.00000,5483.00000,-560.00000,4923.00000,631.00000,4292.00000,4292.00000,1593.00000,9650.00000,5483.00000,2857.00000,2866.00000,0.56000,0.56000,0.96150,0.33410,0.57000,62.10920,18.90230,18.90230,16.97180,5.49180,0.12550,8.98690,2.41120,37.32550,4.63360,-28.91990,1.85730,3.08570,32.45640,3.2953,1.947
2012-06-30,28552.00000,10896.00000,17656.00000,7877.00000,12005.00000,5651.00000,-573.00000,5078.00000,793.00000,4285.00000,4285.00000,1825.00000,9779.00000,5651.00000,2849.00000,2858.00000,0.64000,0.64000,1.02950,0.33950,0.57940,61.83810,19.79200,19.79200,17.78510,6.39180,0.12630,12.72900,2.46240,36.54910,4.73860,-35.47480,1.89540,3.12990,31.74160,3.2523,1.9039
2012-03-31,28242.00000,11319.00000,16923.00000,7700.00000,11728.00000,5195.00000,-563.00000,4632.00000,726.00000,3906.00000,3906.00000,1686.00000,9223.00000,5195.00000,2842.00000,2849.00000,0.59000,0.59000,1.02610,0.35410,0.58350,59.92140,18.39460,18.39460,16.40110,5.96980,0.12670,10.64820,2.51400,35.79990,4.41750,-27.73750,1.75220,2.85320,31.12280,2.09090,0.83960
2011-12-31,28436.00000,12090.00000,16346.00000,13278.00000,17458.00000,-1112.00000,-690.00000,-1802.00000,-1590.00000,-212.00000,-212.00000,-2023.00000,3068.00000,-1112.00000,2833.00000,2839.00000,-0.72000,-0.72000,1.00580,0.36930,0.64200,57.48350,-3.91050,-3.91050,-6.33700,-7.11420,0.12340,12.86170,2.41470,37.27110,-0.24680,1.27890,-0.09200,-0.15560,30.31320,2.9123,1.6097
2011-09-30,27913.00000,11398.00000,16515.00000,7689.00000,11868.00000,4647.00000,-549.00000,4098.00000,556.00000,3542.00000,3542.00000,1379.00000,8826.00000,4647.00000,2834.00000,2839.00000,0.49000,0.49000,0.80180,0.34590,0.62750,59.16600,16.64820,16.64820,14.68130,4.94040,0.12240,9.88550,2.39640,37.55670,4.04730,-23.38880,1.55330,2.64720,30.91210,3.0699,1.7932
2011-06-30,27536.00000,11158.00000,16378.00000,7373.00000,11486.00000,4892.00000,-586.00000,4306.00000,702.00000,3604.00000,3604.00000,1609.00000,9005.00000,4892.00000,2832.00000,2838.00000,0.57000,0.57000,0.82090,0.34570,0.59510,59.47850,17.76580,17.76580,15.63770,5.84330,0.12310,8.78580,2.39800,37.53160,3.97300,-30.37760,1.61070,2.59960,32.04710,2.7308,1.1279
2011-03-31,26990.00000,11229.00000,15761.00000,7284.00000,11308.00000,4453.00000,-572.00000,3881.00000,617.00000,3264.00000,3264.00000,1439.00000,8477.00000,4453.00000,2830.00000,2834.00000,0.51000,0.51000,0.91380,0.35720,0.68870,58.39570,16.49870,16.49870,14.37940,5.33160,0.11830,9.01930,2.44740,36.77360,3.67300,-27.58390,1.43090,2.36110,31.41090,1.77660,0.23710
2010-12-31,26395.00000,10610.00000,15785.00000,5291.00000,9374.00000,6411.00000,-411.00000,6000.00000,1352.00000,4648.00000,4648.00000,2639.00000,10494.00000,6411.00000,2830.00000,2833.00000,0.93000,0.93000,0.73040,0.34240,0.60740,59.80300,24.28870,24.28870,22.73160,9.99810,0.12000,9.38110,2.24050,40.17010,5.34790,-33.43400,2.11270,3.51680,30.74330,2.9024,1.2428
2010-09-30,26484.00000,10671.00000,15813.00000,8407.00000,12430.00000,3383.00000,-507.00000,2876.00000,178.00000,2698.00000,2698.00000,659.00000,7406.00000,3383.00000,2829.00000,2830.00000,0.23000,0.23000,0.74190,0.35880,0.62830,59.70780,12.77380,12.77380,10.85940,2.48830,0.11990,10.56540,2.21200,40.68760,3.18820,-16.92280,1.22160,2.04420,29.93650,2.929,1.4743
2010-06-30,26773.00000,12216.00000,14557.00000,9970.00000,14147.00000,410.00000,-542.00000,-132.00000,-685.00000,553.00000,553.00000,-1192.00000,4587.00000,410.00000,2827.00000,2827.00000,-0.42000,-0.42000,0.66160,0.36990,0.68030,54.37190,1.53140,1.53140,-0.49300,-4.45220,0.11830,12.40200,2.22040,40.53410,0.65460,-3.30090,0.24440,0.41250,29.88350,3.4482,1.9597
2010-03-31,26913.00000,10652.00000,16261.00000,7698.00000,11820.00000,4441.00000,-501.00000,3940.00000,1622.00000,2318.00000,2318.00000,443.00000,8563.00000,4441.00000,2836.00000,2837.00000,0.16000,0.16000,0.79840,0.39130,0.72710,60.42060,16.50130,16.50130,14.63980,1.64600,0.11840,9.57050,2.24860,40.02560,2.73830,-13.97560,1.01960,1.66670,29.94700,2.49700,1.29040
2009-12-31,27091.00000,12794.00000,14297.00000,7174.00000,11417.00000,2880.00000,-541.00000,2339.00000,-5.00000,2344.00000,2344.00000,590.00000,7123.00000,2880.00000,2841.00000,2841.00000,0.21000,0.21000,0.74630,0.39550,0.73990,52.77400,10.63080,10.63080,8.63390,2.17780,0.11940,8.97200,2.15470,41.76920,2.78570,-13.65970,1.03300,1.68400,29.67310,2.9116,1.3552
2009-09-30,27265.00000,10996.00000,16269.00000,8111.00000,12283.00000,3986.00000,-525.00000,3461.00000,574.00000,2887.00000,2887.00000,1176.00000,8158.00000,3986.00000,2841.00000,2841.00000,0.41000,0.41000,0.80660,0.40420,0.74270,59.66990,14.61950,14.61950,12.69390,4.31320,0.12040,4.30540,2.18310,41.22540,3.41330,-17.54480,1.27520,2.03370,29.77560,3.1612,1.6279
2009-06-30,26861.00000,10481.00000,16380.00000,7871.00000,11962.00000,4418.00000,-648.00000,3770.00000,610.00000,3160.00000,3160.00000,1483.00000,8509.00000,4418.00000,2841.00000,2841.00000,0.52000,0.52000,0.81400,0.41790,0.78370,60.98060,16.44760,16.44760,14.03520,5.52100,0.11940,3.77690,2.20710,40.77660,3.81550,-17.26020,1.40450,2.22080,29.15600,2.6452,1.1011
2009-03-31,26591.00000,10308.00000,16283.00000,7561.00000,11589.00000,4694.00000,-744.00000,3950.00000,740.00000,3210.00000,3210.00000,1645.00000,8722.00000,4694.00000,2841.00000,2841.00000,0.58000,0.58000,0.62390,0.40870,0.85820,61.23500,17.65260,17.65260,14.85470,6.18630,0.11720,4.69610,2.21800,40.57800,3.98490,-15.93130,1.41500,2.35630,28.35840,2.33090,1.02600
