Date,revenue,cost-goods-sold,gross-profit,selling-general-administrative-expenses,operating-expenses,operating-income,total-non-operating-income-expense,pre-tax-income,total-provision-income-taxes,income-after-taxes,income-from-continuous-operations,income-from-discontinued-operations,net-income,basic-shares-outstanding,shares-outstanding,eps-basic-net-earnings-per-share,eps-earnings-per-share-diluted,long-term-debt-capital,debt-equity-ratio,pre-tax-profit-margin,net-profit-margin,asset-turnover,roe,return-on-tangible-equity,roa,roi,book-value-per-share,operating-cash-flow-per-share,free-cash-flow-per-share
2024-03-31,1184.90000,456.10000,728.80000,497.00000,497.00000,231.80000,,231.80000,54.40000,177.40000,177.40000,,174.20000,108.50000,109.00000,1.61000,1.60000,0.53560,1.15310,32.48320,24.41140,0.00930,3.01850,3.22190,0.23040,1.33490,56.01740,-2.81190,-2.98440
2023-12-31,1129.50000,447.30000,682.20010,471.20000,471.20000,211.00010,,210.99990,63.10000,147.90000,147.90000,,144.70000,108.30000,108.50000,1.33000,1.33000,0.57210,1.33680,31.35680,21.50390,0.00950,2.55750,2.73430,0.20870,1.04130,55.52410,3.1447,2.8931
2023-09-30,1155.80000,439.60000,716.20000,438.30000,438.30000,277.89990,,277.90000,61.30000,216.60000,216.60000,,213.40000,108.30000,108.50000,1.97000,1.97000,0.62640,1.67680,39.46880,30.30820,0.00990,3.97360,4.26880,0.30550,1.40820,52.48780,-5.249,-5.4894
2023-06-30,1119.80000,450.50000,669.30000,409.20000,409.20000,260.10000,,260.10000,44.40000,215.70000,215.70000,,212.50000,108.30000,108.30000,1.96000,1.96000,0.64780,1.83910,40.16990,32.81850,0.00950,4.00190,4.30450,0.31650,1.33640,51.91310,-4.2235,-4.5217
2023-03-31,910.90000,359.00000,551.90000,367.30000,367.30000,184.60000,,184.60000,42.40000,142.20000,142.20000,,139.00000,108.10000,108.30000,1.29000,1.28000,0.75210,3.03350,34.66670,26.10330,0.00750,2.72100,2.93560,0.20010,0.63860,50.41320,3.29920,3.03600
2022-12-31,949.80020,248.60000,701.20020,336.10000,336.10000,365.10020,,364.70000,71.70000,293.00000,293.00000,,289.80000,107.20000,107.60000,2.68000,2.67000,0.57320,1.34280,52.24180,41.51270,0.01030,5.78940,6.26600,0.43260,2.33500,49.17600,7.4204,6.8903
2022-09-30,801.20000,137.30000,663.90000,334.30000,334.30000,329.60000,,329.60000,65.60000,264.00000,264.00000,,260.80000,107.50000,107.90000,2.43000,2.42000,0.58940,1.43560,51.87280,41.04500,0.00920,5.58610,6.08440,0.38170,2.15880,46.09890,4.533,4.1929
2022-06-30,674.60000,54.60000,620.00000,296.40000,296.40000,323.60000,,323.60000,63.40000,260.20000,260.20000,,257.00000,107.30000,107.70000,2.40000,2.39000,0.55160,1.23030,54.61600,43.37550,0.00900,5.57890,6.10230,0.39390,2.35260,45.79710,3.0704,2.8759
2022-03-31,590.80000,35.00000,555.80000,257.60000,257.60000,298.20000,,298.20000,58.10000,240.10000,240.10000,,236.90000,106.00000,106.60000,2.23000,2.22000,0.25620,0.34450,54.53550,43.32480,0.00900,5.09000,5.56640,0.39640,3.56330,46.27990,5.84330,5.59760
2021-12-31,593.69980,32.70000,560.99980,251.10000,251.10000,309.89980,3.20000,310.00000,64.00000,246.00000,246.00000,,242.50010,102.70000,103.30000,2.34000,2.32000,0.32580,0.48320,56.59000,44.26800,0.00980,5.26990,5.68390,0.43940,3.34190,46.54370,5.7707,5.405
2021-09-30,580.90000,32.40000,548.50000,245.00000,245.00000,303.50000,-1.10000,302.40000,65.50000,236.90000,236.90000,,236.90000,103.30000,103.90000,2.29000,2.28000,0.31420,0.45820,56.39690,44.18130,0.01020,5.61440,6.06560,0.44890,3.59900,43.31510,-20.5973,-20.7719
2021-06-30,534.50000,28.00000,506.50000,216.10000,216.10000,290.40000,-14.20000,276.20000,52.40000,223.80000,223.80000,,223.80000,102.70000,103.40000,2.18000,2.17000,0.30320,0.43510,53.01340,42.95590,0.01060,5.54720,6.53660,0.45610,3.86540,38.70320,-11.8528,-11.8817
2021-03-31,353.80000,16.80000,337.00000,102.50000,102.50000,234.50000,-0.10000,234.40000,41.90000,192.50000,192.50000,,192.50000,100.80000,101.40000,1.91000,1.90000,0.12880,0.15210,63.45430,52.11150,0.00850,5.18490,5.63740,0.44360,4.51730,35.88950,0.98720,0.88460
2020-12-31,355.40010,16.80000,338.60000,104.70000,104.70000,233.90010,0.20000,240.60000,47.00000,193.60000,193.60000,,193.60000,100.20000,100.50000,1.94000,1.92000,0.14300,0.16690,64.53860,51.93130,0.01020,5.67160,6.21510,0.53100,4.86040,33.84930,2.1722,2.1652
2020-09-30,325.40000,20.10000,305.30000,138.20000,138.60000,166.70000,-0.10000,166.60000,30.80000,135.80000,135.80000,,135.80000,99.90000,100.10000,1.36000,1.36000,0.16320,0.20110,57.30990,46.71480,0.00870,4.21210,4.64260,0.40740,3.52470,31.97670,1.6625,1.5358
2020-06-30,339.50000,19.80000,319.70000,206.40000,206.80000,112.90000,,112.90000,19.60000,93.30000,93.30000,,93.30000,99.80000,100.00000,0.93000,0.93000,0.16830,0.21050,49.58280,40.97500,0.00710,3.00730,3.32550,0.29240,2.50120,30.76300,1.6147,1.5948
2020-03-31,312.30000,38.20000,274.10000,172.70000,173.10000,101.00000,1.40000,102.40000,18.50000,83.90000,83.90000,,83.90000,101.30000,101.70000,0.83000,0.83000,0.18870,0.24030,45.93990,37.64020,0.00760,2.79700,3.10460,0.28770,2.26910,29.65440,1.21930,1.10620
2019-12-31,331.40700,43.41500,287.99200,139.35400,139.35400,148.63800,-0.94400,154.27400,26.18100,128.09300,128.09300,,128.09300,102.70000,103.10000,1.26000,1.25000,0.11540,0.13600,54.32280,45.10400,0.01060,4.24610,4.71090,0.47760,3.75610,29.42430,1.745,1.5602
2019-09-30,335.04900,49.18600,285.86300,126.18900,126.57600,159.28700,-3.37900,155.90800,28.53300,127.37500,127.37500,,127.37500,102.04100,102.45100,1.25000,1.24000,0.11740,0.13820,55.27480,45.15880,0.01070,4.35760,4.85230,0.48390,3.84600,28.47910,2.0261,1.9716
2019-06-30,317.06600,48.16700,268.89900,121.44600,121.83300,147.06600,0.62000,147.68600,24.75000,122.93600,122.93600,,122.93600,103.01900,103.50100,1.19000,1.19000,0.11960,0.14070,56.38270,46.93380,0.01030,4.31160,4.81560,0.48560,3.79610,27.50750,1.7428,1.6843
2019-03-31,306.57800,43.83200,262.74600,115.93000,116.31700,146.42900,-0.09700,146.33200,25.53600,120.79600,120.79600,,120.79600,104.03300,104.47500,1.16000,1.16000,0.12090,0.14300,56.67170,46.78210,0.01090,4.44000,4.98780,0.50770,3.90340,26.03890,1.44830,1.41820
2018-12-31,295.57990,38.45100,257.12890,115.28300,115.68800,141.44090,,139.96700,20.86900,119.09800,119.09800,,119.09800,104.70000,105.40000,1.13000,1.14000,0.24570,0.33430,56.18250,47.80580,0.01080,4.55660,5.14560,0.51540,3.43700,24.90480,1.3747,1.4356
2018-09-30,269.63400,31.17800,238.45600,119.51000,119.90800,118.54800,0.06700,118.61500,7.49200,111.12300,111.12300,,111.12300,104.76800,105.44800,1.06000,1.05000,0.12610,0.15270,51.02690,47.80390,0.01050,4.46570,5.07680,0.50110,3.90250,23.50620,1.4117,1.3503
2018-06-30,265.04600,27.49400,237.55200,107.32800,107.72700,129.82500,0.17900,130.00400,25.32500,104.67900,104.67900,,104.67900,104.69100,105.42000,1.00000,0.99000,0.15420,0.18990,55.90320,45.01320,0.01090,4.37680,5.00440,0.48990,3.70190,22.58950,1.5079,1.4959
2018-03-31,246.34000,20.47700,225.86300,104.97900,105.37700,120.48600,1.22800,121.71400,20.81400,100.90000,100.90000,,100.90000,104.53000,105.32400,0.97000,0.96000,0.22450,0.29890,55.35900,45.89220,0.01060,4.39890,5.06170,0.48600,3.41140,21.66770,0.83850,0.83300
2017-12-31,242.14700,17.43000,224.71700,100.02400,100.43200,124.28500,0.03400,124.31900,34.97300,89.34600,89.34600,,89.34600,104.17900,104.99700,0.85000,0.85000,0.25590,0.35560,56.58140,40.66410,0.01080,4.00710,4.63180,0.43950,2.98160,21.13720,1.0722,1.2626
2017-09-30,228.29200,16.25300,212.03900,93.54100,94.03000,118.00900,-0.26600,117.74300,34.89900,82.84400,82.84400,,82.84400,104.22100,104.94200,0.79000,0.79000,0.14800,0.18590,56.87000,40.01370,0.01040,3.86110,4.49150,0.41580,3.28940,20.33910,0.9131,0.8887
2017-06-30,217.55400,14.21000,203.34400,90.70100,91.18900,112.15500,-0.23100,111.92400,31.96400,79.96000,79.96000,,79.96000,104.16200,105.04500,0.77000,0.76000,0.15420,0.19820,55.86590,39.91140,0.01060,3.88410,4.55090,0.42430,3.28500,19.52660,0.831,0.807
2017-03-31,202.86400,12.95600,189.90800,91.93100,92.62000,97.28800,0.54300,97.83100,24.48900,73.34200,73.34200,,73.34200,103.98700,104.83600,0.71000,0.70000,0.15710,0.20450,52.69420,39.50380,0.01020,3.72490,4.40000,0.40470,3.13980,18.67620,0.83910,0.81460
2016-12-31,197.95100,12.14200,185.80900,82.96100,83.65800,102.15100,-5.98700,96.16400,26.36400,69.80000,69.80000,,69.80000,103.04200,103.84300,0.67000,0.66000,0.19150,0.25890,52.03430,37.76870,0.01070,3.69010,4.39370,0.40580,2.98360,18.00240,0.6514,0.6388
2016-09-30,195.43300,12.20300,183.23000,83.72700,84.42400,98.80600,-2.58300,96.22300,29.17100,67.05200,67.05200,,67.05200,103.76800,104.56400,0.65000,0.64000,0.17090,0.23010,53.09440,36.99830,0.01060,3.61010,4.31550,0.39340,2.99290,17.67760,0.9385,0.913
2016-06-30,182.64800,10.40300,172.24500,79.58800,80.28500,91.96000,-4.01900,87.94100,26.32700,61.61400,61.61400,,61.61400,102.68800,103.47200,0.60000,0.60000,0.17540,0.23420,51.80770,36.29800,0.01010,3.43020,4.12980,0.36830,2.82850,17.09310,0.4172,0.3836
2016-03-31,167.38900,8.54500,158.84400,77.59800,78.29500,80.54900,0.30200,80.85100,19.51900,61.33200,61.33200,,61.33200,101.89500,102.53800,0.60000,0.60000,0.11260,0.14860,51.71350,39.22890,0.01030,3.69430,4.52230,0.40220,3.27840,16.03810,0.69550,0.66540
2015-12-31,160.81000,7.98800,152.82200,74.64100,75.34500,77.47700,0.39700,77.87400,19.34800,58.52600,58.52600,,58.37500,94.57000,95.21900,0.60000,0.59000,0.18460,0.25040,51.80480,38.83330,0.01050,3.67740,4.55040,0.41000,2.99850,15.43840,0.8906,0.8934
2015-09-30,154.73500,8.82600,145.90900,71.48100,72.18500,73.72400,-0.73100,72.99300,17.13300,55.86000,55.86000,,55.68400,100.77600,101.52000,0.55000,0.55000,0.24240,0.35360,50.02640,38.16350,0.01050,3.69150,4.37110,0.40030,2.67210,15.48020,0.4199,0.3469
2015-06-30,122.16300,7.90000,114.26300,54.30400,54.58500,59.67800,-6.62400,53.05400,13.57900,39.47500,39.47500,,39.22800,88.17700,88.68200,0.44000,0.44000,0.15500,0.24930,46.43150,34.33130,0.00850,2.73330,3.24960,0.29310,2.20210,14.80820,0.1837,0.1652
2015-03-31,117.20400,7.85400,109.35000,54.64400,54.92500,54.42500,0.19200,54.61700,14.23400,40.38300,40.38300,,40.20700,87.94100,88.45200,0.46000,0.45000,0.23110,0.34550,50.26880,37.00600,0.00970,4.11720,3.93710,0.35890,2.95350,11.78890,0.82060,0.79530
2014-12-31,118.55700,8.00600,110.55100,56.86300,57.14400,53.40700,1.11300,54.52000,14.11100,40.40900,40.40900,,40.08000,86.69300,87.50600,0.46000,0.46000,0.30080,0.48510,49.45080,36.35340,0.01040,4.34310,4.14450,0.38120,2.82260,11.28560,0.6897,0.6506
2014-09-30,111.62700,7.48100,104.14600,51.85600,52.13700,52.00900,1.85900,53.86800,12.94900,40.91900,40.91900,,40.56600,86.72300,87.57200,0.47000,0.46000,0.27080,0.42420,51.93250,39.10840,0.01010,4.74630,4.18850,0.39770,2.97440,11.41870,0.5303,0.4732
2014-06-30,107.57200,8.07500,99.49700,52.23700,52.53900,46.95800,-0.21000,46.74800,10.70600,36.04200,36.04200,-0.50400,35.18600,86.50100,87.33300,0.41000,0.40000,0.28420,0.45310,47.22500,35.54500,0.00990,4.41330,3.87050,0.35960,2.69390,10.91060,0.2341,0.1839
2014-03-31,103.27400,7.92400,95.35000,54.78000,55.37700,39.97300,2.39000,42.36300,10.62400,31.73900,31.73900,-0.65400,30.73200,86.25600,87.12300,0.35000,0.35000,0.30120,0.61780,46.12190,33.45890,0.00940,4.21050,3.65650,0.32560,2.47870,10.22000,0.45890,0.44620
2013-12-31,99.08900,7.60100,91.48800,55.01800,55.61500,35.87300,0.23400,36.10700,3.99200,32.11500,32.11500,-0.70100,31.06200,85.68200,86.54100,0.37000,0.35000,0.30920,0.53090,41.41280,35.62650,0.00940,4.49480,3.87800,0.34510,2.59320,9.81230,0.4804,0.2907
2013-09-30,96.80900,8.12100,88.68800,47.68900,48.28600,40.40200,-1.38900,39.01300,10.39000,28.62300,28.62300,-0.02900,28.24200,85.79900,86.76900,0.33000,0.33000,0.34410,0.74520,43.98900,31.84420,0.00990,4.17680,3.58540,0.32080,2.27200,9.48680,0.4269,0.4115
2013-06-30,101.04700,7.13300,93.91400,49.91900,50.51600,43.39800,-1.49600,41.90200,7.66100,34.24100,34.24100,-0.16900,33.71900,85.65900,86.52400,0.39000,0.39000,0.36450,0.80030,46.33490,37.28620,0.01050,5.19970,4.44140,0.39840,2.72170,9.19030,0.4638,0.4597
2013-03-31,87.90700,6.90500,81.00200,51.05700,51.65400,29.34800,-0.71400,28.63400,7.78700,20.84700,20.84700,0.03800,20.53200,85.32400,85.98000,0.24000,0.24000,0.29730,0.67560,37.89420,27.17200,0.00920,3.25580,2.77170,0.25500,1.87510,8.97230,0.53610,0.52720
2012-12-31,110.58500,6.88800,103.69700,56.86700,57.25500,46.44200,-3.23500,43.20700,9.48300,33.72400,33.72400,-1.80400,31.56700,82.28500,82.91200,0.38000,0.38000,0.23240,0.40670,46.86430,34.23900,0.01210,5.45150,4.62070,0.44240,3.40800,8.78520,0.4181,0.8813
2012-09-30,85.65100,6.72300,78.92800,51.92100,56.23600,22.69200,-0.23900,22.45300,6.75200,15.70100,15.70100,-0.24300,15.10600,81.75800,82.29400,0.19000,0.18000,0.27130,0.67500,32.07760,21.58120,0.00950,2.81880,2.34690,0.21210,1.63920,8.36390,0.4966,0.479
2012-06-30,85.24300,7.04100,78.20200,56.97000,57.86000,20.34200,-0.90100,19.44100,5.25900,14.18200,14.18200,-0.22100,12.63600,81.59000,81.95500,0.15000,0.15000,0.33610,0.63540,29.96820,19.47840,0.00910,2.67020,2.22230,0.19800,1.40090,8.08250,0.5787,0.5472
2012-03-31,83.32100,7.38000,75.94100,56.22900,57.32700,18.61400,-2.65100,15.96300,4.44100,11.52200,11.52200,-0.22200,9.53700,81.35900,82.22700,0.12000,0.12000,0.26070,0.52760,25.39450,15.17180,0.00910,2.24580,1.86080,0.16640,1.30230,7.86640,0.44300,0.41980
2011-12-31,81.79400,8.14700,73.64700,55.38700,55.85500,17.79200,-8.18400,9.60800,2.01100,7.59700,7.59700,-0.49600,5.32000,80.90900,81.18300,0.07000,0.07000,0.38000,0.80720,15.86240,8.78310,0.00880,1.53260,1.26420,0.11100,0.73970,7.73030,0.41,0.3985
2011-09-30,87.21500,9.54800,77.66700,52.66900,53.55900,24.10800,-3.10200,21.00600,7.51400,13.49200,13.49200,-0.48100,3.59200,80.93100,81.12500,0.04000,0.04000,0.14770,0.39880,31.59420,5.40260,0.01020,2.74640,2.26520,0.20610,1.81880,7.68580,0.3393,0.3452
2011-06-30,83.24300,10.36000,72.88300,53.48500,54.37500,18.50800,-8.52400,9.98400,3.29500,6.68900,6.68900,-0.46000,3.72600,80.88300,81.22300,0.05000,0.05000,0.15840,0.42970,16.36940,6.10900,0.00940,1.38400,1.15700,0.10280,0.91440,7.49530,0.522,0.5382
2011-03-31,78.79600,10.86800,67.92800,50.53000,51.84100,16.08700,-6.34600,9.74100,4.02900,5.71200,5.71200,-0.55900,2.65000,80.79400,81.01300,0.03000,0.03000,0.16180,0.46460,16.82760,4.57790,0.00900,1.21530,1.01430,0.08920,0.79590,7.31510,0.48370,0.48650
2010-12-31,71.65400,11.46300,60.19100,60.08600,60.28600,-0.09500,-12.99100,-14.73700,-4.57900,-10.15800,-10.15800,-0.65700,-13.29900,75.08300,75.08300,-0.17000,-0.17000,0.16150,0.37430,-35.25010,-31.81050,0.00670,-2.15510,-1.80460,-0.16400,-1.41440,7.37330,1.083,1.0843
2010-09-30,82.87200,11.23700,71.63500,63.31800,64.21900,7.41600,-4.85500,2.56100,-0.07900,2.64000,2.64000,-0.63100,-0.45700,75.55400,75.55400,-0.01000,-0.01000,0.14980,0.31630,5.26200,-0.93900,0.00790,0.53910,0.45550,0.04270,0.36220,7.60420,-0.2364,-0.2454
2010-06-30,90.76000,12.54400,78.21600,63.47600,64.38300,13.83300,-11.99400,1.83900,-0.19000,2.02900,2.02900,-0.80200,-1.23900,72.16000,72.16000,-0.02000,-0.02000,0.05930,0.21440,3.33750,-2.24860,0.00920,0.45440,0.37960,0.03400,0.33140,7.85150,0.1302,0.1082
2010-03-31,83.36300,14.01600,69.34700,69.00800,70.60400,-1.25700,1.01400,-0.24300,-1.56200,1.31900,1.31900,-0.93500,-2.08200,71.96500,71.96500,-0.03000,-0.03000,0.17520,0.50610,-0.59850,-5.12810,0.00670,0.29500,0.24720,0.02160,0.18890,7.88400,-0.97280,-0.92420
2009-12-31,72.08200,16.02500,56.05700,81.24000,87.03100,-30.97400,-5.08100,-36.05500,-10.25800,-25.79700,-25.79700,-1.11500,-29.35900,58.83600,58.83600,0.27000,0.27000,0.18630,0.61670,-236.19390,-192.32880,0.00270,-5.76110,-4.84360,-0.44840,-3.64610,7.94060,-0.0034,0.0521
2009-09-30,80.29300,18.77600,61.51700,91.67200,93.91500,-32.39800,-7.28300,-39.68100,-16.72400,-22.95700,-22.95700,-0.95800,-26.35400,71.69700,71.69700,-0.37000,-0.37000,0.14450,0.73870,-368.54280,-244.76640,0.00180,-4.82570,-4.16360,-0.39370,-3.25710,8.31800,-0.0395,0.0482
2009-06-30,85.74300,19.49500,66.24800,81.98900,83.77200,-17.52400,-3.97400,-21.49800,-8.42700,-13.07100,-13.07100,-1.06600,-16.56100,53.25200,53.25200,-0.31000,-0.31000,0.14140,1.05720,-74.97120,-57.75420,0.00500,-2.64020,-2.29910,-0.22930,-1.80540,8.58200,0.6845,0.6933
2009-03-31,42.34000,19.43800,22.90200,59.22000,106.08400,-83.18200,-4.93600,-88.11800,-3.04400,-85.07400,-85.07400,-1.36800,-88.87400,38.09600,38.09600,-2.33000,-2.33000,0.19410,1.74700,-3019.80700,-3045.71500,0.00060,-28.25880,-22.81520,-1.61510,-16.05850,10.95950,0.62900,0.56110
