Date,revenue,cost-goods-sold,gross-profit,selling-general-administrative-expenses,other-operating-income-expenses,operating-expenses,operating-income,total-non-operating-income-expense,pre-tax-income,total-provision-income-taxes,income-after-taxes,income-from-continuous-operations,net-income,ebitda,ebit,basic-shares-outstanding,shares-outstanding,eps-basic-net-earnings-per-share,eps-earnings-per-share-diluted,current-ratio,long-term-debt-capital,debt-equity-ratio,gross-margin,operating-margin,ebit-margin,pre-tax-profit-margin,net-profit-margin,asset-turnover,receiveable-turnover,days-sales-in-receivables,roe,return-on-tangible-equity,roa,roi,book-value-per-share,operating-cash-flow-per-share,free-cash-flow-per-share
2024-03-31,887.72900,46.07900,841.65000,276.69800,272.41300,162.27600,679.37400,-91.63600,587.73800,1.52200,586.21600,586.21600,559.50000,839.55510,679.37400,380.02400,381.62800,1.47000,1.47000,1.50580,0.68290,2.18600,94.80930,76.52940,76.52940,66.20690,63.02600,0.07240,1.23240,73.03080,17.36270,21.72770,4.77940,5.50520,8.87350,1.04740,2.06660
2023-12-31,858.20820,40.80300,817.40520,289.98300,29.68200,425.48810,391.91710,-94.76000,297.15700,1.40500,295.75200,295.75200,281.62990,559.27820,391.91710,383.02800,384.40800,0.74000,0.74000,0.76100,0.70630,2.60840,95.24550,45.66690,45.66690,34.62530,32.81600,0.06880,1.28740,69.91000,9.76360,12.62310,2.37140,2.86780,7.98150,1.2342,0.716
2023-09-30,776.01300,27.59000,748.42300,274.06700,33.76900,387.66100,360.76200,-75.45900,285.30300,0.90500,284.39800,284.39800,270.84300,510.00700,360.76200,383.56100,384.77200,0.71000,0.70000,1.78610,0.71070,2.45760,96.44460,46.48920,46.48920,36.76520,34.90190,0.06670,1.26210,71.30710,9.62400,12.57850,2.44610,2.78410,7.78650,1.0299,0.5035
2023-06-30,738.27300,44.74600,693.52700,255.38300,42.02000,356.85500,336.67200,-76.49700,260.17500,0.65900,259.51600,259.51600,247.10000,482.56700,336.67200,384.61400,385.51000,0.64000,0.64000,1.28260,0.69310,2.25890,93.93910,45.60260,45.60260,35.24100,33.47000,0.06580,1.33210,67.56310,8.58710,11.18540,2.31320,2.63570,7.85770,1.2737,0.8545
2023-03-31,733.98200,51.45900,682.52300,232.18700,-15.49800,392.31100,290.21200,-80.45500,209.75700,1.41600,208.34100,208.34100,198.95900,436.53000,290.21200,384.46800,385.75000,0.52000,0.52000,1.26490,0.68340,2.15910,92.98910,39.53940,39.53940,28.57800,27.10680,0.06610,1.31470,68.45810,6.71730,8.71130,1.87480,2.12690,8.06410,0.78400,0.33530
2022-12-31,779.43690,92.66300,686.77390,234.37000,128.16400,258.11580,428.65810,-83.12000,345.53790,0.50400,345.03400,345.03400,328.57710,582.35110,428.65810,394.95100,396.23600,0.85000,0.85000,0.99620,0.67880,2.18310,88.11160,54.99590,54.99590,44.33170,42.15570,0.06920,1.40630,63.99960,11.10110,14.43500,3.06110,3.56520,8.09260,1.1883,1.4978
2022-09-30,837.56800,106.83300,730.73500,258.08900,41.20900,373.71700,357.01790,-83.05000,273.96800,0.38700,273.58100,273.58100,259.50100,515.62790,357.01790,388.90600,390.31800,0.67000,0.66000,1.20160,0.70040,2.33870,87.24490,42.62560,42.62560,32.70990,30.98270,0.07300,1.28670,69.94420,9.10210,11.99960,2.38470,2.72680,7.79510,1.2662,0.8649
2022-06-30,876.41900,148.55600,727.86300,238.66300,47.22400,330.47500,397.38800,-80.72600,316.66200,1.49100,315.17100,315.17100,299.55000,538.22800,397.38800,403.02700,404.16200,0.74000,0.74000,1.14410,0.66820,2.01470,83.04970,45.34220,45.34220,36.13140,34.17890,0.07700,1.22350,73.56170,9.53620,12.25720,2.76740,3.16400,8.25740,1.156,0.8918
2022-03-31,758.29700,72.84800,685.44900,196.02000,49.97700,280.62500,404.82400,-85.34900,319.47500,1.80500,317.67000,317.67000,301.93400,541.18800,404.82400,403.25400,404.46000,0.75000,0.75000,0.67780,0.65420,2.11170,90.39320,53.38590,53.38590,42.13060,39.81740,0.06630,1.26040,71.40770,9.71230,12.56010,2.77540,3.35820,8.10940,0.68350,0.47690
2021-12-31,719.21000,72.04000,647.17000,220.95300,43.72900,321.44900,325.72100,-89.08200,236.63900,-14.21000,250.84900,250.84900,238.18600,471.70810,325.72110,411.30900,412.02200,0.58000,0.58000,0.60060,0.67400,2.23100,89.98350,45.28870,45.28870,32.90260,33.11770,0.06380,1.64760,54.62410,8.10300,10.69160,2.22520,2.64150,7.68190,1.6108,1.3823
2021-09-30,763.84000,83.23200,680.60800,204.88800,46.54800,297.34200,383.26600,-117.80200,265.46400,1.82600,263.63800,263.63800,250.19800,524.13900,383.26600,411.90900,412.71400,0.61000,0.61000,0.57880,0.67390,2.30140,89.10350,50.17620,50.17620,34.75390,32.75530,0.06690,1.30870,68.76920,8.51420,11.27140,2.30870,2.77620,7.57800,0.9524,0.7582
2021-06-30,719.13100,78.04400,641.08700,215.44300,47.15300,306.13900,334.94800,-95.20600,239.74200,1.46500,238.27700,238.27700,226.29500,474.71100,334.94800,413.07000,413.72000,0.55000,0.55000,0.78660,0.69130,2.43190,89.14750,46.57680,46.57680,33.33770,31.46780,0.06190,1.38530,64.96790,7.80500,10.41640,2.04950,2.40960,7.39060,1.0924,0.9229
2021-03-31,674.97400,88.96900,586.00500,199.83200,36.71600,293.66900,292.33600,-99.98900,192.34700,1.11200,191.23500,191.23500,181.79800,424.97700,292.33600,413.10400,413.44600,0.44000,0.44000,1.24660,0.71600,2.52330,86.81890,43.31070,43.31070,28.49700,26.93410,0.05900,1.40410,64.09650,6.49990,8.81740,1.67240,1.84620,7.12270,0.63260,0.48320
2020-12-31,647.48010,34.47700,613.00310,192.58400,58.93300,240.04900,372.95410,-99.97200,272.98200,2.20600,270.77600,270.77600,258.24900,481.52400,372.95400,435.55400,435.62400,0.60000,0.60000,0.98140,0.71920,2.71300,94.67520,57.60090,57.60090,42.16070,39.88520,0.05470,1.42970,62.95050,9.35250,12.80860,2.28890,2.62610,6.99600,1.18,1.1024
2020-09-30,679.04400,31.73900,647.30500,193.26300,25.61800,300.20900,347.09600,-89.93300,257.16300,3.02800,254.13500,254.13500,241.47900,481.84500,347.09600,438.85700,438.92600,0.55000,0.55000,0.76890,0.72730,2.82360,95.32590,51.11540,51.11540,37.87130,35.56160,0.05810,1.50300,59.87910,9.10730,12.69820,2.17400,2.48400,6.70470,0.9143,0.7713
2020-06-30,671.75500,18.60200,653.15300,201.00400,41.42200,279.38700,373.76600,-87.38100,286.38500,5.04400,281.34100,281.34100,267.57600,495.76790,373.76600,443.97300,443.97300,0.60000,0.60000,0.62750,0.71990,2.71950,97.23080,55.64020,55.64020,42.63240,39.83240,0.05620,1.45930,61.67220,9.58400,13.15800,2.35370,2.68460,6.61160,0.7786,0.4628
2020-03-31,774.31300,103.27000,671.04300,218.13200,-94.47800,885.94610,-214.90310,-78.77700,-293.68000,-4.28000,-289.40000,-289.40000,-251.39600,360.53300,-214.90310,443.97100,443.97100,-0.57000,-0.57000,1.09080,0.74340,2.90080,86.66300,-27.75400,-27.75400,-37.92780,-32.46700,0.06500,3.01010,29.89940,-10.36430,-14.56450,-2.43010,-2.65970,6.28930,0.88590,0.49660
2019-12-31,723.21000,109.50700,613.70300,219.84200,60.04700,280.07300,333.63000,-37.39700,296.23300,0.79300,295.44000,295.44000,282.13300,455.85000,333.63010,415.79400,415.79400,0.65000,0.65000,0.82810,0.70390,2.37930,84.85820,46.13180,46.13180,40.96090,39.01120,0.05860,2.77610,32.41950,8.83150,14.13520,2.39290,2.61520,7.53490,0.9182,0.149
2019-09-30,666.02700,97.80000,568.22700,222.62200,51.03400,299.50200,268.72490,-142.19300,126.53200,1.30900,125.22300,125.22300,121.21700,400.28990,268.72490,453.02100,453.02100,0.27000,0.27000,0.65880,0.69860,2.32040,85.31590,40.34750,40.34750,18.99800,18.20000,0.05470,2.86070,31.46060,3.75470,6.04390,1.02830,1.13160,7.36170,0.7508,0.2148
2019-06-30,685.05400,122.87700,562.17700,192.74000,61.74000,252.11700,310.06000,-133.72400,176.33600,1.27800,175.05800,175.05800,169.43100,432.51400,310.06000,453.00000,453.00000,0.37000,0.37000,0.67330,0.68210,2.14760,82.06320,45.26070,45.26070,25.74050,24.73250,0.05720,3.11500,28.89290,5.01430,7.88550,1.46120,1.59420,7.70670,0.3702,0.1052
2019-03-31,671.88300,114.06300,557.82000,181.95800,57.01200,238.89200,318.92800,-96.85700,222.07100,10.09200,211.97900,211.97900,89.54400,434.38500,318.92800,299.55600,299.55600,0.30000,0.30000,0.13340,0.59190,2.00710,83.02340,47.46780,47.46780,33.05200,13.32730,0.05700,3.16290,28.45450,5.90220,9.16730,1.79690,2.40890,7.92850,1.14530,-0.14390
2018-12-31,692.62600,124.49600,568.13000,172.33400,-12.74200,303.48300,264.64700,-57.98900,206.65800,22.74100,183.91700,183.91700,93.37000,384.33800,264.64700,218.93600,218.93600,0.43000,0.43000,0.54080,0.51590,1.07160,82.02550,38.20920,38.20920,29.83690,13.48060,0.06050,3.13170,28.73810,3.75900,5.10100,1.60530,1.81960,22.34740,1.7494,0.1262
2018-09-30,587.90000,101.03500,486.86500,158.21000,26.37800,229.31100,257.55400,-43.98900,213.56500,15.00500,198.56000,198.56000,107.47400,356.31600,257.55400,218.93800,218.93800,0.49000,0.49000,0.71050,0.55800,1.27040,82.81430,43.80920,43.80920,36.32680,18.28100,0.06510,2.61420,34.42730,5.49020,8.11600,2.19800,2.42650,16.51900,1.534,-0.6452
2018-06-30,518.07800,95.65600,422.42200,142.13600,-77.58400,308.20800,114.21400,-36.74300,77.47100,10.30400,67.16700,67.16700,67.58000,203.97500,114.21400,218.93400,218.93400,0.31000,0.31000,0.48220,0.53190,1.14410,81.53640,22.04570,22.04570,14.95350,13.04440,0.05980,3.10260,29.00810,1.82730,2.68840,0.77480,0.85530,16.78860,1.5035,-1.1416
2018-03-31,501.05400,94.31800,406.73600,127.22400,30.14500,181.86900,224.86690,-32.97300,191.89400,10.88400,181.01000,181.01000,101.00500,311.75990,224.86690,218.93300,218.93300,0.46000,0.46000,1.45410,0.52040,1.09230,81.17610,44.87880,44.87880,38.29810,20.15850,0.05680,2.65280,33.92620,4.70270,6.79270,2.05320,2.25550,17.58120,1.37100,-1.06390
2017-12-31,813.27600,321.93300,491.34300,150.24100,39.83200,212.90780,278.43520,-29.49300,248.94200,-64.82800,313.77000,313.77000,99.52100,382.16520,278.43510,218.93100,218.93100,0.45000,0.45000,0.60130,0.46960,0.88540,60.41530,34.23630,34.23620,30.60980,12.23710,0.10150,5.07540,17.73260,7.95390,11.39550,3.91410,4.21870,18.01870,1.8283,-0.9532
2017-09-30,574.69500,239.22300,335.47200,103.67300,19.43200,156.78000,178.69200,-31.58100,147.11100,0.51000,146.60100,146.60100,96.20200,252.45600,178.69200,218.93300,218.93300,0.44000,0.44000,0.91210,0.45780,0.84430,58.37390,31.09340,31.09340,25.59810,16.73970,0.07260,2.98640,30.13660,3.67060,5.24710,1.85200,1.99030,18.24270,0.9642,0.2397
2017-06-30,525.45000,203.27700,322.17300,99.26900,58.12300,115.17700,206.99600,-31.80000,175.19600,0.84300,174.35300,174.35300,104.94400,282.23500,206.99600,218.93100,218.93100,0.48000,0.48000,1.20950,0.44840,0.81290,61.31370,39.39410,39.39410,33.34210,19.97220,0.06780,3.85210,23.36390,4.31950,6.16230,2.25040,2.38270,18.43700,1.0948,0.5865
2017-03-31,516.19300,189.35900,326.83400,99.53000,-20.02700,189.25900,137.57500,-31.36200,106.21300,3.55200,102.66100,102.66100,75.94000,208.54500,137.57500,218.92900,218.92900,0.35000,0.35000,1.02170,0.43860,0.78120,63.31620,26.65190,26.65190,20.57620,14.71160,0.06760,3.38390,26.59660,2.53980,3.63020,1.34460,1.42590,18.46330,0.87550,0.30040
2016-12-31,510.82000,167.23500,343.58500,101.65100,11.82200,163.11600,180.46910,-35.25900,145.21000,0.94100,144.26900,144.26900,83.69600,259.31410,180.46910,218.92200,218.92200,0.38000,0.38000,1.88840,0.43470,0.76890,67.26150,35.32930,35.32930,28.42680,16.38460,0.06600,2.29050,39.29350,3.50950,4.99290,1.86490,1.98400,18.77670,1.1802,0.8623
2016-09-30,481.64500,145.64300,336.00200,97.53700,25.33900,139.44400,196.55800,-26.91100,169.64700,0.47200,169.17500,169.17500,91.39700,263.85390,196.55800,218.92200,218.92200,0.42000,0.42000,1.45240,0.41550,0.71090,69.76130,40.80970,40.80970,35.22240,18.97600,0.06420,2.25010,39.99880,4.07420,5.78900,2.25430,2.38140,18.96720,1.2008,0.7024
2016-06-30,428.66400,104.84900,323.81500,99.15300,17.98600,148.47200,175.34300,-9.24000,166.10300,0.32600,165.77700,165.77700,88.86300,228.28200,175.34300,218.92100,218.92100,0.41000,0.41000,1.60180,0.41970,0.72310,75.54050,40.90450,40.90450,38.74900,20.73020,0.05710,1.93540,46.50180,4.01030,5.72300,2.20810,2.32740,18.88250,0.7123,0.1718
2016-03-31,383.14100,76.46700,306.67400,99.07800,9.66400,154.50900,152.16500,-27.77300,124.39200,6.63300,117.75900,117.75900,70.49000,222.75600,152.16500,218.91900,218.91900,0.32000,0.32000,1.13500,0.46540,0.87050,80.04210,39.71520,39.71520,32.46640,18.39790,0.05200,2.13330,42.18840,3.16120,4.74660,1.59880,1.69010,17.01590,1.07750,0.45240
2015-12-31,416.55800,114.04100,302.51700,106.05400,-246.98900,420.75790,-118.24090,-28.14400,-146.38500,8.37200,-154.75700,-154.75700,-30.77100,-45.12400,-118.24100,218.91300,218.91300,-0.14000,-0.14000,1.27930,0.42350,0.73450,72.62300,-28.38520,-28.38530,-35.14160,-7.38700,0.05700,2.15710,41.72330,-3.94780,-5.79880,-2.11900,-2.27600,17.90660,0.8566,0.249
2015-09-30,432.51500,127.70400,304.81100,108.66000,96.89500,79.13200,225.67900,-27.45200,198.22700,12.64400,185.58300,185.58300,89.37100,298.27200,225.67900,218.91400,218.91400,0.41000,0.41000,1.06300,0.42200,0.73010,70.47410,52.17830,52.17830,45.83120,20.66310,0.06250,2.87520,31.30160,4.88910,7.22390,2.68340,2.82590,17.33960,1.0235,1.037
2015-06-30,465.99300,147.21600,318.77700,97.63200,17.32100,148.86500,169.91200,-23.29900,146.61300,12.24600,134.36700,134.36700,68.93200,243.42400,169.91200,218.91200,218.91200,0.31000,0.31000,1.28660,0.43170,0.75950,68.40810,36.46240,36.46240,31.46250,14.79250,0.06700,2.70260,33.30190,3.57220,5.32770,1.93150,2.03020,17.18230,0.8084,0.1254
2015-03-31,437.00600,139.40800,297.59800,97.38100,-254.41000,420.76600,-123.16800,-18.65700,-141.82500,12.27000,-154.09500,-154.09500,-41.41100,-52.08100,-123.16800,218.91000,218.91000,-0.19000,-0.19000,0.88850,0.41880,0.72060,68.09930,-28.18450,-28.18450,-32.45380,-9.47610,0.06400,3.03230,29.68090,-4.09920,-6.13280,-2.25550,-2.38250,17.17200,0.88740,-0.07900
2014-12-31,517.22600,127.45300,389.77290,130.85100,13.81100,196.61300,193.15990,-16.75200,176.40800,30.86200,145.54600,145.54600,57.16400,273.42400,193.15990,218.91000,218.91000,0.27000,0.27000,0.77600,0.36950,0.58640,75.35840,37.34540,37.34540,34.10660,11.05200,0.07440,4.74440,18.96990,3.52080,5.08920,2.09260,2.21980,18.88380,1.1527,-0.0461
2014-09-30,357.52100,113.21700,244.30400,83.39800,18.16500,111.61200,132.69200,-16.53500,116.15700,3.89100,112.26600,112.26600,59.95200,179.75800,132.69200,218.90300,218.90300,0.27000,0.27000,1.04950,0.43600,0.77320,68.33280,37.11450,37.11450,32.48960,16.76880,0.07060,2.83190,31.78140,4.16730,4.42680,2.21650,2.35020,12.30660,0.734,0.1005
2014-06-30,357.38100,122.31800,235.06300,81.95800,12.66500,114.25500,120.80800,-16.40400,104.40400,2.52300,101.88100,101.88100,55.25400,166.44800,120.80800,218.90300,218.90300,0.25000,0.25000,1.33460,0.42880,0.75080,65.77380,33.80370,33.80370,29.21360,15.46080,0.07180,3.28450,27.40160,3.78130,4.01720,2.04730,2.15980,12.30840,0.6641,-0.21
2014-03-31,301.24900,95.39100,205.85800,68.20300,8.06100,101.03700,104.82100,-9.24000,95.58100,1.78500,93.79600,93.79600,50.49700,146.39600,104.82100,218.90300,218.90300,0.23000,0.23000,1.17370,0.42170,0.72930,68.33480,34.79550,34.79550,31.72820,16.76260,0.06290,2.99750,30.02470,3.57610,3.80630,1.95870,2.06800,11.98170,0.60420,-0.30560
2013-12-31,334.81210,103.11200,231.70010,95.84500,9.73700,129.37190,102.32810,-9.84000,92.48800,0.41900,92.06900,92.06900,48.80100,146.28510,102.32810,218.89600,218.89600,0.23000,0.23000,1.08540,0.32810,0.48830,69.20300,30.56290,30.56290,27.62390,14.57560,0.07230,3.98860,22.56450,3.17040,3.35400,1.98820,2.13010,13.26670,0.7989,-0.1711
2013-09-30,273.50200,93.51600,179.98600,57.36800,4.52000,90.46300,89.52300,-8.32700,81.19600,-0.02700,81.22300,81.22300,44.33800,127.76800,89.52300,218.89600,218.89600,0.20000,0.20000,0.79550,0.39900,0.66390,65.80790,32.73210,32.73210,29.68750,16.21120,0.06730,3.61320,24.90860,3.55210,3.81890,2.00010,2.13480,10.44610,0.6104,0.0169
2013-06-30,251.40200,93.46000,157.94200,55.96400,3.45600,89.00400,68.93800,-7.93600,61.00200,0.05300,60.94900,60.94900,35.47500,106.00000,68.93800,218.89600,218.89600,0.16000,0.16000,,,,62.82450,27.42140,27.42140,24.26470,14.11090,,,,,,,,,0.1979,-0.5933
2013-03-31,225.76600,83.08300,142.68300,51.45300,3.96800,79.92500,62.75800,-6.85900,55.89900,4.16600,51.73300,51.73300,26.91400,95.75800,62.75800,218.89600,218.89600,0.12000,0.12000,0.63470,0.45700,0.84170,63.19950,27.79780,27.79780,24.75970,11.92120,0.06140,7.92720,11.35340,2.80320,3.07020,1.40770,1.52210,,0.62760,-0.13290
2012-12-31,,,,,,,,,,,,,,,,,,,0.00000,,,,,,,,,,,,,,,,,0,0
2012-09-30,234.73400,89.10700,145.62700,55.86000,,84.31500,61.31200,-6.23000,55.08200,14.16600,40.91600,40.91600,19.31100,61.31200,61.31200,,,,0.00000,,,,62.03920,26.11980,26.11980,23.46570,8.22680,,,,,,,,,0,0
2011-12-31,,,,,,,,,,,,,,,,,,,0.00000,,,,,,,,,,,,,,,,,0,0
