Date,revenue,cost-goods-sold,gross-profit,selling-general-administrative-expenses,other-operating-income-expenses,operating-expenses,operating-income,total-non-operating-income-expense,pre-tax-income,total-provision-income-taxes,income-after-taxes,income-from-continuous-operations,net-income,ebitda,ebit,basic-shares-outstanding,shares-outstanding,eps-basic-net-earnings-per-share,eps-earnings-per-share-diluted,current-ratio,long-term-debt-capital,debt-equity-ratio,gross-margin,operating-margin,ebit-margin,pre-tax-profit-margin,net-profit-margin,asset-turnover,inventory-turnover,receiveable-turnover,days-sales-in-receivables,roe,return-on-tangible-equity,roa,roi,book-value-per-share,operating-cash-flow-per-share,free-cash-flow-per-share
2023-12-31,1514.00000,1331.00000,183.00000,95.00000,-143.00000,374.00000,-191.00000,-16.00000,-203.00000,-50.00000,-153.00000,-153.00000,-153.00000,-55.00000,-191.00000,83.19900,83.19900,-1.85000,-1.73000,2.26380,0.02680,0.06910,12.08720,-12.61560,-12.61560,-13.40820,-10.10570,0.16080,1.56400,3.74750,24.01590,-2.11820,-3.37000,-1.62510,-2.06140,88.38610,1.1908,-0.7238
2023-09-30,1705.00000,1345.00000,360.00000,69.00000,26.00000,175.00000,185.00000,32.00000,215.00000,56.00000,159.00000,159.00000,159.00000,317.00000,185.00000,83.49900,83.79900,1.91000,1.81000,3.51280,0.06210,0.06620,21.11440,10.85040,10.85040,12.61000,9.32550,0.17430,1.64430,3.41680,26.34020,2.11040,3.25820,1.62510,1.97910,90.17900,4.2457,2.8805
2023-06-30,1608.00000,1424.00000,184.00000,90.00000,-154.00000,379.00000,-195.00000,19.00000,-177.00000,-46.00000,-131.00000,-131.00000,-131.00000,-60.00000,-195.00000,83.55600,83.55600,-1.57000,-1.57000,3.55450,0.06320,0.06740,11.44280,-12.12690,-12.12690,-11.00750,-8.14680,0.16550,1.57870,2.82600,31.84700,-1.76650,-2.76490,-1.34830,-1.65470,88.76680,3.2344,1.9612
2023-03-31,1627.00000,1479.00000,148.00000,78.00000,-16.00000,232.00000,-84.00000,21.00000,-63.00000,-21.00000,-42.00000,-42.00000,-42.00000,54.00000,-84.00000,83.55500,83.87400,-0.50000,-0.52000,3.66020,0.06190,0.06600,9.09650,-5.16290,-5.16290,-3.87220,-2.58140,0.16470,1.29510,2.63700,34.13030,-0.55460,-0.86070,-0.42520,-0.52030,90.63380,-2.36070,-3.54100
2022-12-31,1616.00000,1417.00000,199.00000,106.00000,-75.00000,329.00000,-130.00000,5.00000,-125.00000,-32.00000,-93.00000,-93.00000,-93.00000,18.00000,-130.00000,93.76000,94.17300,0.55000,0.52000,3.47100,0.06150,0.06550,12.31440,-8.04460,-8.04460,-7.73510,-5.75500,0.16200,1.37310,3.26460,27.56810,-1.22060,-1.89410,-0.93250,-1.14560,91.18550,-0.4299,-1.6951
2022-09-30,2088.00000,1631.00000,457.00000,89.00000,53.00000,176.00000,281.00000,15.00000,296.00000,80.00000,216.00000,216.00000,216.00000,421.00000,281.00000,86.31700,86.31700,2.50000,2.50000,3.36240,0.06020,0.06410,21.88700,13.45790,13.45790,14.17620,10.34480,0.20630,1.58200,3.78260,23.79310,2.77310,4.26120,2.13420,2.60620,91.51410,7.5841,5.5955
2022-06-30,2887.00000,1660.00000,1227.00000,86.00000,-16.00000,246.00000,981.00000,21.00000,1002.00000,240.00000,762.00000,762.00000,762.00000,1125.00000,981.00000,99.55100,99.93000,7.66000,7.59000,3.58720,0.05970,0.06350,42.50090,33.97990,33.97990,34.70730,26.39420,0.28460,1.52570,4.98620,18.04990,9.69960,14.92950,7.51110,9.12030,89.95150,10.9501,10.0194
2022-03-31,3110.00000,1397.00000,1713.00000,89.00000,-40.00000,286.00000,1427.00000,-7.00000,1420.00000,330.00000,1090.00000,1090.00000,1090.00000,1584.00000,1427.00000,105.23600,105.60200,10.35000,10.25000,3.55120,0.05510,0.05830,55.08040,45.88430,45.88430,45.65920,35.04820,0.27940,1.02720,3.84430,23.41160,12.73220,18.86470,9.79340,12.03090,82.83130,5.33130,4.45070
2021-12-31,2038.00000,1365.00000,673.00000,100.00000,30.00000,223.00000,450.00000,-12.00000,438.00000,104.00000,334.00000,334.00000,334.00000,603.00000,450.00000,109.02100,109.02100,3.55000,3.55000,2.66750,0.06120,0.06520,33.02260,22.08050,22.08050,21.49170,16.38860,0.19530,1.28650,3.70550,24.28850,4.36260,6.88940,3.20140,4.09560,72.27480,2.8322,-0.8583
2021-09-30,2358.00000,1433.00000,925.00000,82.00000,-66.00000,295.00000,630.00000,-6.00000,624.00000,164.00000,460.00000,460.00000,460.00000,777.00000,630.00000,109.65200,109.65200,4.20000,4.20000,2.85540,0.06290,0.06720,39.22820,26.71760,26.71760,26.46310,19.50810,0.23070,1.52770,4.24100,21.22140,6.19110,9.80390,4.50100,5.80150,69.38020,10.3941,9.3151
2021-06-30,3779.00000,1473.00000,2306.00000,85.00000,-73.00000,320.00000,1986.00000,-20.00000,1966.00000,478.00000,1488.00000,1488.00000,1488.00000,2148.00000,1986.00000,120.69600,121.31500,12.32000,12.32000,3.18270,0.05980,0.06370,61.02140,52.55360,52.55360,52.02440,39.37550,0.35280,1.52480,4.72970,19.02880,18.98200,29.53550,13.89230,17.84600,66.02600,14.5255,14.1185
2021-03-31,2343.00000,1220.00000,1123.00000,85.00000,-37.00000,244.00000,879.00000,-9.00000,870.00000,205.00000,665.00000,665.00000,665.00000,1001.00000,879.00000,95.67000,95.67000,6.96000,6.96000,2.23790,0.11260,0.18370,47.93000,37.51600,37.51600,37.13190,28.38240,0.23490,1.07300,3.45070,26.08200,10.05440,17.54160,6.66800,8.92260,54.35480,4.82910,4.18100
2020-12-31,1296.09600,825.00000,471.09590,20.00000,36.00000,74.00000,397.09590,-10.00000,385.00000,103.00000,282.00000,280.85900,280.85900,451.14400,397.09590,68.67700,69.02600,4.10000,4.10000,2.53030,0.16790,0.20460,35.35810,30.63790,30.63790,29.70460,21.66960,0.31020,1.42730,4.54770,19.79020,11.33410,18.53860,6.72230,9.43110,36.08090,3.9725,3.3443
2020-09-30,1268.00000,760.00000,508.00000,55.00000,-37.00000,142.00000,366.00000,-16.00000,350.00000,88.00000,262.00000,262.00000,262.00000,416.00000,366.00000,68.67400,68.97500,3.82000,3.82000,,,,40.06310,28.86440,28.86440,27.60250,20.66250,,,,,,,,,,6.7306,6.1258
2020-06-30,921.00000,748.00000,173.00000,35.00000,-30.00000,112.00000,61.00000,-12.00000,49.00000,14.00000,35.00000,35.00000,35.00000,108.00000,61.00000,68.67000,68.74700,0.51000,0.51000,,,,18.78390,6.62320,6.62320,5.32030,3.80020,,,,,,,,,,4.6247,4.0569
2020-03-31,890.00000,755.00000,135.00000,48.00000,-26.00000,126.00000,9.00000,-3.00000,6.00000,-3.00000,9.00000,9.00000,9.00000,61.00000,9.00000,68.66500,68.79700,0.13000,-0.09000,,,,15.16850,1.01120,1.01120,0.67420,1.01120,,,,,,,,,,-1.32270,-1.97680
