Date,revenue,cost-goods-sold,gross-profit,selling-general-administrative-expenses,other-operating-income-expenses,operating-expenses,operating-income,total-non-operating-income-expense,pre-tax-income,total-provision-income-taxes,income-after-taxes,income-from-continuous-operations,net-income,ebitda,ebit,basic-shares-outstanding,shares-outstanding,eps-basic-net-earnings-per-share,eps-earnings-per-share-diluted,current-ratio,long-term-debt-capital,debt-equity-ratio,gross-margin,operating-margin,ebit-margin,pre-tax-profit-margin,net-profit-margin,asset-turnover,receiveable-turnover,days-sales-in-receivables,roe,return-on-tangible-equity,roa,roi,book-value-per-share,operating-cash-flow-per-share,free-cash-flow-per-share
2024-03-31,145.78900,21.27100,124.51800,78.37000,,81.78000,42.73800,-4.24100,38.49700,9.75000,28.74700,28.74700,28.74700,46.66400,42.73800,29.34900,29.47800,0.98000,0.98000,2.16770,2.56020,-1.64090,85.40970,29.31500,29.31500,26.40600,19.71820,0.35360,10.68600,8.42220,-6.61800,-5.37540,6.97320,10.32540,-14.78990,1.51500,1.13650
2023-12-31,127.05700,19.68700,107.37000,73.90800,,77.55600,29.81400,-4.82400,24.99000,6.17600,18.81400,18.81400,18.81400,33.97500,29.81400,29.76900,29.85600,0.64000,0.64000,2.03290,2.79390,-1.55750,84.50540,23.46510,23.46510,19.66830,14.80750,0.33630,10.23990,8.78910,-4.11360,-3.37310,4.97960,7.37920,-15.58950,1.2643,0.8563
2023-09-30,117.10400,17.62200,99.48200,65.42800,-0.01800,68.83000,30.65200,-4.50100,26.15100,6.64000,19.51100,19.51100,19.51100,34.54500,30.65200,29.75000,29.81800,0.66000,0.65000,1.97300,3.01100,-1.49730,84.95180,26.17500,26.17500,22.33140,16.66130,0.33300,9.79870,9.18490,-4.10380,-3.40320,5.54800,8.25250,-16.16330,1.2123,0.8292
2023-06-30,107.17300,16.64200,90.53100,60.85700,,64.07500,26.45600,-4.19800,22.25800,6.07700,16.18100,16.18100,16.18100,30.18000,26.45600,29.97200,30.04900,0.54000,0.54000,4.05160,2.05570,-1.94720,84.47180,24.68530,24.68530,20.76830,15.09800,0.23750,9.97240,9.02490,-4.42890,-3.49310,3.58610,4.67580,-12.18730,0.4076,-0.0144
2023-03-31,108.72100,16.69500,92.02600,63.28800,-0.07700,66.35400,25.67200,-4.76100,20.91100,5.24200,15.66900,15.66900,15.66900,29.17600,25.67200,29.94700,30.03100,0.52000,0.52000,3.14460,2.16610,-1.87680,84.64420,23.61270,23.61270,19.23360,14.41210,0.24090,10.72520,8.39150,-4.12570,-3.29870,3.47200,4.81100,-12.67280,1.18870,1.04490
2022-12-31,104.86700,17.09800,87.76900,55.45100,-0.15800,58.89800,28.87100,-5.50200,23.36900,5.77300,17.59600,17.59600,17.59600,32.71200,28.87100,29.89300,29.96300,0.58000,0.59000,3.63190,2.23700,-1.82710,83.69560,27.53110,27.53110,22.28440,16.77940,0.24720,11.08410,8.11970,-4.50190,-3.62000,4.14810,5.56860,-13.05790,0.7705,0.6043
2022-09-30,92.67200,15.72400,76.94800,49.79200,-0.23900,52.86700,24.08100,-6.03200,18.04900,4.68100,13.36800,13.36800,13.36800,27.42500,24.08100,29.91500,29.96700,0.45000,0.45000,3.67800,2.34820,-1.75970,83.03260,25.98520,25.98520,19.47620,14.42510,0.22550,10.49630,8.57440,-3.28780,-2.68510,3.25230,4.43270,-13.59130,0.7889,0.5945
2022-06-30,83.77700,14.89900,68.87800,43.63400,-0.32300,46.50400,22.37400,-6.01200,16.36200,3.05500,13.30700,13.30700,13.30700,25.42700,22.37400,29.88200,29.91400,0.45000,0.44000,3.97760,2.41280,-1.72390,82.21590,26.70660,26.70660,19.53040,15.88380,0.21190,11.58100,7.77130,-3.20290,-2.63480,3.36580,4.52500,-13.88880,0.3055,0.1634
2022-03-31,76.20500,15.67400,60.53100,41.25300,-0.44400,43.92400,16.60700,-5.07100,11.53600,2.86000,8.67600,8.67600,8.67600,19.20700,16.60700,29.85100,29.97400,0.29000,0.29000,1.89200,2.47970,-1.68720,79.43180,21.79250,21.79250,15.13810,11.38510,0.15020,11.93500,7.54080,-2.04510,-1.68860,1.71020,3.02630,-14.19910,0.67950,0.51880
2021-12-31,72.02800,14.72400,57.30400,40.45200,-0.07000,43.08600,14.21800,-3.64100,10.57700,3.68100,6.89600,6.89600,6.89600,17.12700,14.21800,29.76900,29.94400,0.23000,0.22000,1.76780,2.93610,-1.51650,79.55800,19.73950,19.73950,14.68460,9.57410,0.28900,10.30000,8.73790,-2.22790,-1.72790,2.76720,4.31350,-10.37390,-0.1714,-0.5549
2021-09-30,65.78400,15.20600,50.57800,31.25200,3.56700,29.74600,20.83200,-3.70200,17.13000,5.84000,11.29000,11.29000,11.29000,23.23800,20.83200,29.79900,29.96300,0.38000,0.38000,1.49730,3.02730,-1.49330,76.88500,31.66730,31.66730,26.03980,17.16220,0.25260,10.86980,8.27980,-3.59400,-2.79660,4.33570,7.28610,-10.53220,0.7455,0.7103
2021-06-30,74.00000,14.20700,59.79300,39.36700,,40.89000,18.90300,-3.72400,15.17900,3.86700,11.31200,11.31200,11.31200,20.77900,18.90300,29.73900,29.87300,0.38000,0.38000,1.64020,3.19910,-1.45840,80.80140,25.54460,25.54460,20.51220,15.28650,0.31590,12.64090,7.11970,-3.51040,-2.76830,4.82870,7.71990,-10.83430,0.5962,0.415
2021-03-31,70.69000,13.27900,57.41100,35.81300,,37.60800,19.80300,-3.78200,16.02100,2.86100,13.16000,13.16000,13.16000,21.95600,19.80300,29.70600,29.84400,0.44000,0.44000,1.68430,3.46950,-1.41940,81.21520,28.01390,28.01390,22.66370,18.61650,0.32460,11.88070,7.57530,-3.96710,-3.14740,6.04300,9.79690,-11.15540,0.46200,0.36680
2020-12-31,63.28200,12.21600,51.06600,38.59800,-0.15600,40.98500,10.08100,-17.68300,-7.60200,-1.19200,-6.41000,-6.41000,-6.41000,12.65100,10.08100,29.60100,29.80400,-0.21000,-0.22000,1.43880,3.71690,-1.37860,80.69600,15.93030,15.93030,-12.01290,-10.12930,0.29910,12.83870,7.01010,1.87810,1.49870,-3.02980,-5.10260,-11.49700,0.6318,0.5539
2020-09-30,63.98800,11.80400,52.18400,36.78200,1.23300,37.88300,14.30100,-4.40500,9.89600,-0.18500,10.08100,10.08100,10.08100,17.04800,14.30100,29.64200,29.85400,0.34000,0.34000,1.43300,2.43720,-1.78300,81.55280,22.34950,22.34950,15.46540,15.75450,0.29130,11.89810,7.56420,-5.49260,-3.74030,4.58870,7.89410,-6.18320,0.7072,0.7556
2020-06-30,66.10500,13.38700,52.71800,33.79900,2.01600,33.18100,19.53700,-4.21400,15.32300,3.78400,11.53900,11.53900,11.53900,21.33900,19.53700,29.58800,29.79300,0.39000,0.39000,1.41780,2.63040,-1.69640,79.74890,29.55450,29.55450,23.17980,17.45560,0.32870,11.84680,7.59700,-5.98890,-4.18790,5.73750,9.76440,-6.51010,0.4404,0.481
2020-03-31,55.43600,11.17600,44.26000,29.23400,,30.78900,13.47100,-4.14500,9.32600,1.23000,8.09600,8.09600,8.09600,15.43700,13.47100,29.48700,29.74200,0.27000,0.27000,1.16690,2.88770,-1.60860,79.83980,24.30010,24.30010,16.82300,14.60420,0.29410,10.78520,8.34480,-3.98920,-2.83240,4.29460,7.53030,-6.86030,0.41930,0.36620
2019-12-31,53.18600,10.46300,42.72300,32.36400,,33.82900,8.89400,-4.18400,4.71000,1.66300,3.04700,3.04700,3.04700,10.76600,8.89400,29.41500,29.67000,0.10000,0.10000,0.91680,3.13180,-1.48440,80.32750,16.72240,16.72240,8.85570,5.72900,0.32020,10.27750,8.75700,-1.45490,-1.04240,1.83430,3.10160,-7.10960,0.3378,0.2898
2019-09-30,49.87500,10.33900,39.53600,26.17900,,27.58700,11.94900,-4.24300,7.70600,1.80100,5.90500,5.90500,5.90500,13.76100,11.94900,29.44900,29.69600,0.20000,0.20000,0.87000,3.19240,-1.49490,79.27020,23.95790,23.95790,15.45060,11.83960,0.29680,8.51250,10.57260,-2.79100,-2.00550,3.51350,6.11880,-7.18350,0.609,-0.0523
2019-06-30,48.56200,10.57300,37.98900,26.36700,,27.70200,10.28700,-4.29900,5.98800,1.07000,4.91800,4.91800,4.91800,12.02100,10.28700,29.41800,29.66700,0.17000,0.17000,1.40040,3.34820,-1.44070,78.22780,21.18320,21.18320,12.33060,10.12730,0.32370,8.75310,10.28210,-2.27300,-1.64630,3.27810,5.33740,-7.34870,0.0297,0.0028
2019-03-31,48.05300,9.73000,38.32300,25.27600,,26.55200,11.77100,-4.41000,7.36100,0.75500,6.60600,6.60600,6.60600,13.42300,11.77100,29.33700,29.63700,0.23000,0.22000,1.18590,3.49260,-1.41570,79.75150,24.49590,24.49590,15.31850,13.74730,0.31730,9.77080,9.21110,-2.99620,-2.18140,4.36180,7.46840,-7.49950,0.32390,0.30220
2018-12-31,40.50900,8.88100,31.62800,21.79900,,22.94900,8.67900,-4.97700,3.70200,1.28300,2.41900,2.41900,2.41900,10.07000,8.67900,29.23100,29.58700,0.09000,0.08000,1.12930,3.65930,-1.38670,78.07650,21.42490,21.42490,9.13870,5.97150,0.28990,7.02790,12.80600,-1.07590,-0.78750,1.73100,2.86120,-7.67420,0.2753,0.2381
2018-09-30,38.24600,8.04000,30.20600,18.71600,,19.85000,10.35600,-2.54500,7.81100,1.51800,6.29300,6.29300,6.29300,11.58000,10.35600,29.28400,29.58400,0.21000,0.21000,0.75560,2.82060,-1.57680,78.97820,27.07730,27.07730,20.42310,16.45400,0.29920,9.76160,9.21980,-4.61840,-2.87860,4.92270,8.40850,-4.65110,0.4409,0.3879
2018-06-30,37.03700,7.74500,29.29200,18.28700,,19.36600,9.92600,-2.34200,7.58400,0.74500,6.83900,6.83900,6.83900,11.09500,9.92600,29.23000,29.52800,0.23000,0.23000,0.68360,2.90460,-1.56060,79.08850,26.80020,26.80020,20.47680,18.46530,0.29850,8.25980,10.89610,-4.86080,-3.06610,5.51210,9.25790,-4.80650,0.2737,0.2437
2018-03-31,37.38900,7.39700,29.99200,19.47600,,20.42600,9.56600,-1.73600,7.83000,1.66200,6.16800,6.16800,6.16800,10.60100,9.56600,29.11600,29.50300,0.21000,0.21000,0.73340,3.05550,-1.52060,80.21610,25.58510,25.58510,20.94200,16.49680,0.30980,9.68630,9.29150,-4.21000,-2.71600,5.11100,8.65340,-5.02500,0.32050,0.30610
2017-12-31,35.20800,7.45500,27.75300,18.31800,,19.28700,8.46600,-1.22300,7.24300,-0.82900,8.07200,8.07200,8.07200,9.50800,8.46600,29.02500,29.42400,0.27000,0.28000,0.83180,1.81790,-2.28250,78.82580,24.04570,24.04570,20.57200,22.92660,0.29380,7.70920,11.67430,-13.81770,-5.86310,6.73590,11.30170,-2.00800,0.2563,0.2325
2017-09-30,33.12300,7.82300,25.30000,15.72300,,16.60400,8.69600,-1.30200,7.39400,2.69000,4.70400,4.70400,4.70400,9.65000,8.69600,29.08100,29.38400,0.16000,0.16000,0.88950,1.72990,-2.43060,76.38200,26.25370,26.25370,22.32290,14.20160,0.27350,7.13700,12.61030,-8.15620,-3.43530,3.88360,5.95360,-1.98230,0.3167,0.2985
2017-06-30,31.57800,6.86700,24.71100,15.75400,,16.52500,8.18600,-1.30700,6.87900,1.97200,4.90700,4.90700,4.90700,9.03000,8.18600,29.03200,29.39400,0.17000,0.17000,0.89520,1.80250,-2.30330,78.25390,25.92310,25.92310,21.78420,15.53930,0.27560,8.27080,10.88160,-8.01400,-3.52870,4.28260,6.43130,-2.10620,0.1084,0.0785
2017-03-31,33.41000,6.60000,26.81000,17.53000,,18.28500,8.52500,-1.29900,7.22600,0.96900,6.25700,6.25700,6.25700,9.35300,8.52500,28.89500,29.33600,0.22000,0.21000,0.78580,1.90760,-2.15390,80.24540,25.51630,25.51630,21.62830,18.72790,0.29530,10.25160,8.77910,-9.30260,-4.31250,5.52960,8.44260,-2.32120,0.25100,0.23670
2016-12-31,36.71700,6.95600,29.76100,23.28100,,24.10200,5.65900,-1.53800,4.12100,1.47400,2.64700,2.64700,2.64700,6.56000,5.65900,28.63700,28.98300,0.09000,0.09000,0.66440,2.02810,-2.01960,81.05510,15.41250,15.41250,11.22370,7.20920,0.32840,11.47770,7.84130,-3.54690,-1.73620,2.36760,3.64660,-2.59600,0.2001,0.1799
2016-09-30,21.81000,6.09100,15.71900,8.89300,,9.63900,6.08000,-1.60600,4.47400,1.72100,2.75300,2.75300,2.75300,7.11400,6.08000,28.72500,29.01400,0.10000,0.09000,0.71690,2.08060,-1.96920,72.07250,27.87710,27.87710,20.51350,12.62270,0.19410,8.62400,10.43600,-3.44340,-1.74490,2.45060,3.72110,-2.78270,0.2094,0.1923
2016-06-30,22.72300,6.18400,16.53900,8.57200,,9.29900,7.24000,-0.71700,6.52300,2.44400,4.07900,4.07900,4.07900,7.99800,7.24000,28.64600,28.98900,0.14000,0.14000,1.70120,1.00120,-859.28280,72.78530,31.86200,31.86200,28.70660,17.95100,0.19460,8.80400,10.22270,-4120.24200,-5.23440,3.49360,4.80050,-0.00350,0.0737,0.0507
2016-03-31,22.07400,6.07700,15.99700,7.65500,,8.36900,7.62800,-0.78900,6.83900,2.54900,4.29000,4.29000,4.29000,8.38000,7.62800,28.58600,28.96700,0.15000,0.15000,1.13980,1.05950,-17.81360,72.46990,34.55650,34.55650,30.98220,19.43460,0.18930,8.63620,10.42130,-89.86170,-5.19360,3.67900,5.34460,-0.16670,0.27170,0.26110
2015-12-31,20.57700,5.63900,14.93800,7.69200,,8.43000,6.50800,-0.72700,5.78100,1.98600,3.79500,3.79500,3.79500,7.27700,6.50800,27.49700,27.81600,0.14000,0.13000,1.56090,1.11340,-9.82200,72.59560,31.62750,31.62760,28.09450,18.44290,0.17060,6.04490,14.88850,-39.23290,-4.33710,3.14550,4.44720,-0.33840,0.2255,0.2026
2015-09-30,19.13400,5.32800,13.80600,7.31700,,7.95300,5.85300,-0.89600,4.95700,1.78400,3.17300,3.17300,3.17300,6.52100,5.85300,28.58100,28.89100,0.11000,0.11000,1.30110,1.17620,-6.67650,72.15430,30.58950,30.58950,25.90680,16.58310,0.16330,7.95920,11.30760,-22.18260,-3.44400,2.70770,3.90780,-0.50050,0.2408,0.2071
2015-06-30,19.23200,5.51600,13.71600,10.66500,,11.31000,2.40600,-1.43400,0.97200,0.38800,0.58400,0.58400,0.58400,3.26900,2.40600,26.68900,26.97000,0.02000,0.02000,1.58980,1.21010,-5.76030,71.31860,12.51040,12.51040,5.05410,3.03660,0.16380,7.46290,12.05960,-3.34730,-0.61300,0.49750,0.70320,-0.61040,-0.0627,-0.0713
2015-03-31,19.02600,5.73600,13.29000,7.67600,,8.33900,4.95100,-0.81600,4.13500,1.58100,2.55400,2.55400,2.55400,5.66300,4.95100,26.29000,26.60700,0.10000,0.10000,0.72770,1.73550,-2.45150,69.85180,26.02230,26.02230,21.73340,13.42370,0.16680,9.15590,9.82970,-4.72540,-1.93670,2.23900,3.47560,-2.06610,0.09470,0.09100
2014-12-31,18.05700,5.32000,12.73700,8.85000,,9.53000,3.20700,-0.85000,2.39000,0.90000,1.49000,1.50100,1.50100,3.91300,3.20700,26.01800,26.43100,0.06000,0.06000,1.01680,1.11260,-10.42040,70.60970,17.76040,17.76040,13.23590,8.31260,0.15200,7.58700,11.86240,-16.68890,-1.72880,1.26320,1.87960,-0.34460,0.1432,0.1229
2014-09-30,16.41700,4.88200,11.53500,6.83300,,7.52300,4.01200,-0.84100,3.17100,1.17800,1.99300,1.99300,1.99300,4.75100,4.01200,25.93400,26.21500,0.08000,0.08000,,,,70.26250,24.43810,24.43810,19.31530,12.13990,,,,,,,,,0.1211,0.109
2014-06-30,16.30100,4.96800,11.33300,5.56200,,6.28900,5.04400,-1.05200,3.99200,1.48400,2.50800,2.50800,2.50800,5.81800,5.04400,25.80900,26.11700,0.10000,0.10000,,,,69.52330,30.94290,30.94290,24.48930,15.38560,,,,,,,,,0.0582,0.0499
2014-03-31,16.67400,5.31100,11.36300,4.76100,,5.57600,5.78700,-1.03900,4.74800,1.76400,2.98400,2.98400,2.98400,6.64800,5.78700,25.62100,26.05300,0.12000,0.11000,,,,68.14800,34.70670,34.70670,28.47550,17.89610,,,,,,,,,0.22120,0.24830
2013-12-31,,,,,,,,,,,,,,,,,,,0.00000,,,,,,,,,,,,,,,,,0,0
2012-12-31,,,,,,,,,,,,,,,,,,,0.00000,,,,,,,,,,,,,,,,,0,0
