Date,revenue,cost-goods-sold,gross-profit,selling-general-administrative-expenses,operating-expenses,operating-income,total-non-operating-income-expense,pre-tax-income,total-provision-income-taxes,income-after-taxes,income-from-continuous-operations,net-income,ebitda,ebit,basic-shares-outstanding,shares-outstanding,eps-basic-net-earnings-per-share,eps-earnings-per-share-diluted,current-ratio,long-term-debt-capital,debt-equity-ratio,gross-margin,operating-margin,ebit-margin,pre-tax-profit-margin,net-profit-margin,asset-turnover,inventory-turnover,receiveable-turnover,days-sales-in-receivables,roe,return-on-tangible-equity,roa,roi,book-value-per-share,operating-cash-flow-per-share,free-cash-flow-per-share
2023-12-31,633.77900,497.37100,136.40800,56.85500,56.85500,79.55300,7.42500,86.97800,20.85500,66.12300,66.12300,66.12300,,79.55300,15.69200,16.11400,4.21000,4.10000,,,,,,,,,,,,,,,,,,,
2023-09-30,636.99100,488.74900,148.24200,50.27900,50.27900,97.96300,8.60100,106.56400,24.51200,82.05200,82.05200,82.05200,106.07400,97.96300,16.63800,17.00700,4.93000,4.82000,7.83410,,,23.27220,15.37900,15.37900,16.72930,12.88120,0.32190,3.07410,1.23680,72.77050,4.65760,4.65760,4.14620,4.65760,109.61250,5.0464,2.3631
2023-06-30,636.46000,470.31200,166.14800,38.67100,38.67100,127.47700,8.06700,135.54400,30.80300,104.74100,104.74100,104.74100,135.56500,127.47700,17.09300,17.43100,6.13000,6.01000,8.22860,,,26.10500,20.02910,20.02910,21.29660,16.45680,0.31620,2.88150,1.30190,69.13170,5.82900,5.82900,5.20380,5.82900,107.10450,8.3518,5.7938
2023-03-31,660.49200,455.40700,205.08500,58.70400,58.70400,146.38100,9.17400,155.55500,36.07200,119.48300,119.48300,119.48300,154.07300,146.38100,18.09900,18.36900,6.60000,6.50000,10.47910,,,31.05030,22.16240,22.16240,23.55140,18.09000,0.33080,2.61910,1.37650,65.38280,6.58710,6.58710,5.98430,6.58710,103.41530,6.91040,5.18100
2022-12-31,693.88490,445.43000,248.45490,55.51000,55.50990,192.94490,5.99800,198.94300,44.94400,153.99890,153.99890,153.99900,200.14200,192.94490,19.15900,19.44600,8.44000,8.27000,9.72270,,,35.80640,27.80650,27.80650,28.67090,22.19370,0.34370,2.90780,1.35020,66.65580,8.46770,8.46770,7.62850,8.46770,100.25720,11.1925,9.0467
2022-09-30,762.36300,462.91600,299.44700,55.29100,55.29100,244.15600,3.08700,247.24300,55.47000,191.77300,191.77300,191.77300,250.67000,244.15600,18.96800,19.24300,10.11000,9.97000,8.53940,,,39.27880,32.02620,32.02620,32.43110,25.15510,0.40490,3.39910,1.34960,66.68580,11.38310,11.38310,10.18420,11.38310,92.05100,12.1161,10.4593
2022-06-30,838.23500,517.46300,320.77200,50.40500,50.40500,270.36690,0.64700,271.01400,60.47600,210.53800,210.53800,210.53800,276.67790,270.36690,19.41900,19.66600,10.84000,10.71000,8.31430,,,38.26760,32.25430,32.25430,32.33150,25.11680,0.47390,4.26180,1.38290,65.07950,13.29240,13.29240,11.90300,13.29240,83.00910,6.319,4.0676
2022-03-31,723.07200,479.32500,243.74700,36.21200,36.21200,207.53500,0.11500,207.65000,46.11900,161.53100,161.53100,161.53100,213.74500,207.53500,20.00300,20.30200,8.08000,7.96000,6.19980,,,33.70990,28.70190,28.70190,28.71780,22.33950,0.43550,4.12040,1.31610,68.38370,11.18680,11.18680,9.72950,11.18680,73.35960,5.79780,4.22300
2021-12-31,687.85290,452.71900,235.13390,52.43500,52.43500,182.69890,0.07900,182.77800,41.13600,141.64200,141.64200,141.64200,188.83290,182.69890,20.43900,20.64900,7.00000,6.90000,6.71670,,,34.18380,26.56080,26.56080,26.57220,20.59190,0.44940,4.49050,1.39790,64.38430,10.57750,10.57750,9.25440,10.57750,66.49230,9.0693,7.4716
2021-09-30,716.32000,445.55400,270.76600,43.81600,43.81600,226.95000,0.05200,227.00200,51.46400,175.53800,175.53800,175.53800,233.12700,226.95000,20.42100,20.62900,8.60000,8.51000,6.09030,,,37.79960,31.68280,31.68280,31.69000,24.50550,0.51410,4.91090,1.33600,67.36660,14.54480,14.54480,12.59800,14.54480,59.75220,9.5402,8.2397
2021-06-30,744.40800,467.06600,277.34200,41.14000,41.14000,236.20200,0.03800,236.24000,53.18700,183.05300,183.05300,183.05300,241.87900,236.20200,20.58100,20.76300,8.89000,8.82000,4.62310,,,37.25670,31.73020,31.73020,31.73530,24.59040,0.58390,5.31240,1.29640,69.42050,17.21030,17.21030,14.35820,17.21030,51.66490,1.6947,0.15
2021-03-31,444.14000,359.63600,84.50400,31.15200,31.15200,53.35200,0.02500,53.37700,12.18800,41.18900,41.18900,41.18900,58.65200,53.35200,20.56800,20.71900,2.00000,1.99000,5.05820,,,19.02640,12.01240,12.01240,12.01810,9.27390,0.43110,3.98080,1.27370,70.66200,4.68380,4.68380,3.99820,4.68380,42.74730,-0.04080,-1.32000
2020-12-31,380.82300,322.01900,58.80400,27.61300,27.61300,31.19100,0.07900,31.27000,7.16900,24.10100,24.10100,24.10100,36.33600,31.19100,20.59900,20.65300,1.18000,1.17000,5.93140,,,15.44130,8.19040,8.19040,8.21120,6.32870,0.39400,3.48800,1.37460,65.47220,2.87690,2.87690,2.49380,2.87690,40.75150,0.136,-1.626
2020-09-30,339.70000,286.24100,53.45900,26.35000,26.35000,27.10900,0.03900,27.14800,6.13600,21.01200,21.01200,21.01200,32.10200,27.10900,20.54800,20.60200,1.02000,1.02000,5.87790,,,15.73710,7.98030,7.98030,7.99180,6.18550,0.36080,3.28370,1.32070,68.14510,2.58240,2.58240,2.23170,2.58240,39.58020,-0.2891,-1.6277
2020-06-30,253.63100,217.13200,36.49900,20.75500,20.75500,15.74400,0.26700,16.01100,3.66400,12.34700,12.34700,12.34700,20.49400,15.74400,20.49600,20.53700,0.60000,0.60000,8.91650,,,14.39060,6.20740,6.20740,6.31270,4.86810,0.28690,2.47080,1.32050,68.15420,1.55870,1.55870,1.39660,1.55870,38.57000,2.5035,2.0225
2020-03-31,302.79400,257.02100,45.77300,22.29000,22.29000,23.48300,0.88400,24.36700,5.76000,18.60700,18.60700,18.60700,28.05400,23.48300,20.79200,20.85100,0.89000,0.89000,9.11450,,,15.11690,7.75540,7.75540,8.04740,6.14510,0.34950,2.83790,1.34830,66.74900,2.39420,2.39420,2.14780,2.39420,37.94790,0.43190,-0.15010
2019-12-31,302.25200,266.50490,35.74710,22.92500,22.92500,12.82210,1.00500,13.82700,3.29200,10.53500,10.53500,10.53500,17.27510,12.82210,20.90400,20.99000,0.51000,0.50000,7.29440,,,11.82690,4.24220,4.24220,4.57470,3.48550,0.34220,2.97160,1.33330,67.50330,1.35220,1.35220,1.19290,1.35220,37.25590,1.8427,1.3077
2019-09-30,321.16900,278.18100,42.98800,22.67200,22.67200,20.31600,1.03300,21.34900,4.94800,16.40100,16.40100,16.40100,24.78500,20.31600,20.91200,20.99100,0.78000,0.78000,7.45120,,,13.38490,6.32560,6.32560,6.64730,5.10670,0.36910,3.08250,1.29510,69.49050,2.13370,2.13370,1.88460,2.13370,36.67010,1.8861,0.9315
2019-06-30,336.86600,290.95600,45.91000,23.84600,23.84600,22.06400,1.08200,23.14600,5.36400,17.78200,17.78200,17.78200,26.50500,22.06400,20.89800,20.98800,0.85000,0.85000,7.11240,,,13.62860,6.54980,6.54980,6.87100,5.27870,0.39440,3.02960,1.29950,69.25810,2.36260,2.36260,2.08180,2.36260,36.00130,0.7834,0.3387
2019-03-31,314.70700,273.38100,41.32600,24.99900,24.99900,16.32700,1.07900,17.40600,3.99500,13.41100,13.41100,13.41100,20.67100,16.32700,20.88400,20.98300,0.64000,0.64000,8.86780,,,13.13160,5.18800,5.18800,5.53090,4.26140,0.38520,2.69100,1.35960,66.19590,1.82550,1.82550,1.64160,1.82550,35.16030,0.54360,-0.02120
2018-12-31,319.72700,266.50110,53.22590,21.61300,21.61300,31.61290,0.84200,32.45500,7.42500,25.03000,25.03000,25.03000,35.80490,31.61290,20.84500,20.91000,1.20000,1.21000,7.05750,,,16.64730,9.88750,9.88750,10.15090,7.82860,0.39080,2.60340,1.35050,66.64060,3.47420,3.47420,3.05970,3.47420,34.50630,2.3182,2.0839
2018-09-30,340.73200,286.22700,54.50500,24.21400,24.21400,30.29100,0.59600,30.88700,7.20900,23.67800,23.67800,23.67800,34.39900,30.29100,20.85300,20.91900,1.14000,1.13000,6.16630,,,15.99640,8.89000,8.89000,9.06490,6.94920,0.42640,2.98130,1.25920,71.47320,3.40740,3.40740,2.96330,3.40740,33.32060,1.8705,1.5665
2018-06-30,336.79300,292.29600,44.49700,21.49800,21.49800,22.99900,0.39300,23.39200,5.30300,18.08900,18.08900,18.08900,27.10300,22.99900,20.84700,20.91800,0.87000,0.86000,7.48370,,,13.21200,6.82880,6.82880,6.94550,5.37100,0.44630,3.01750,1.29470,69.51630,2.69450,2.69450,2.39680,2.69450,32.19960,0.094,-0.2574
2018-03-31,291.43100,253.93700,37.49400,22.88700,22.88700,14.60700,0.34300,14.95000,3.59700,11.35300,11.35300,11.35300,18.71600,14.60700,20.83500,20.91100,0.54000,0.54000,6.56590,,,12.86550,5.01220,5.01220,5.12990,3.89560,0.39230,2.68720,1.17290,76.73150,1.73800,1.73800,1.52830,1.73800,31.33930,-0.38070,-0.73760
2017-12-31,301.29200,259.28100,42.01100,19.52800,19.52800,22.48310,0.24300,22.72600,-5.76200,28.48800,28.48800,28.48800,26.55410,22.48310,20.76700,20.84700,1.37000,1.37000,6.24010,,,13.94360,7.46220,7.46220,7.54280,9.45530,0.41050,2.80710,1.31630,68.37100,4.44190,4.44190,3.88130,4.44190,30.78650,1.2977,1.0382
2017-09-30,292.03000,252.94300,39.08700,19.14200,19.14200,19.94500,0.14800,20.09300,6.12900,13.96400,13.96400,13.96400,23.91000,19.94500,20.75800,20.83700,0.67000,0.67000,6.82130,,,13.38460,6.82980,6.82980,6.88050,4.78170,0.41230,2.65090,1.30980,68.71070,2.27930,2.27930,1.97130,2.27930,29.43560,0.9718,0.7268
2017-06-30,291.53400,255.66200,35.87200,19.31900,19.31900,16.55300,0.02000,16.57300,5.64000,10.93300,10.93300,10.93300,20.40300,16.55300,20.75100,20.83500,0.53000,0.52000,6.53970,,,12.30460,5.67790,5.67790,5.68480,3.75020,0.41930,2.67830,1.29760,69.36080,1.82840,1.82840,1.57240,1.82840,28.80690,0.247,-0.0187
2017-03-31,279.39200,240.18700,39.20500,18.73700,18.73700,20.46800,0.01600,20.48400,6.85200,13.63200,13.63200,13.63200,24.26600,20.46800,20.73800,20.83400,0.66000,0.65000,6.71580,,,14.03230,7.32590,7.32590,7.33160,4.87920,0.41140,2.51140,1.31990,68.18450,2.32230,2.32230,2.00730,2.32230,28.29040,-0.21340,-0.43570
2016-12-31,239.24690,205.72200,33.52500,16.59500,16.59500,16.93000,0.01500,16.94500,5.54300,11.40200,11.40200,11.40200,20.73300,16.93000,20.70400,20.77300,0.54000,0.55000,7.39720,,,14.01270,7.07630,7.07640,7.08260,4.76580,0.36360,2.20560,1.29410,69.54670,1.98950,1.98950,1.73290,1.98950,27.63970,0.9146,0.7692
2016-09-30,237.16800,209.35000,27.81800,18.72100,18.72100,9.09700,0.00900,9.10600,3.10700,5.99900,5.99900,5.99900,13.17500,9.09700,20.70400,20.77500,0.29000,0.29000,7.01230,,,11.72920,3.83570,3.83570,3.83950,2.52940,0.36800,2.21730,1.27730,70.46030,1.06810,1.06810,0.93080,1.06810,27.10260,0.7437,-0.0778
2016-06-30,238.83100,210.20000,28.63100,16.72600,16.72600,11.90500,0.02100,11.92600,4.08700,7.83900,7.83900,7.83900,15.98900,11.90500,20.69400,20.76500,0.38000,0.38000,6.64380,,,11.98800,4.98470,4.98470,4.99350,3.28220,0.37550,2.19910,1.31390,68.49850,1.41260,1.41260,1.23240,1.41260,26.81440,0.7588,0.1411
2016-03-31,225.54400,195.40100,30.14300,17.30900,17.30900,12.83400,0.00300,12.83700,4.23800,8.59900,8.59900,8.59900,17.68000,12.83400,20.68800,20.74700,0.42000,0.41000,7.71380,,,13.36460,5.69020,5.69020,5.69160,3.81260,0.36390,1.98430,1.27010,70.85910,1.57120,1.57120,1.38730,1.57120,26.44700,0.40190,-0.01520
2015-12-31,250.85700,217.80500,33.05190,16.54200,16.54200,16.51000,0.02100,16.53100,5.57900,10.95200,10.95200,10.95200,20.60100,16.51000,20.71300,20.78700,0.53000,0.53000,6.82410,,,13.17560,6.58140,6.58140,6.58980,4.36580,0.39940,2.28660,1.29700,69.38940,2.03330,2.03330,1.74360,2.03330,26.03630,1.3545,0.9408
2015-09-30,262.75600,224.42100,38.33500,16.06300,16.06300,22.27200,0.01800,22.29000,7.77900,14.51100,14.51100,14.51100,26.39600,22.27200,20.71600,20.77400,0.70000,0.70000,6.19540,,,14.58960,8.47630,8.47630,8.48320,5.52260,0.43550,2.29390,1.36850,65.76610,2.75480,2.75480,2.40520,2.75480,25.50220,1.3881,0.7904
2015-06-30,253.74700,220.84200,32.90500,15.85700,15.85700,17.04800,0.01600,17.06400,5.71100,11.35300,11.35300,11.35300,20.99900,17.04800,20.73700,20.83600,0.55000,0.54000,6.74900,,,12.96760,6.71850,6.71850,6.72480,4.47410,0.43370,2.38590,1.26680,71.04530,2.20320,2.20320,1.94030,2.20320,24.84130,0.212,-0.363
2015-03-31,250.26200,217.83200,32.43000,16.03100,16.03100,16.39900,0.10000,16.49900,5.71000,10.78900,10.78900,10.78900,20.29600,16.39900,20.72500,20.78200,0.52000,0.52000,6.88510,,,12.95840,6.55270,6.55270,6.59270,4.31110,0.43710,2.55210,1.27250,70.72820,2.14120,2.14120,1.88450,2.14120,24.30820,0.44980,-0.05490
2014-12-31,285.34200,260.12590,25.21600,17.74800,17.74810,7.46800,0.02400,7.49200,2.44000,5.05200,5.05200,5.05200,11.29000,7.46800,20.71400,20.82100,0.25000,0.24000,5.81950,,,8.83710,2.61720,2.61720,2.62560,1.77050,0.49820,3.32430,1.36620,65.87640,1.02440,1.02440,0.88210,1.02440,23.80020,1.6247,0.777
2014-09-30,297.35100,263.27800,34.07300,17.44200,17.44200,16.63100,0.01300,16.64400,5.58100,11.06300,11.06300,11.06300,20.44900,16.63100,20.71800,20.81900,0.53000,0.53000,6.30100,,,11.45890,5.59310,5.59310,5.59740,3.72050,0.52690,3.27160,1.29180,69.66920,2.26530,2.26530,1.96030,2.26530,23.56980,1.5632,0.9649
2014-06-30,307.08800,273.57600,33.51200,18.23500,18.23500,15.27700,0.00300,15.28000,5.12600,10.15400,10.15400,10.15400,19.19500,15.27700,20.71500,20.83500,0.49000,0.49000,7.58750,,,10.91280,4.97480,4.97480,4.97580,3.30650,0.56590,3.41190,1.28690,69.93430,2.12640,2.12640,1.87110,2.12640,23.04890,-0.4673,-0.8359
2014-03-31,277.19800,245.02200,32.17600,15.45100,15.45100,16.72500,0.01600,16.74100,5.88700,10.85400,10.85400,10.85400,20.62000,16.72500,20.70300,20.83900,0.52000,0.52000,7.28630,,,11.60760,6.03360,6.03360,6.03940,3.91560,0.51870,3.24000,1.24910,72.05250,2.32160,2.32160,2.03090,2.32160,22.57080,0.31110,0.00280
2013-12-31,293.51400,260.79800,32.71600,15.96700,15.96700,16.74890,0.01900,16.76800,5.55700,11.21100,11.21100,11.21100,20.58990,16.74890,20.67600,20.76400,0.54000,0.54000,6.88810,,,11.14630,5.70630,5.70630,5.71280,3.81960,0.55820,3.68460,1.36050,66.15190,2.45540,2.45540,2.13210,2.45540,22.06030,1.1918,0.9987
2013-09-30,309.92700,272.02300,37.90400,17.12600,17.12600,20.77800,0.01000,20.78800,6.98600,13.80200,13.80200,13.80200,24.67300,20.77800,20.68000,20.76800,0.67000,0.66000,5.47270,,,12.23000,6.70420,6.70420,6.70740,4.45330,0.58960,3.74620,1.30810,68.80320,3.09880,3.09880,2.62550,3.09880,21.53120,1.0971,0.7261
2013-06-30,289.46000,249.30900,40.15100,16.21300,16.21300,23.93800,0.01800,23.95600,8.45400,15.50200,15.50200,15.50200,27.63800,23.93800,20.66900,20.73800,0.75000,0.75000,6.36650,,,13.87100,8.26990,8.26990,8.27610,5.35550,0.58120,3.86510,1.22560,73.43150,3.59150,3.59150,3.11240,3.59150,20.87890,-0.1008,-1.5052
2013-03-31,265.35100,241.05000,24.30100,15.14700,15.14700,9.15400,0.01700,9.17100,2.77600,6.39500,6.39500,6.39500,12.50600,9.15400,20.66400,20.73300,0.31000,0.31000,7.72950,,,9.15810,3.44980,3.44980,3.45620,2.41000,0.56150,4.43370,1.24500,72.29140,1.53600,1.53600,1.35320,1.53600,20.14520,0.08590,-0.03890
2012-12-31,258.00010,235.66100,22.33910,14.85100,14.85090,7.48810,-0.00200,7.48600,2.26600,5.22000,5.22000,5.22000,10.93410,7.48810,21.68000,21.73200,0.24000,0.24000,6.76520,,,8.65850,2.90240,2.90240,2.90150,2.02330,0.54610,3.70210,1.30320,69.06280,1.27270,1.27270,1.10480,1.27270,19.85020,1.0675,0.8072
2012-09-30,269.15200,245.01600,24.13600,15.72600,15.72600,8.41000,0.00400,8.41400,2.88700,5.52700,5.52700,5.52700,12.00800,8.41000,20.65700,20.71200,0.27000,0.27000,6.06540,,,8.96740,3.12460,3.12460,3.12610,2.05350,0.56560,3.65430,1.29680,69.39930,1.36420,1.36420,1.16140,1.36420,19.61020,-0.9083,-1.4112
2012-06-30,264.73000,245.33900,19.39100,15.32700,15.32700,4.06400,0.00800,4.07200,1.70200,2.37000,2.37000,2.37000,7.69100,4.06400,21.99700,22.03700,0.11000,0.11000,6.19490,,,7.32480,1.53510,1.53510,1.53820,0.89530,0.56700,4.67270,1.28170,70.22060,0.59280,0.59280,0.50760,0.59280,19.35540,2.0267,1.3242
2012-03-31,280.46600,256.00500,24.46100,15.07700,15.07700,9.38400,0.02000,9.40400,2.71000,6.69400,6.69400,6.69400,12.99300,9.38400,23.42700,23.47700,0.29000,0.29000,9.02170,,,8.72160,3.34590,3.34590,3.35300,2.38670,0.53670,4.46150,1.23110,73.10550,1.44170,1.44170,1.28100,1.44170,19.81830,-0.80270,-1.19070
2011-12-31,248.29800,209.66900,38.62900,13.92200,13.92200,24.70700,-0.00100,24.70600,8.41100,16.29500,16.29500,16.29500,28.20200,24.70700,23.30000,23.41000,0.69000,0.69000,8.85730,,,15.55750,9.95050,9.95050,9.95010,6.56270,0.48110,3.30230,1.24540,72.26370,3.55990,3.55990,3.15710,3.55990,19.54000,4.4523,4.1651
2011-09-30,319.35600,281.51700,37.83900,16.42300,16.42300,21.41600,-0.08800,21.32800,7.60700,13.72100,13.72100,13.72100,24.78200,21.41600,23.29200,23.39900,0.59000,0.59000,8.47610,,,11.84850,6.70600,6.70600,6.67840,4.29650,0.64070,3.66720,1.20840,74.48090,3.10630,3.10630,2.75280,3.10630,18.86130,-1.1717,-1.3727
2011-06-30,309.46900,278.83700,30.63200,16.08300,16.08300,14.54900,,14.54900,5.08800,9.46100,9.46100,9.46100,17.99100,14.54900,23.26400,23.40500,0.41000,0.40000,6.86130,,,9.89820,4.70130,4.70130,4.70130,3.05720,0.62970,5.05550,1.24920,72.04360,2.21350,2.21350,1.92500,2.21350,18.35030,-1.0777,-1.2173
2011-03-31,303.35100,269.59600,33.75500,18.14900,18.14900,15.60600,0.00600,15.61200,4.95800,10.65400,10.65400,10.65400,19.03100,15.60600,23.21700,23.37800,0.46000,0.46000,5.07040,,,11.12740,5.14450,5.14450,5.14650,3.51210,0.60430,5.61960,1.29170,69.67700,2.55040,2.55040,2.12230,2.55040,17.98990,-1.08500,-1.18110
2010-12-31,256.14790,234.02290,22.12500,15.51400,15.51410,6.61100,-0.04800,6.56300,2.03400,4.52900,4.52900,4.52900,10.04200,6.61100,23.18400,23.34200,0.20000,0.20000,5.88270,,,8.63760,2.58090,2.58090,2.56220,1.76810,0.53670,5.55820,1.34560,66.88620,1.11170,1.11170,0.94890,1.11170,17.54730,0.8412,0.5669
2010-09-30,242.75100,219.98300,22.76800,15.50600,15.50600,7.26200,-0.07300,7.18900,2.09700,5.09200,5.09200,5.09200,10.68600,7.26200,23.19300,23.33700,0.22000,0.22000,6.67500,,,9.37920,2.99150,2.99150,2.96150,2.09760,0.52300,5.26960,1.24030,72.56580,1.26320,1.26320,1.09710,1.26320,17.36650,0.1791,0.0053
2010-06-30,236.09400,209.17900,26.91500,14.06800,14.06800,12.84700,-0.09400,12.75300,4.61800,8.13500,8.13500,8.13500,16.23500,12.84700,23.17100,23.33400,0.35000,0.35000,8.34030,,,11.40010,5.44150,5.44150,5.40170,3.44570,0.52870,5.23050,1.28740,69.90790,2.04340,2.04340,1.82190,2.04340,17.17560,-1.2268,-1.5697
2010-03-31,175.22900,164.62800,10.60100,11.98500,11.98500,-1.38400,-2.70200,-4.08600,-1.62000,-2.46600,-2.46600,-2.46600,2.08900,-1.38400,23.15900,23.15900,-0.11000,-0.11000,7.27970,,,6.04980,-0.78980,-0.78980,-2.33180,-1.40730,0.39420,5.06080,1.21970,73.78680,-0.63200,-0.63200,-0.55470,-0.63200,16.84740,0.31120,0.17560
2009-12-31,177.08200,168.01700,9.06500,11.52400,11.52400,-2.45910,-0.44400,-2.90300,-0.99800,-1.90500,-1.90500,-1.90500,0.90190,-2.45910,23.01100,23.29800,-0.08000,-0.08000,3.11980,,0.25560,5.11910,-1.38870,-1.38870,-1.63940,-1.07580,0.33130,3.94750,1.30360,69.03720,-0.48480,-0.48480,-0.35640,-0.48480,16.96900,0.6814,0.543
2009-09-30,168.69500,157.34000,11.35500,10.90500,10.90500,0.45000,-0.34000,0.11000,-0.21500,0.32500,0.32500,0.32500,3.77400,0.45000,23.00600,23.30800,0.01000,0.01000,10.92740,0.20310,0.25490,6.73110,0.26680,0.26680,0.06520,0.19270,0.31120,2.65710,1.36810,65.78300,0.08240,0.08240,0.06000,0.06570,17.13700,-0.8007,-0.7841
2009-06-30,159.35100,147.49100,11.86000,10.73000,10.73000,1.13000,-0.47600,0.65400,0.05400,0.60000,0.60000,0.60000,4.64200,1.13000,22.99900,23.29900,0.03000,0.03000,12.21740,0.20320,0.25500,7.44270,0.70910,0.70910,0.41040,0.37650,0.29560,2.41610,1.40190,64.20040,0.15220,0.15220,0.11130,0.12130,17.13720,0.2448,0.0836
2009-03-31,144.48500,126.65000,17.83500,10.60800,10.60800,7.22700,-0.28800,6.93900,2.32300,4.61600,4.61600,4.61600,10.72100,7.22700,22.99700,23.27700,0.20000,0.20000,11.59600,0.20350,0.25540,12.34380,5.00190,5.00190,4.80260,3.19480,0.26770,1.87650,1.30590,68.91980,1.17190,1.17190,0.85520,0.93340,17.12790,1.10230,0.57910
