Date,revenue,cost-goods-sold,gross-profit,selling-general-administrative-expenses,other-operating-income-expenses,operating-expenses,operating-income,total-non-operating-income-expense,pre-tax-income,total-provision-income-taxes,income-after-taxes,income-from-continuous-operations,net-income,ebitda,ebit,basic-shares-outstanding,shares-outstanding,eps-basic-net-earnings-per-share,eps-earnings-per-share-diluted,current-ratio,long-term-debt-capital,debt-equity-ratio,gross-margin,operating-margin,ebit-margin,pre-tax-profit-margin,net-profit-margin,asset-turnover,inventory-turnover,receiveable-turnover,days-sales-in-receivables,roe,return-on-tangible-equity,roa,roi,book-value-per-share,operating-cash-flow-per-share,free-cash-flow-per-share
2024-03-31,5159.00000,3140.00000,2019.00000,491.00000,2.00000,1003.00000,1016.00000,-147.00000,869.00000,162.00000,707.00000,707.00000,708.00000,1563.00000,1016.00000,401.70000,403.50000,1.76000,1.75000,0.89360,0.69010,2.27440,39.13550,19.69370,19.69370,16.84440,13.72360,0.15790,16.61380,1.92140,46.84050,9.98870,-24.41300,2.16430,3.09540,17.63750,3.38790,1.73230
2023-12-31,5217.00000,3146.00000,2071.00000,513.00000,-246.00000,1286.00000,785.00000,-141.00000,644.00000,175.00000,469.00000,469.00000,493.00000,1512.00000,785.00000,404.90000,406.90000,1.22000,1.22000,0.90010,0.69740,2.35340,39.69710,15.04700,15.04700,12.34430,9.44990,0.15890,18.18500,1.81780,49.51120,6.80100,-15.04650,1.42890,2.05780,17.17750,3.3762,0.8266
2023-09-30,5198.00000,3188.00000,2010.00000,470.00000,,989.00000,1021.00000,-149.00000,872.00000,210.00000,662.00000,662.00000,663.00000,1572.00000,1021.00000,404.00000,405.90000,1.64000,1.63000,0.84450,0.68480,2.21500,38.66870,19.64220,19.64220,16.77570,12.75490,0.16280,18.21710,1.78200,50.50600,9.50330,-20.61660,2.07300,2.99560,17.29280,3.1341,1.4633
2023-06-30,5119.00000,3186.00000,1933.00000,467.00000,,989.00000,944.00000,-135.00000,809.00000,196.00000,613.00000,613.00000,615.00000,1498.00000,944.00000,405.90000,407.70000,1.52000,1.51000,0.81860,0.68200,2.21820,37.76130,18.44110,18.44110,15.80390,12.01410,0.16190,18.74120,1.79870,50.03710,8.84820,-18.68900,1.93900,2.81410,17.11150,2.5345,1.2539
2023-03-31,4892.00000,3086.00000,1806.00000,476.00000,3.00000,981.00000,825.00000,-129.00000,696.00000,164.00000,532.00000,532.00000,533.00000,1362.00000,825.00000,407.40000,409.00000,1.31000,1.30000,0.87420,0.68830,2.25760,36.91740,16.86430,16.86430,14.22730,10.89530,0.15630,18.15290,1.87580,47.98040,7.81430,-15.83810,1.70020,2.43570,16.73590,2.55260,0.93890
2022-12-31,4935.00000,3093.00000,1842.00000,487.00000,-45.00000,1077.00000,765.00000,-122.00000,643.00000,143.00000,500.00000,500.00000,499.00000,1338.00000,765.00000,412.80000,415.00000,1.21000,1.21000,0.80810,0.67980,2.18300,37.32520,15.50150,15.50150,13.02940,10.11150,0.15730,18.85980,1.79320,50.18850,7.28440,-15.21610,1.59400,2.33270,16.82820,2.5135,0.4434
2022-09-30,5075.00000,3156.00000,1919.00000,473.00000,,977.00000,942.00000,-114.00000,828.00000,189.00000,639.00000,639.00000,639.00000,1474.00000,942.00000,412.00000,414.30000,1.55000,1.54000,0.85130,0.66320,2.00560,37.81280,18.56160,18.56160,16.31530,12.59110,0.17010,19.84910,1.89650,47.45620,9.11290,-21.83120,2.14130,3.06960,17.08000,2.8811,1.0421
2022-06-30,5027.00000,3142.00000,1885.00000,487.00000,,995.00000,890.00000,-114.00000,776.00000,189.00000,587.00000,587.00000,587.00000,1425.00000,890.00000,414.40000,416.40000,1.42000,1.41000,1.07120,0.66140,1.98510,37.49750,17.70440,17.70440,15.43660,11.67690,0.16690,19.76100,1.88630,47.71240,8.16180,-22.03450,1.94840,2.76390,17.40240,2.5245,1.2004
2022-03-31,4661.00000,2903.00000,1758.00000,491.00000,-17.00000,990.00000,768.00000,-97.00000,671.00000,157.00000,514.00000,514.00000,513.00000,1278.00000,768.00000,415.70000,417.80000,1.24000,1.23000,0.80370,0.64620,1.88740,37.71720,16.47720,16.47720,14.39610,11.00620,0.15950,19.48320,1.88020,47.86740,7.19280,-18.65020,1.75910,2.54480,17.21180,3.01100,2.01050
2021-12-31,4678.00000,2955.00000,1723.00000,492.00000,-1.00000,1005.00000,718.00000,-76.00000,642.00000,136.00000,506.00000,506.00000,506.00000,1257.00000,718.00000,420.40000,422.90000,1.21000,1.19000,0.75180,0.64050,1.88110,36.83200,15.34840,15.34840,13.72380,10.81660,0.16080,21.88890,1.83740,48.98250,7.10080,-18.07140,1.73900,2.55260,17.12470,2.3264,0.5019
2021-09-30,4665.00000,2906.00000,1759.00000,469.00000,34.00000,953.00000,806.00000,-100.00000,706.00000,167.00000,539.00000,539.00000,538.00000,1352.00000,806.00000,419.50000,422.00000,1.28000,1.28000,0.77620,0.63440,1.81870,37.70630,17.27760,17.27760,15.13400,11.53270,0.16170,22.01520,1.74780,51.49200,7.51320,-19.59290,1.86890,2.74720,17.15090,2.8251,1.7196
2021-06-30,4476.00000,2736.00000,1740.00000,445.00000,,949.00000,791.00000,-335.00000,456.00000,105.00000,351.00000,351.00000,351.00000,1318.00000,791.00000,421.60000,423.60000,0.83000,0.83000,0.87590,0.63660,1.80090,38.87400,17.67200,17.67200,10.18770,7.84180,0.15410,21.71430,1.69230,53.18370,4.77290,-13.53120,1.20880,1.73440,17.47560,2.4666,1.5307
2021-03-31,4112.00000,2514.00000,1598.00000,458.00000,-17.00000,948.00000,650.00000,-105.00000,545.00000,124.00000,421.00000,421.00000,421.00000,1148.00000,650.00000,422.90000,424.30000,1.00000,0.99000,1.01280,0.64060,1.81560,38.86190,15.80740,15.80740,13.25390,10.23830,0.14150,20.27420,1.69430,53.12010,5.66700,-16.56830,1.44820,2.03650,17.60090,2.63960,2.00330
2020-12-31,4067.00000,2500.00000,1567.00000,510.00000,33.00000,913.00000,654.00000,-107.00000,547.00000,109.00000,438.00000,438.00000,438.00000,1118.00000,654.00000,423.00000,425.10000,1.04000,1.03000,0.99630,0.64010,1.85270,38.52960,16.08070,16.08070,13.44970,10.76960,0.13860,20.16130,1.54990,58.06740,5.87600,-17.08270,1.49260,2.11460,17.63000,1.764,0.8406
2020-09-30,3861.00000,2332.00000,1529.00000,416.00000,-7.00000,849.00000,680.00000,-164.00000,516.00000,126.00000,390.00000,390.00000,390.00000,1125.00000,680.00000,422.70000,424.60000,0.92000,0.92000,1.19640,0.58900,1.45620,39.60110,17.61200,17.61200,13.36440,10.10100,0.15590,19.93160,1.74150,51.67830,5.44920,192.11820,1.57440,2.23980,16.93620,2.4172,1.6128
2020-06-30,3561.00000,2180.00000,1381.00000,377.00000,-61.00000,854.00000,527.00000,-132.00000,395.00000,88.00000,307.00000,307.00000,307.00000,966.00000,527.00000,422.30000,423.90000,0.73000,0.72000,0.88460,0.58200,1.85520,38.78120,14.79920,14.79920,11.09240,8.62120,0.13380,18.47460,1.69010,53.25190,4.45380,-337.36260,1.15330,1.86160,16.32780,2.0299,0.9951
2020-03-31,3729.00000,2329.00000,1400.00000,425.00000,0.00000,827.00000,573.00000,-138.00000,435.00000,74.00000,361.00000,361.00000,361.00000,999.00000,573.00000,424.20000,426.40000,0.85000,0.85000,1.83550,0.65950,1.99440,37.54360,15.36610,15.36610,11.66530,9.68090,0.13720,20.07760,1.72000,52.32500,5.35210,-146.15380,1.32830,1.82230,15.98360,1.79410,0.71760
2019-12-31,3846.00000,2314.00000,1532.00000,445.00000,-34.00000,877.00000,655.00000,-124.00000,531.00000,84.00000,447.00000,447.00000,447.00000,1076.00000,655.00000,424.60000,427.50000,1.04000,1.05000,1.97490,0.65260,1.90920,39.83360,17.03070,17.03070,13.80660,11.62250,0.13860,21.83020,1.65850,54.26680,6.32250,2629.41200,1.61120,2.19660,16.66170,2.3891,1.721
2019-09-30,3967.00000,2441.00000,1526.00000,386.00000,-1.00000,792.00000,734.00000,-119.00000,615.00000,120.00000,495.00000,495.00000,495.00000,1163.00000,734.00000,424.50000,427.40000,1.17000,1.16000,1.86020,0.65950,1.96820,38.46740,18.50270,18.50270,15.50290,12.47790,0.14630,22.39450,1.73990,51.72680,7.29340,-161.76470,1.82600,2.48320,16.00100,2.2285,1.0978
2019-06-30,3946.00000,2443.00000,1503.00000,391.00000,-7.00000,807.00000,696.00000,-199.00000,497.00000,115.00000,382.00000,382.00000,381.00000,1129.00000,696.00000,424.80000,427.50000,0.90000,0.89000,1.69920,0.66120,1.96980,38.08920,17.63810,17.63810,12.59500,9.65530,0.15190,23.49040,1.74600,51.54590,5.90690,-64.52700,1.47000,2.00100,15.25950,2.3596,1.0091
2019-03-31,3696.00000,2298.00000,1398.00000,409.00000,,777.00000,621.00000,-159.00000,462.00000,115.00000,347.00000,347.00000,347.00000,1010.00000,621.00000,424.50000,426.90000,0.82000,0.81000,0.68880,0.59230,1.61540,37.82470,16.80200,16.80200,12.50000,9.38850,0.15810,21.88570,1.77610,50.67370,5.40750,-54.90510,1.48460,2.20460,15.10850,2.08480,0.98150
2018-12-31,3842.00000,2379.00000,1463.00000,370.00000,44.00000,696.00000,767.00000,-108.00000,659.00000,128.00000,531.00000,531.00000,531.00000,1161.00000,767.00000,429.10000,432.20000,1.26000,1.23000,0.85100,0.60450,1.59750,38.07910,19.96360,19.96360,17.15250,13.82090,0.16960,23.32350,1.68880,53.29260,8.46080,-73.14050,2.34440,3.34590,14.80250,2.0902,1.049
2018-09-30,3822.00000,2373.00000,1449.00000,345.00000,-28.00000,750.00000,699.00000,-102.00000,597.00000,99.00000,498.00000,498.00000,499.00000,1099.00000,699.00000,427.90000,430.80000,1.16000,1.16000,0.87130,0.60520,1.60490,37.91210,18.28890,18.28890,15.62010,13.05600,0.16920,23.03880,1.63190,55.14910,7.97950,-70.83930,2.20440,3.14990,14.61170,2.0431,1.0987
2018-06-30,3739.00000,2313.00000,1426.00000,365.00000,39.00000,711.00000,715.00000,-106.00000,609.00000,110.00000,499.00000,499.00000,499.00000,1123.00000,715.00000,429.90000,432.30000,1.16000,1.15000,0.74770,0.59690,1.61760,38.13850,19.12280,19.12280,16.28780,13.34580,0.16980,23.13000,1.70810,52.69060,8.23980,-59.19340,2.26670,3.32140,14.13710,2.2704,1.2544
2018-03-31,3511.00000,2184.00000,1327.00000,373.00000,3.00000,719.00000,608.00000,-97.00000,511.00000,116.00000,395.00000,395.00000,396.00000,978.00000,608.00000,433.30000,435.80000,0.91000,0.91000,0.73850,0.59470,1.64170,37.79550,17.31700,17.31700,14.55430,11.27880,0.15880,22.28570,1.59300,56.49670,6.51280,-45.98370,1.78680,2.63930,14.04680,1.85640,0.93850
2017-12-31,3652.00000,2263.00000,1389.00000,369.00000,26.00000,685.00000,704.00000,-120.00000,584.00000,-319.00000,903.00000,903.00000,903.00000,1070.00000,704.00000,438.80000,441.90000,2.06000,2.06000,0.82590,0.59160,1.57080,38.03400,19.27710,19.27710,15.99120,24.72620,0.16730,23.57290,1.53830,58.50490,14.94540,-120.07980,4.13670,6.10380,13.94350,1.7788,0.5895
2017-09-30,3716.00000,2302.00000,1414.00000,356.00000,-9.00000,713.00000,701.00000,-98.00000,603.00000,215.00000,388.00000,388.00000,386.00000,1074.00000,701.00000,437.80000,440.80000,0.88000,0.87000,0.70570,0.61580,1.76320,38.05170,18.86440,18.86440,16.22710,10.38750,0.17740,23.25250,1.85610,48.48760,7.32080,-25.39270,1.85210,2.81260,12.20620,1.9633,1.1577
2017-06-30,3677.00000,2290.00000,1387.00000,353.00000,-4.00000,714.00000,673.00000,-103.00000,570.00000,209.00000,361.00000,361.00000,362.00000,1052.00000,673.00000,441.90000,444.40000,0.82000,0.81000,0.83970,0.61150,1.64460,37.72100,18.30300,18.30300,15.50180,9.84500,0.17640,23.85420,1.77030,50.83760,6.55530,-27.47340,1.73230,2.54690,12.52410,1.8283,1.156
2017-03-31,3440.00000,2166.00000,1274.00000,390.00000,3.00000,716.00000,558.00000,-124.00000,434.00000,137.00000,297.00000,297.00000,298.00000,908.00000,558.00000,441.30000,444.10000,0.68000,0.67000,0.86900,0.60960,1.63270,37.03490,16.22090,16.22090,12.61630,8.66280,0.16660,22.80000,1.74440,51.59300,5.36290,-23.62770,1.43830,2.09390,12.53210,1.62580,0.87820
2016-12-31,3460.00000,2147.00000,1313.00000,378.00000,-5.00000,696.00000,617.00000,-107.00000,510.00000,176.00000,334.00000,334.00000,335.00000,946.00000,617.00000,443.50000,446.50000,0.75000,0.75000,0.85040,0.62570,1.75000,37.94800,17.83240,17.83240,14.73990,9.68210,0.16590,23.85560,1.62290,55.45670,6.27820,-22.47650,1.60120,2.35000,12.13740,1.6729,0.8325
2016-09-30,3548.00000,2216.00000,1332.00000,330.00000,-106.00000,772.00000,560.00000,-103.00000,457.00000,153.00000,304.00000,304.00000,302.00000,919.00000,560.00000,442.90000,445.70000,0.68000,0.68000,0.86070,0.62120,1.72040,37.54230,15.78350,15.78350,12.88050,8.51180,0.17090,23.82800,1.73920,51.74750,5.64740,-20.80770,1.46460,2.13900,12.17880,1.7082,0.9579
2016-06-30,3425.00000,2130.00000,1295.00000,340.00000,-2.00000,684.00000,611.00000,-152.00000,459.00000,173.00000,286.00000,286.00000,287.00000,980.00000,611.00000,444.00000,446.70000,0.65000,0.64000,0.81110,0.63040,1.82290,37.81020,17.83940,17.83940,13.40150,8.37960,0.16500,22.90320,1.69300,53.15910,5.47050,-17.50310,1.37820,2.02210,11.83500,1.7128,1.0113
2016-03-31,3176.00000,1993.00000,1183.00000,362.00000,1.00000,675.00000,508.00000,-112.00000,396.00000,140.00000,256.00000,256.00000,258.00000,843.00000,508.00000,446.10000,448.60000,0.58000,0.58000,0.89920,0.63080,1.80720,37.24810,15.99500,15.99500,12.46850,8.12340,0.15280,21.66300,1.59760,56.33500,4.82110,-16.51610,1.23190,1.78000,11.94000,1.63170,0.92510
2015-12-31,3246.00000,2027.00000,1219.00000,343.00000,-65.00000,717.00000,502.00000,-105.00000,397.00000,124.00000,273.00000,273.00000,273.00000,825.00000,502.00000,452.70000,455.90000,0.59000,0.59000,0.93430,0.61780,1.66370,37.55390,15.46520,15.46520,12.23040,8.41040,0.15940,22.03260,1.55010,58.05920,5.08660,-24.95430,1.34040,1.94400,12.00200,1.189,0.393
2015-09-30,3360.00000,2095.00000,1265.00000,330.00000,-2.00000,664.00000,601.00000,-105.00000,496.00000,159.00000,337.00000,337.00000,335.00000,955.00000,601.00000,449.60000,452.70000,0.75000,0.74000,0.98240,0.62700,1.72150,37.64880,17.88690,17.88690,14.76190,9.97020,0.16470,22.77170,1.67830,53.62500,6.41050,-29.98220,1.65180,2.39140,11.77470,1.4849,0.7313
2015-06-30,3315.00000,2163.00000,1152.00000,322.00000,-2.00000,650.00000,502.00000,-113.00000,389.00000,116.00000,273.00000,273.00000,274.00000,846.00000,502.00000,455.50000,458.00000,0.60000,0.60000,1.03070,0.62230,1.68410,34.75110,15.14330,15.14330,11.73450,8.26550,0.16110,21.20590,1.69740,53.02260,5.04900,-27.71570,1.32670,1.90680,11.96660,1.7829,1.136
2015-03-31,3040.00000,1946.00000,1094.00000,348.00000,-13.00000,654.00000,440.00000,-662.00000,-222.00000,-91.00000,-131.00000,-131.00000,-129.00000,754.00000,440.00000,458.50000,458.50000,-0.28000,-0.28000,1.15130,0.61850,1.65150,35.98680,14.47370,14.47370,-7.30260,-4.24340,0.14690,17.85320,1.51390,59.44740,-2.34980,15.52130,-0.63310,-0.89640,12.17890,1.08830,0.58020
2014-12-31,3437.00000,2170.00000,1267.00000,376.00000,181.00000,515.00000,752.00000,-153.00000,599.00000,1.00000,598.00000,598.00000,590.00000,1088.00000,752.00000,462.60000,465.60000,1.27000,1.27000,1.01180,0.58630,1.60210,36.86350,21.87960,21.87960,17.42800,17.16610,0.16140,20.47170,1.77440,50.72160,10.15450,-205.49830,2.80790,4.20120,12.84300,1.1,0.3127
2014-09-30,3602.00000,2299.00000,1303.00000,377.00000,16.00000,757.00000,546.00000,-132.00000,414.00000,133.00000,281.00000,281.00000,270.00000,903.00000,546.00000,460.80000,463.60000,0.59000,0.58000,1.08630,0.61440,1.79480,36.17440,15.15830,15.15830,11.49360,7.49580,0.16220,21.68870,2.10270,42.80120,4.96200,-49.55910,1.26510,1.91340,12.36860,1.4726,0.8008
2014-06-30,3561.00000,2301.00000,1260.00000,353.00000,-35.00000,728.00000,532.00000,-130.00000,402.00000,180.00000,222.00000,222.00000,210.00000,894.00000,532.00000,465.90000,468.00000,0.45000,0.45000,0.79030,0.59450,1.59380,35.38330,14.93960,14.93960,11.28900,5.89720,0.16060,13.86150,1.98160,45.41700,3.61150,-50.45450,1.00090,1.46460,13.19420,1.183,0.7398
2014-03-31,3396.00000,2232.00000,1164.00000,375.00000,-2.00000,695.00000,469.00000,-133.00000,336.00000,99.00000,237.00000,237.00000,228.00000,808.00000,469.00000,465.20000,466.90000,0.49000,0.49000,0.75510,0.59790,1.68800,34.27560,13.81040,13.81040,9.89400,6.71380,0.15130,12.82760,1.93950,46.40460,3.92450,-44.54890,1.05610,1.57820,12.97880,1.25080,0.68110
2013-12-31,3500.00000,2267.00000,1233.00000,376.00000,-426.00000,1643.00000,-410.00000,-193.00000,-603.00000,-4.00000,-599.00000,-599.00000,-605.00000,444.00000,-410.00000,467.70000,469.80000,-1.29000,-1.29000,0.82910,0.61280,1.70380,35.22860,-11.71430,-11.71430,-17.22860,-17.28570,0.15480,12.73600,1.93370,46.54290,-9.98000,100.33500,-2.65010,-3.86400,12.92640,1.2825,0.3258
2013-09-30,3621.00000,2325.00000,1296.00000,349.00000,-23.00000,719.00000,577.00000,-125.00000,452.00000,155.00000,297.00000,297.00000,291.00000,944.00000,577.00000,469.30000,471.20000,0.62000,0.62000,0.84450,0.57500,1.43390,35.79120,15.93480,15.93480,12.48270,8.03650,0.15330,13.06180,1.94680,46.23030,4.23380,-202.04080,1.25780,1.79930,14.95160,1.5528,0.8714
2013-06-30,3526.00000,2311.00000,1215.00000,353.00000,-11.00000,705.00000,510.00000,-127.00000,383.00000,127.00000,256.00000,256.00000,244.00000,861.00000,510.00000,467.90000,469.40000,0.52000,0.52000,0.79550,0.56880,1.43300,34.45830,14.46400,14.46400,10.86220,6.92000,0.15320,13.51460,1.90290,47.29720,3.75480,1600.00000,1.11250,1.61900,14.56390,1.1534,0.6563
2013-03-31,3336.00000,2209.00000,1127.00000,390.00000,-4.00000,725.00000,402.00000,-140.00000,262.00000,86.00000,176.00000,176.00000,168.00000,749.00000,402.00000,465.70000,466.50000,0.36000,0.36000,0.78320,0.57390,1.49030,33.78300,12.05040,12.05040,7.85370,5.03600,0.14410,12.48020,1.87520,47.99460,2.62060,-164.48600,0.76010,1.11670,14.39570,1.23690,0.66670
2012-12-31,3434.00000,2224.00000,1210.00000,356.00000,-24.00000,726.00000,484.00000,-135.00000,349.00000,114.00000,235.00000,235.00000,224.00000,840.00000,484.00000,463.60000,464.40000,0.48000,0.48000,0.79810,0.57880,1.48550,35.23590,14.09440,14.09440,10.16310,6.52300,0.14870,12.78160,1.86730,48.19740,3.52060,-1807.69200,1.01740,1.48280,14.37900,1.2465,0.4299
2012-09-30,3461.00000,2229.00000,1232.00000,335.00000,-22.00000,732.00000,500.00000,-152.00000,348.00000,125.00000,223.00000,223.00000,214.00000,853.00000,500.00000,464.10000,464.90000,0.46000,0.46000,0.83430,0.58090,1.51120,35.59670,14.44670,14.44670,10.05490,6.18320,0.15000,14.38060,1.85280,48.57560,3.37270,-428.84620,0.96650,1.41340,14.25410,1.2299,0.3683
2012-06-30,3459.00000,2260.00000,1199.00000,374.00000,-33.00000,733.00000,466.00000,-132.00000,334.00000,115.00000,219.00000,219.00000,208.00000,810.00000,466.00000,463.40000,464.00000,0.45000,0.45000,0.77000,0.58040,1.51470,34.66320,13.47210,13.47210,9.65600,6.01330,0.15240,15.37420,1.88910,47.64090,3.37600,-131.92770,0.96510,1.41660,14.01080,1.4405,0.685
2012-03-31,3295.00000,2166.00000,1129.00000,407.00000,,728.00000,401.00000,-129.00000,272.00000,89.00000,183.00000,183.00000,171.00000,739.00000,401.00000,462.10000,463.40000,0.37000,0.37000,0.74990,0.58110,1.51970,34.26400,12.17000,12.17000,8.25490,5.18970,0.14620,14.15690,1.91570,46.98030,2.82360,-90.14780,0.81210,1.18290,14.00560,1.02500,0.20720
2011-12-31,3406.00000,2145.00000,1261.00000,407.00000,-3.00000,709.00000,552.00000,-140.00000,412.00000,134.00000,278.00000,278.00000,266.00000,871.00000,552.00000,469.70000,471.40000,0.58000,0.57000,0.77540,0.58810,1.52680,37.02290,16.20670,16.20670,12.09630,7.80970,0.15090,14.01960,1.91890,46.90250,4.35050,-98.58160,1.23180,1.79180,13.87520,1.5395,0.6661
2011-09-30,3522.00000,2261.00000,1261.00000,380.00000,-6.00000,718.00000,543.00000,-122.00000,421.00000,136.00000,285.00000,285.00000,272.00000,899.00000,543.00000,468.30000,469.70000,0.58000,0.58000,0.95730,0.59900,1.52950,35.80350,15.41740,15.41740,11.95340,7.72290,0.15970,15.92250,1.95780,45.97100,4.53460,-131.94440,1.29240,1.81840,13.62740,1.4334,0.7502
2011-06-30,3347.00000,2140.00000,1207.00000,382.00000,0.00000,701.00000,506.00000,-125.00000,381.00000,131.00000,250.00000,250.00000,237.00000,848.00000,506.00000,474.20000,476.00000,0.50000,0.50000,1.03440,0.57170,1.36450,36.06220,15.11800,15.11800,11.38330,7.08100,0.15510,15.62040,1.95390,46.06220,3.77470,48.07690,1.15830,1.61690,14.02190,1.0084,0.418
2011-03-31,3103.00000,1995.00000,1108.00000,382.00000,,681.00000,427.00000,-121.00000,306.00000,110.00000,196.00000,196.00000,186.00000,747.00000,427.00000,475.70000,477.60000,0.39000,0.39000,1.07830,0.57250,1.38220,35.70740,13.76090,13.76090,9.86140,5.99420,0.14330,15.34620,1.98780,45.27550,2.95540,36.09580,0.90540,1.26340,13.97070,1.25630,0.59460
2010-12-31,3187.00000,1941.00000,1246.00000,396.00000,,672.00000,574.00000,-120.00000,454.00000,160.00000,294.00000,294.00000,281.00000,863.00000,574.00000,480.20000,482.20000,0.59000,0.59000,0.99880,0.56820,1.35140,39.09630,18.01070,18.01070,14.24540,8.81710,0.14840,14.93080,1.92450,46.76500,4.46060,51.57900,1.36900,1.92600,13.87440,1.2814,0.5241
2010-09-30,3235.00000,2006.00000,1229.00000,369.00000,1.00000,685.00000,544.00000,-133.00000,411.00000,153.00000,258.00000,258.00000,244.00000,884.00000,544.00000,477.30000,481.00000,0.51000,0.51000,1.11160,0.57740,1.39140,37.99070,16.81610,16.81610,12.70480,7.54250,0.15160,16.17740,1.91310,47.04480,4.00680,59.03890,1.20910,1.69320,13.53540,1.4275,0.8731
2010-06-30,3158.00000,1996.00000,1162.00000,345.00000,77.00000,576.00000,586.00000,-122.00000,464.00000,206.00000,258.00000,258.00000,246.00000,929.00000,586.00000,482.10000,485.80000,0.51000,0.51000,1.10430,0.57940,1.49580,36.79540,18.55610,18.55610,14.69280,7.78970,0.14510,18.14550,1.92440,46.76690,4.02620,53.19590,1.18570,1.69350,13.38140,0.9929,0.5375
2010-03-31,2935.00000,1881.00000,1054.00000,351.00000,,642.00000,412.00000,-110.00000,302.00000,110.00000,192.00000,192.00000,182.00000,724.00000,412.00000,485.60000,488.10000,0.37000,0.37000,1.01840,0.55600,1.34890,35.91140,14.03750,14.03750,10.28960,6.20100,0.13980,17.57940,1.96580,45.78190,2.93530,30.91790,0.91450,1.30330,13.51890,1.01620,0.49380
2009-12-31,3006.00000,1874.00000,1132.00000,365.00000,-33.00000,676.00000,456.00000,-109.00000,347.00000,16.00000,331.00000,331.00000,315.00000,749.00000,456.00000,491.20000,493.60000,0.65000,0.64000,1.03760,0.55210,1.34620,37.65800,15.16970,15.16970,11.54360,10.47900,0.14210,17.03640,1.96860,45.71860,5.02200,45.90850,1.56470,2.24940,13.55840,1.4654,0.7408
2009-09-30,3023.00000,1856.00000,1167.00000,339.00000,1.00000,642.00000,525.00000,-100.00000,425.00000,133.00000,292.00000,292.00000,277.00000,847.00000,525.00000,492.20000,494.60000,0.56000,0.56000,0.89480,0.53500,1.26450,38.60400,17.36690,17.36690,14.05890,9.16310,0.14820,17.50940,1.87410,48.02180,4.47780,39.45950,1.43190,2.08200,13.29290,1.1587,0.6755
2009-06-30,2952.00000,1786.00000,1166.00000,323.00000,-2.00000,632.00000,534.00000,-104.00000,430.00000,163.00000,267.00000,267.00000,247.00000,836.00000,534.00000,492.40000,493.70000,0.50000,0.50000,1.08140,0.55680,1.29460,39.49870,18.08940,18.08940,14.56640,8.36720,0.14650,17.50980,1.88630,47.71340,4.19350,40.15040,1.32520,1.85860,12.93660,1.1085,0.5869
2009-03-31,2810.00000,1725.00000,1085.00000,337.00000,-49.00000,713.00000,372.00000,-101.00000,271.00000,101.00000,170.00000,170.00000,155.00000,671.00000,372.00000,491.80000,493.00000,0.31000,0.31000,1.04560,0.56660,1.41920,38.61210,13.23840,13.23840,9.64410,5.51600,0.13770,16.74760,25.31530,3.55520,2.74500,30.35710,0.83330,1.18970,12.58930,1.05270,0.39350
