Date,revenue,cost-goods-sold,gross-profit,selling-general-administrative-expenses,other-operating-income-expenses,operating-expenses,operating-income,total-non-operating-income-expense,pre-tax-income,total-provision-income-taxes,income-after-taxes,income-from-continuous-operations,net-income,ebitda,ebit,basic-shares-outstanding,shares-outstanding,eps-basic-net-earnings-per-share,eps-earnings-per-share-diluted,current-ratio,long-term-debt-capital,debt-equity-ratio,gross-margin,operating-margin,ebit-margin,pre-tax-profit-margin,net-profit-margin,asset-turnover,inventory-turnover,receiveable-turnover,days-sales-in-receivables,roe,return-on-tangible-equity,roa,roi,book-value-per-share,operating-cash-flow-per-share,free-cash-flow-per-share
2024-03-31,653.84000,401.87710,251.96280,101.18900,-2.30400,116.58590,135.37700,-15.22100,120.15600,26.33300,93.82300,95.47900,94.82200,178.77700,135.37680,78.25200,79.01700,1.23000,1.22000,2.95700,0.52990,1.15270,38.53590,20.70490,20.70490,18.37700,14.50230,0.20000,0.86570,2.02070,44.53970,8.14590,47.20140,2.92080,3.82940,16.53940,0.1749,-0.67
2023-12-31,662.36700,402.51800,259.84900,91.28900,-2.51200,106.58300,153.26600,-17.55900,135.70700,30.13100,105.57600,106.88000,105.63900,191.83000,153.26600,77.85700,78.58600,1.36000,1.34000,3.02700,0.54160,1.20420,39.23040,23.13910,23.13910,20.48820,15.94870,0.20950,0.99290,2.75060,32.72040,9.71470,91.22950,3.38020,4.45360,14.16160,3.1249,2.4335
2023-09-30,780.22000,477.54300,302.67700,91.72500,-0.12300,104.64000,198.03700,-14.43500,183.60200,47.47600,136.12600,137.02700,135.80200,235.26900,198.03700,78.60600,79.30700,1.73000,1.71000,2.87920,0.55270,1.25910,38.79380,25.38220,25.38220,23.53210,17.40560,0.24860,1.24010,2.21300,40.66880,13.06480,293.95400,4.36670,5.84400,13.40800,2.7223,2.2099
2023-06-30,778.04600,446.58600,331.46000,86.51100,13.30400,86.00900,245.45100,-18.16300,227.28800,55.05800,172.23000,173.90500,173.65200,283.20210,245.45100,78.90800,79.63400,2.20000,2.18000,2.78490,0.57350,1.36990,42.60160,31.54710,31.54710,29.21270,22.31900,0.25520,1.02750,2.27270,39.59970,18.04990,-335.74970,5.70430,7.69810,12.24650,3.06360,2.78610
2023-03-31,617.55910,395.13810,222.42110,78.40900,-4.54400,96.79000,125.63100,-18.50800,107.12290,21.94800,85.17500,86.31200,85.89300,163.94410,125.63100,82.31500,83.33600,1.09000,1.07000,2.68610,0.60730,1.57420,36.01610,20.34320,20.34320,17.34620,13.90850,0.21290,0.85160,2.01200,44.73260,10.25520,-46.35940,2.97510,4.02710,12.10680,0.5351,0.0609
2022-12-31,655.16700,431.25000,223.91700,85.93600,0.34800,99.43000,124.48700,-15.87600,108.61100,26.06800,82.54300,83.18200,82.04000,160.84400,124.48700,82.06700,82.98700,1.00000,0.99000,3.12570,0.57300,1.36530,34.17710,19.00080,19.00080,16.57760,12.52200,0.21800,0.93950,2.70190,33.31010,8.67730,-101.30290,2.76750,3.70480,13.39870,2.7863,2.1517
2022-09-30,884.20900,564.24600,319.96300,88.63900,0.10200,102.37800,217.58500,-18.65600,198.92900,47.50800,151.42100,153.37700,152.00700,253.56100,217.58500,83.46600,84.49800,1.82000,1.80000,3.06820,0.54980,1.24200,36.18640,24.60790,24.60790,22.49800,17.19130,0.27830,1.17750,2.27920,39.48800,14.52790,15745.17000,4.82680,6.54100,14.42170,2.2123,1.7471
2022-06-30,914.18600,562.07900,352.10700,86.52000,-0.30300,100.50000,251.60700,-9.17000,242.43700,55.06500,187.37200,188.48200,187.14600,287.52900,251.60700,83.14400,84.38900,2.25000,2.22000,2.77630,0.56150,1.30360,38.51590,27.52250,27.52250,26.51940,20.47130,0.28340,1.14830,2.13780,42.09840,18.69940,-310.09520,5.84370,8.20000,13.92480,2.95970,2.53090
2022-03-31,678.18710,487.95800,190.22900,90.86300,-0.84400,109.45210,80.77700,-6.09800,74.67900,28.00800,46.67100,47.12900,40.02000,118.99400,80.77700,71.27600,72.91100,0.55000,0.54000,2.22850,0.45430,0.85480,28.04960,11.91070,11.91070,11.01160,5.90100,0.25590,0.98710,1.98440,45.35290,5.18090,74.37460,1.77860,2.32720,15.28230,1.1071,0.4412
2021-12-31,715.35700,506.38000,208.97700,80.05900,-3.46600,98.66300,110.31400,-7.77700,102.53700,28.79200,73.74500,74.46200,62.86400,145.24600,110.31400,71.26700,72.78900,0.88000,0.86000,2.21660,0.48080,0.95150,29.21300,15.42080,15.42080,14.33370,8.78780,0.27990,1.08780,2.35980,38.13840,9.19710,-193.51340,2.91350,3.78820,14.31390,1.344,0.8517
2021-09-30,706.47100,506.41400,200.05700,73.95100,0.90100,88.49600,111.56100,-8.63900,102.92200,26.81600,76.10600,76.31200,63.22900,145.85100,111.56100,70.46400,71.92400,0.90000,0.88000,1.97560,0.50140,1.03180,28.31780,15.79130,15.79130,14.56850,8.95000,0.28180,1.19090,1.95450,46.04850,10.85540,-64.46360,3.04440,4.08480,13.28150,-0.1079,-0.645
2021-06-30,669.30000,468.17900,201.12100,76.22100,0.01100,91.85500,109.26600,-5.89300,103.37300,26.45500,76.91800,77.12300,63.41900,144.01700,109.26600,71.53400,73.12400,0.89000,0.87000,1.95260,0.44300,0.82050,30.04950,16.32540,16.32540,15.44490,9.47540,0.27050,1.41570,2.20360,40.84300,9.67230,-194.04400,3.11660,4.18760,14.68270,1.42700,1.07760
2021-03-31,443.80900,316.59200,127.21690,73.49100,-1.02100,94.32700,32.89000,-5.37400,27.51600,7.09100,20.42500,20.77600,16.69700,71.24400,32.89000,70.15500,71.56600,0.23000,0.21000,2.33440,0.43390,0.79130,28.66480,7.41080,7.41080,6.20000,3.76220,0.18390,1.05190,1.87900,47.89720,2.52600,-117.63120,0.86070,1.10590,14.85850,0.0499,-0.245
2020-12-31,486.14500,317.64000,168.50500,66.60600,-0.98000,85.54200,82.96300,-8.26800,74.69500,20.26400,54.43100,54.04100,44.68800,118.82100,82.96300,70.45000,71.58600,0.63000,0.62000,2.39060,0.44330,0.82170,34.66150,17.06550,17.06550,15.36480,9.19230,0.20750,1.32980,2.57570,34.94220,7.00550,-73.15590,2.30700,2.92940,14.56840,2.2245,1.8282
2020-09-30,544.18700,338.33000,205.85700,65.70100,-0.62700,84.28300,121.57400,-9.20900,112.36500,31.82700,80.53800,80.60500,66.14700,157.45100,121.57400,69.84300,70.75500,0.95000,0.93000,2.48000,0.49120,0.99290,37.82840,22.34050,22.34050,20.64820,12.15520,0.22930,1.51540,2.09160,43.02970,11.63580,-49.61140,3.39620,4.29170,13.55430,2.1375,1.875
2020-06-30,508.63900,320.13600,188.50300,61.77600,-1.64700,81.40500,107.09800,-9.40300,97.69500,27.20000,70.49500,70.66800,57.85600,142.97700,107.09800,69.38000,70.12600,0.83000,0.83000,2.81720,0.64440,1.85830,37.06030,21.05580,21.05580,19.20710,11.37470,0.21060,1.33810,2.10330,42.79010,11.87730,-13.07040,2.92620,4.22390,8.56420,1.90700,1.76020
2020-03-31,370.76810,262.01290,108.75520,68.54900,-0.87200,101.99610,6.75910,-13.36000,-6.60100,-8.76300,2.16200,3.53300,3.65200,57.36310,6.75910,63.82000,63.82000,0.47000,0.47000,2.79670,0.59100,1.48130,29.33240,1.82300,1.82300,-1.78040,0.98500,0.15640,0.92780,1.85360,48.55470,0.68590,-0.95860,0.14910,0.18420,11.31840,0.5217,0.1293
2019-12-31,393.42400,270.06600,123.35800,66.99000,-1.75500,82.33800,41.02000,-13.23000,27.79000,4.03200,23.75800,23.65900,19.12900,72.28700,41.02000,68.50800,69.29800,0.28000,0.28000,2.36750,0.56630,1.34260,31.35500,10.42640,10.42640,7.06360,4.86220,0.17490,1.03340,2.50630,35.90930,4.54540,-6.39660,1.05190,1.28840,11.57980,1.4553,1.2082
2019-09-30,495.90500,349.38100,146.52400,78.00100,-2.00400,89.30500,57.21900,-52.50700,4.71200,-3.54700,8.25900,8.46200,6.02600,117.89600,57.21900,60.22200,60.87600,0.10000,0.10000,2.33780,0.58950,1.47400,29.54680,11.53830,11.53830,0.95020,1.21520,0.21610,1.40360,1.97990,45.45690,1.75130,-2.07220,0.36870,0.45520,11.17720,1.7293,1.4772
2019-06-30,413.70800,475.86600,-62.15800,135.94000,-0.70700,138.18900,-200.34700,-5.16800,-205.51500,22.37000,-227.88500,-227.45100,-233.52500,-183.47900,-200.34700,57.57600,57.57600,-4.06000,-4.06000,1.97000,0.38380,0.72850,-15.02460,-48.42720,-48.42720,-49.67630,-56.44680,0.38720,2.06640,1.78450,50.43320,-125.99420,-70.68880,-21.28860,-30.44670,7.96730,1.09140,0.92260
2019-03-31,272.21800,212.71400,59.50400,48.78900,-2.07500,52.79890,6.70510,-3.86100,2.84400,1.08100,1.76300,1.89300,0.96600,25.86710,6.70510,57.02500,57.61100,0.02000,0.01000,2.26150,0.35050,0.63760,21.85900,2.46310,2.46320,1.04480,0.35490,0.26120,0.80410,1.45580,61.82250,0.86840,0.52460,0.18160,0.24560,8.70820,0.0668,-0.1471
2018-12-31,318.11300,245.71400,72.39900,45.37600,-0.14400,47.49600,24.90300,-6.32900,18.57400,2.49000,16.08400,16.55000,14.29300,42.62600,24.90300,57.18000,57.68500,0.25000,0.25000,2.24350,0.34810,0.63400,22.75890,7.82830,7.82830,5.83880,4.49310,0.31590,0.99700,2.08550,43.15580,7.88580,4.67500,1.64340,2.17970,8.65510,1.5555,1.3512
2018-09-30,406.55500,311.18200,95.37300,46.31500,-0.32400,48.62400,46.74900,-4.62500,42.12400,12.19400,29.93000,29.37200,25.86700,64.48100,46.74900,56.92900,57.55800,0.45000,0.45000,2.30510,0.39160,0.74440,23.45880,11.49880,11.49880,10.36120,6.36250,0.37150,1.25900,1.71570,52.45820,14.39270,8.50140,2.68430,3.65320,8.56970,0.8385,0.6235
2018-06-30,387.84700,288.15600,99.69100,45.54700,-1.10400,48.63500,51.05600,-2.98800,48.06800,14.28400,33.78400,33.65100,29.05600,69.07400,51.05600,56.59400,57.15800,0.51000,0.51000,2.21810,0.42410,0.84270,25.70370,13.16400,13.16400,12.39360,7.49160,0.35550,1.10100,1.69440,53.11750,19.93930,10.82630,3.08470,4.24860,8.01240,0.17200,0.05170
2018-03-31,250.11400,201.99910,48.11490,46.45700,-4.53500,52.98900,-4.87410,-3.14800,-8.02200,-4.40100,-3.62100,-4.85600,-5.07000,14.52390,-4.87410,55.69600,56.33400,-0.10000,-0.09000,2.07220,0.43750,0.89270,19.23720,-1.94880,-1.94880,-3.20730,-2.02710,0.23970,0.76580,1.45450,61.87780,-3.62140,-1.74750,-0.46550,-0.64220,7.53130,-0.0263,-0.2501
2017-12-31,320.83200,243.00600,77.82600,46.69100,-1.92400,50.62700,27.19900,-2.12300,25.07600,-7.37100,32.44700,33.21500,28.87100,45.24700,27.19900,55.91700,56.45900,0.52000,0.51000,2.10230,0.43290,0.87920,24.25760,8.47760,8.47760,7.81590,8.99880,0.31660,1.13000,1.81320,49.63590,24.83550,11.97790,3.27810,4.41120,7.59780,1.9525,1.9196
2017-09-30,401.04900,311.24800,89.80100,48.23300,-5.12100,55.36900,34.43200,-2.51600,31.91600,13.43700,18.47900,17.95900,15.98000,54.34900,34.43200,55.26900,55.89300,0.29000,0.29000,2.26170,0.51790,1.19910,22.39150,8.58550,8.58550,7.95810,3.98460,0.36130,1.45250,1.43380,62.77040,19.17340,7.53730,1.61780,2.21970,7.03940,0.8032,0.6399
2017-06-30,358.35900,271.62000,86.73900,49.77500,-3.42300,55.24200,31.49700,-3.52500,27.97200,9.74600,18.22600,18.47400,15.80500,50.07100,31.49700,55.30300,56.01000,0.29000,0.28000,2.16710,0.54300,1.32160,24.20450,8.78920,8.78920,7.80560,4.41040,0.32190,1.03600,1.66340,54.10460,25.92480,8.44980,1.65930,2.28400,6.69040,-0.29530,-0.61570
2017-03-31,244.18400,204.93300,39.25100,55.26400,-5.43200,62.81300,-23.56200,-3.48900,-27.05100,-10.91300,-16.13800,-18.05200,-16.54800,-4.91900,-23.56200,54.91900,55.62400,-0.30000,-0.31000,1.72260,0.51920,1.25300,16.07440,-9.64930,-9.64930,-11.07810,-6.77690,0.23340,0.79300,1.44540,62.26810,-45.82420,-9.50690,-1.72530,-2.53620,6.18400,-0.2401,-0.426
2016-12-31,294.71600,225.27500,69.44100,44.01100,-2.13800,48.26500,21.17600,-3.44900,17.72700,5.98600,11.74100,10.25800,7.71200,39.55800,21.17600,54.55700,55.16700,0.14000,0.14000,1.82200,0.47910,1.08140,23.56200,7.18520,7.18520,6.01490,2.61680,0.29850,1.01190,1.90660,47.20420,20.74210,5.14430,1.03910,1.51230,6.41040,1.2896,0.9838
2016-09-30,360.78500,270.27300,90.51200,44.39100,-0.73700,47.25600,43.25600,-2.81200,40.44400,15.34800,25.09600,24.28100,20.87500,61.62700,43.25600,54.42900,55.27600,0.38000,0.38000,1.89840,0.51640,1.23210,25.08750,11.98940,11.98940,11.21000,5.78600,0.34200,1.21080,1.67580,53.70640,56.67040,12.65760,2.30180,3.37190,6.32870,0.8269,0.6257
2016-06-30,357.57600,260.97000,96.60600,58.75900,-0.20200,61.14800,35.45800,-1.74700,33.71100,14.19400,19.51700,19.42100,15.93200,53.82500,35.45800,54.07100,54.92800,0.29000,0.29000,1.88720,0.54880,1.38970,27.01690,9.91620,9.91620,9.42760,4.45560,0.33270,1.09320,1.68540,53.40130,97.25070,11.50510,1.80720,2.67560,5.96680,-0.00240,-0.23170
2016-03-31,245.39800,195.89400,49.50400,50.77300,-0.25400,53.20200,-3.69800,-2.74600,-6.44400,0.34200,-6.78600,-11.08500,-11.11900,-3.69800,-3.69800,53.97800,55.17600,-0.20000,-0.20000,1.74300,0.54580,1.38120,20.17290,-1.50700,-1.50690,-2.62590,-4.53100,0.23660,0.85000,1.31310,68.53960,349.13120,-7.57630,-1.06860,-1.63960,5.64070,0.1165,-0.1299
2015-12-31,312.82700,237.98500,74.84200,42.03000,0.60300,43.60900,31.23300,-7.28400,23.94900,10.09000,13.85900,12.94200,11.43100,31.23300,31.23300,54.13300,55.40200,0.21000,0.21000,1.74240,0.53360,1.31730,23.92440,9.98410,9.98410,7.65570,3.65410,0.31180,1.19240,1.82120,49.41750,825.39270,8.56460,1.29000,1.92980,5.76740,2.0298,1.8518
2015-09-30,383.32900,296.80000,86.52900,48.26700,-0.29500,50.90300,35.62600,-14.13900,21.48700,5.18700,16.30000,15.92800,10.74100,35.62600,35.62600,53.88200,55.19400,0.20000,0.19000,2.00070,0.59530,1.65200,22.57300,9.29380,9.29380,5.60540,2.80200,0.34600,1.38440,1.50570,59.77230,-173.46950,11.39130,1.43790,2.11980,5.62070,0.6365,0.4561
2015-06-30,349.12400,274.64700,74.47700,39.91200,-0.86600,43.30400,31.17300,-10.86600,20.30700,7.87900,12.42800,12.78200,10.34800,31.17300,31.17300,53.62300,55.00000,0.19000,0.19000,2.27380,0.61930,1.71960,21.33250,8.92890,8.92890,5.81660,2.96400,0.31280,1.09720,1.52000,59.20980,-73.00230,8.78480,1.14520,1.62120,5.57510,-0.32990,-0.53960
2015-03-31,207.05400,182.67000,24.38400,44.31400,0.17600,46.34110,-21.95710,-13.91200,-35.86900,-11.58300,-24.28600,-24.90900,-22.27400,-21.95710,-21.95710,51.34400,51.34400,-0.42000,-0.42000,2.06260,0.60450,1.61720,11.77660,-10.60450,-10.60450,-17.32350,-10.75760,0.19950,0.70110,1.34190,67.06680,70.47590,-19.39770,-2.39940,-3.45500,5.32760,-0.2547,-0.4665
2014-12-31,279.87100,230.58400,49.28700,36.36200,-0.19300,38.88300,10.40400,-10.18700,0.21700,2.49800,-2.28100,-3.26900,-4.94800,10.40400,10.40400,52.98600,52.98600,-0.09000,-0.09000,2.38020,0.53100,1.21210,17.61060,3.71740,3.71740,0.07750,-1.76800,0.29050,1.04930,1.73700,51.81210,-39.30980,-1.71190,-0.33930,-0.46350,6.21730,1.4394,1.3103
2014-09-30,366.71400,296.57700,70.13700,36.94000,-0.28100,39.83100,30.30600,-4.80400,25.50200,7.35900,18.14300,18.08100,20.55300,30.30600,30.30600,51.51800,56.47700,0.40000,0.40000,2.38550,0.56480,1.36730,19.12580,8.26420,8.26420,6.95420,5.60460,0.34330,1.27690,1.49040,60.38530,198.30110,9.33890,1.69270,2.34390,6.34250,0.654,0.535
2014-06-30,326.43400,265.12900,61.30500,38.72000,-0.06400,41.39700,19.90800,-4.83500,15.07300,8.01000,7.06300,6.40100,-12.88400,19.90800,19.90800,47.53600,47.53600,-0.27000,-0.27000,2.41080,0.68410,2.27380,18.78020,6.09860,6.09860,4.61750,-3.94690,0.30620,1.04510,1.52620,58.97140,-0.83530,6.57920,0.60050,0.83540,5.08610,-0.39010,-0.55500
2014-03-31,181.23200,170.58200,10.65000,46.23600,-1.19900,48.53100,-37.88100,-4.13000,-41.35300,-22.05300,-19.30000,-12.17000,-12.17000,-37.88100,-37.88100,47.41100,47.41100,-0.32000,-0.32000,2.29880,0.67650,2.19400,13.19910,-20.90200,-20.90200,-22.81770,-6.71520,0.18310,0.65640,1.22230,73.63150,1.98660,-15.01760,-1.22980,-1.72500,24.96980,-0.718,-1.0568
2013-12-31,260.64400,201.30200,59.34200,30.01200,-0.47000,33.09500,26.24700,-4.03900,22.20800,23.56500,-1.35700,-2.81800,-9.79100,26.24700,26.24700,47.25100,47.25100,-0.21000,-0.21000,,,,22.76750,10.07010,10.07010,8.52040,-3.75650,,,,,,,,,,1.8521,1.7283
2013-09-30,332.72700,267.13900,65.58800,32.29000,-0.20400,35.11400,30.47400,-4.69700,25.77700,8.92800,16.84900,16.65700,10.12900,30.47400,30.47400,47.25000,47.57900,0.21000,0.21000,,,,19.71230,9.15890,9.15890,7.74720,3.04420,,,,,,,,,,0.7557,0.5765
2013-06-30,292.57900,236.22900,56.35000,29.60700,4.73600,27.49100,28.85900,-4.77300,24.08600,9.21100,14.87500,14.54900,9.98600,28.85900,28.85900,47.19000,47.68900,0.21000,0.21000,,,,19.25980,9.86370,9.86370,8.23230,3.41310,,,,,,,,,,-0.57950,-0.85730
2013-03-31,,,,,,,,,,,,,,,,,,,0.00000,,,,,,,,,,,,,,,,,,0,0
2012-03-31,,,,,,,,,,,,,,,,,,,0.00000,,,,,,,,,,,,,,,,,,0,0
