Date,revenue,cost-goods-sold,gross-profit,selling-general-administrative-expenses,operating-expenses,operating-income,total-non-operating-income-expense,pre-tax-income,total-provision-income-taxes,income-after-taxes,other-income,income-from-continuous-operations,income-from-discontinued-operations,net-income,ebitda,ebit,basic-shares-outstanding,shares-outstanding,eps-basic-net-earnings-per-share,eps-earnings-per-share-diluted,long-term-debt-capital,debt-equity-ratio,operating-margin,ebit-margin,pre-tax-profit-margin,net-profit-margin,asset-turnover,roe,return-on-tangible-equity,roa,roi,book-value-per-share,operating-cash-flow-per-share,free-cash-flow-per-share
2023-09-30,37.13400,11.55500,25.57900,5.39200,13.72400,11.85500,-9.23900,2.61600,0.09500,2.52100,,2.52100,,2.48600,20.47800,11.85500,49.53400,50.63700,0.05000,0.05000,0.59380,1.46170,31.92490,31.92490,7.04480,6.69470,0.03320,0.58240,0.58240,0.22560,0.23660,8.73020,0.2761,0.2003
2023-06-30,36.46000,11.66600,24.79400,5.17500,13.53500,11.25900,0.33100,11.59000,0.12500,11.46500,,11.46500,,11.30600,19.91400,11.25900,49.42600,50.25900,0.23000,0.22000,0.60100,1.50640,30.88040,30.88040,31.78830,31.00930,0.03230,2.65690,2.65690,1.01560,1.06010,8.71390,0.334,-0.0091
2023-03-31,35.85100,10.79400,25.05700,5.08400,12.93000,12.12700,-8.10700,4.02000,0.11900,3.90100,,3.90100,,3.84700,20.27900,12.12700,49.42400,50.16000,0.08000,0.08000,0.60100,1.50630,33.82610,33.82610,11.21310,10.73050,0.03280,0.93210,0.93210,0.35660,0.37190,8.46800,0.09800,0.02760
2022-12-31,34.91800,10.17500,24.74300,5.00300,13.04900,11.69400,8.64500,20.33900,0.10900,20.23000,,20.23000,,19.93900,20.01600,11.69400,49.25600,49.95000,0.41000,0.40000,0.59570,1.47350,33.48990,33.48990,58.24790,57.10230,0.03170,4.76610,4.76610,1.83450,1.92690,8.58820,0.222,0.4854
2022-09-30,35.38300,11.83000,23.55300,4.83200,12.72100,10.83200,-6.74500,4.08700,0.11200,3.97500,,3.97500,,3.91500,18.99700,10.83200,49.27400,50.12900,0.08000,0.08000,0.60790,1.55020,30.61360,30.61360,11.55080,11.06460,0.03220,0.96720,0.96720,0.36140,0.37920,8.32260,0.3016,0.2435
2022-06-30,34.99700,11.19800,23.79900,5.18200,13.04400,10.75500,-6.24900,4.50600,0.10000,4.40600,,4.40600,,4.33800,18.89000,10.75500,49.14700,50.04700,0.09000,0.09000,0.61090,1.56980,30.73120,30.73120,12.87540,12.39540,0.03210,1.08410,1.08410,0.40460,0.42190,8.25380,0.2682,0.1912
2022-03-31,34.12300,10.09200,24.03100,3.04900,10.95900,13.07200,-5.78200,7.29000,0.10100,7.18900,,7.18900,,7.07800,21.25700,13.07200,49.14500,50.30600,0.14000,0.14000,0.61400,1.59050,38.30850,38.30850,21.36390,20.74260,0.03120,1.77580,1.77580,0.65650,0.68550,8.23720,0.09770,0.03090
2021-12-31,33.25800,10.46300,22.79500,6.58900,14.08100,8.71400,-5.95500,2.75900,0.11100,2.64800,,2.64800,,2.60800,16.48000,8.71400,45.48600,46.33600,0.05000,0.05000,0.61700,1.61100,26.20120,26.20120,8.29580,7.84170,0.03020,0.66360,0.66360,0.24030,0.25420,8.11970,0.3523,-0.3741
2021-09-30,32.44400,10.37800,22.06600,5.67200,13.01200,9.05400,-6.00800,3.04600,0.10000,2.94600,,2.94600,,2.89900,16.66800,9.05400,46.88300,47.82500,0.06000,0.06000,0.61080,1.56910,27.90660,27.90660,9.38850,8.93540,0.03030,0.74720,0.74720,0.27510,0.29080,8.07290,0.3436,-0.8196
2021-06-30,30.61800,9.60400,21.01400,4.73000,11.83500,9.17900,-5.70700,3.47200,0.08700,3.38500,,3.38500,1.83300,5.12600,16.55800,9.17900,43.37800,44.12500,0.12000,0.12000,0.62650,1.67760,29.97910,29.97910,11.33970,16.74180,0.02960,0.92420,0.92420,0.32730,0.34520,8.01600,0.2246,0.1806
2021-03-31,29.04500,8.87700,20.16800,5.63400,12.64700,7.52100,-5.99300,1.52800,0.08700,1.44100,,1.44100,,1.41500,14.80800,7.52100,42.49500,43.33100,0.03000,0.03000,0.65600,1.90690,25.89430,25.89430,5.26080,4.87180,0.02800,0.42590,0.42590,0.13900,0.14650,7.94690,0.09470,0.05940
2020-12-31,29.83400,9.96600,19.86800,5.69900,12.89000,6.97800,-3.71600,3.26200,0.09100,3.17100,,3.17100,,3.11200,14.44300,6.97800,42.24400,42.99000,0.07000,0.07000,0.65570,1.90400,23.38940,23.38940,10.93380,10.43110,0.02850,0.93730,0.93730,0.30340,0.32270,7.98110,0.3223,0.2848
2020-09-30,29.90000,9.69900,20.20100,5.86000,13.03100,7.17000,-6.15100,1.01900,0.10500,0.91400,,0.91400,,0.90000,14.61800,7.17000,42.34600,43.44000,0.02000,0.02000,0.66470,1.98210,23.97990,23.97990,3.40800,3.01000,0.02810,0.27180,0.27180,0.08580,0.09110,7.93950,0.3472,0.2849
2020-06-30,27.59700,8.78000,18.81700,4.64400,11.61400,7.20300,-6.68800,0.51500,0.09600,0.41900,,0.41900,,0.41000,14.45300,7.20300,42.21200,42.76300,0.01000,0.01000,0.66740,2.00690,26.10070,26.10070,1.86610,1.48570,0.02580,0.12430,0.12430,0.03910,0.04130,7.95940,0.2043,0.1699
2020-03-31,30.58400,10.13300,20.45100,5.10000,12.07100,8.38000,-6.64600,1.73400,0.08700,1.64700,,1.64700,,1.61200,15.63300,8.38000,42.04800,43.00900,0.04000,0.04000,0.66440,1.98000,27.39990,27.39990,5.66960,5.27070,0.02850,0.48280,0.48280,0.15370,0.16200,8.09580,0.12120,0.08420
2019-12-31,30.10000,9.67000,20.43000,5.14700,12.02200,8.40800,7.91100,16.31900,0.07600,16.24300,,16.24300,-0.10700,15.77500,15.56400,8.40800,40.18400,41.46200,0.40000,0.38000,0.64610,1.82580,27.93360,27.93360,54.21590,52.40860,0.02850,4.60010,4.60010,1.53780,1.62790,8.51000,0.4283,-0.4903
2019-09-30,29.87900,9.52800,20.35100,5.59700,12.38600,7.96500,-6.01400,1.95100,0.10200,1.84900,,1.84900,,1.80700,15.03400,7.96500,40.18700,41.44600,0.04000,0.04000,0.65140,1.86840,26.65750,26.65750,6.52970,6.04770,0.02950,0.55570,0.55570,0.18280,0.19370,8.21260,0.2675,0.1798
2019-06-30,29.57800,9.23300,20.34500,4.91500,11.52700,8.81800,-6.01100,2.80700,0.10400,2.70300,,2.70300,0.70100,3.32700,15.72700,8.81800,39.88600,40.83900,0.08000,0.08000,0.64770,1.83860,29.81270,29.81270,9.49020,11.24820,0.02920,0.79860,0.79860,0.26680,0.28130,8.43300,0.3065,0.2144
2019-03-31,29.69400,8.47300,21.22100,6.00200,12.46600,8.75500,-5.79800,2.95700,0.11800,2.83900,,2.83900,,2.77400,15.45600,8.75500,39.64900,40.62600,0.07000,0.07000,0.64150,1.78970,29.48410,29.48410,9.95820,9.34200,0.02920,0.81570,0.81570,0.27870,0.29240,8.73870,0.14930,0.08890
2018-12-31,29.90100,9.84600,20.05500,5.29400,11.92900,8.12600,0.63400,8.76000,0.08600,8.67400,,8.67400,,8.46100,14.95100,8.12600,39.27400,40.61200,0.21000,0.20000,0.63250,1.72130,27.17630,27.17640,29.29670,28.29670,0.02910,2.41510,2.41510,0.84310,0.88750,9.02890,0.2662,0.1948
2018-09-30,30.70400,9.83100,20.87300,4.98200,11.45900,9.41400,-1.28900,8.12500,0.09200,8.03300,,8.03300,,7.83500,16.19000,9.41400,39.32700,40.63500,0.20000,0.19000,0.66000,1.94090,30.66050,30.66050,26.46240,25.51790,0.02900,2.33890,2.33890,0.75750,0.79530,8.63560,0.3151,0.4456
2018-06-30,29.47300,8.92200,20.55100,6.67800,12.97100,7.58000,-5.51600,2.06400,0.05900,2.00500,,2.00500,,1.95400,14.17400,7.58000,39.20400,40.67900,0.05000,0.05000,0.65880,1.93060,25.71850,25.71850,7.00300,6.62980,0.02780,0.57980,0.57980,0.18920,0.19780,8.70070,0.2655,0.2197
2018-03-31,29.78500,8.83200,20.95300,6.32700,12.60100,8.35200,-4.97300,3.37900,0.11000,3.26900,,3.26900,,3.18100,14.92800,8.35200,39.06600,40.08800,0.08000,0.08000,0.65380,1.88850,28.04100,28.04100,11.34460,10.67990,0.02780,0.92340,0.92340,0.30520,0.31970,9.03540,0.12720,0.13700
2017-12-31,33.83100,11.54900,22.28200,6.35100,13.65500,8.62700,-6.63100,1.99600,0.09000,1.90600,0.00500,1.91100,,1.91800,16.32200,8.62700,35.42800,36.25500,0.05000,0.06000,0.64780,1.83890,25.50030,25.50030,5.89990,5.66940,0.03160,0.53320,0.53320,0.17860,0.18780,9.13780,0.4126,0.0447
2017-09-30,33.65300,11.28500,22.36800,5.58100,12.82800,9.54000,-6.23400,3.30600,0.12600,3.18000,-0.10300,3.07700,,2.99300,17.26500,9.54000,37.99200,38.58900,0.07000,0.07000,0.65160,1.87050,28.34810,28.34810,9.82380,8.89370,0.03140,0.86850,0.86850,0.28750,0.30260,9.19650,0.3477,0.4051
2017-06-30,30.20800,9.86200,20.34600,5.84800,12.52900,7.81700,-5.52800,2.28900,0.08900,2.20000,-0.15700,2.04300,,1.98300,14.96100,7.81700,35.71600,36.54400,0.05000,0.05000,0.64840,1.84390,25.87730,25.87730,7.57750,6.56450,0.02820,0.56780,0.56780,0.19070,0.19960,9.33990,0.3526,-3.1319
2017-03-31,28.26700,9.41400,18.85300,6.16900,12.17700,6.67600,-5.01500,1.66100,0.08100,1.58000,-0.02300,1.55700,,1.44000,13.14300,6.67600,29.41600,30.40900,0.05000,0.04000,0.67430,2.07060,23.61770,23.61770,5.87610,5.09430,0.03300,0.58050,0.58050,0.18170,0.18900,8.97960,0.02900,-0.12080
2016-12-31,28.36500,9.63900,18.72600,7.45500,13.55000,5.17600,-4.92800,0.24800,0.04200,0.20600,0.34600,0.55200,,-0.11900,11.77300,5.17600,27.61800,28.38300,0.00000,0.00000,0.67030,2.03260,18.24790,18.24780,0.87430,-0.41950,0.03320,0.20620,0.20620,0.06450,0.06800,9.08220,0.4676,0.2801
2016-09-30,25.50800,8.31800,17.19000,6.21800,11.66700,5.52300,-4.50500,1.01800,0.08000,0.93800,0.02600,0.96400,,0.94900,11.48600,5.52300,28.19500,29.02400,0.03000,0.03000,0.67710,2.09650,21.65200,21.65200,3.99090,3.72040,0.02970,0.36770,0.36770,0.11230,0.11870,8.97330,0.3788,-1.8447
2016-06-30,25.12900,7.98700,17.14200,5.41300,10.93400,6.20800,-4.67000,1.53800,0.01100,1.52700,-0.01800,1.50900,,1.48400,12.27100,6.20800,26.81900,27.51300,0.05000,0.05000,0.67450,2.07230,24.70450,24.70450,6.12040,5.90550,0.03200,0.62470,0.62470,0.19200,0.20330,8.58420,0.3792,0.2401
2016-03-31,25.43500,8.14800,17.28700,4.83600,10.22800,7.05900,-4.70700,2.35200,0.15600,2.19600,2.89200,5.08800,,4.99700,12.83800,7.05900,26.60400,27.48900,0.18000,0.18000,0.67870,2.11250,27.75310,27.75310,9.24710,19.64620,0.03250,2.12700,2.12700,0.64980,0.68340,8.72200,0.20650,0.08760
2015-12-31,25.59500,8.78700,16.80800,5.14200,10.51500,6.29300,-4.17700,2.11600,0.09800,2.01800,0.06300,2.08100,0.00800,1.51200,12.04900,6.29300,24.63100,25.68300,0.07000,0.07000,0.66840,2.01610,24.58680,24.58680,8.26720,5.90740,0.03270,0.84250,0.84250,0.26610,0.27930,9.15090,0.4488,-0.0503
2015-09-30,24.59900,8.29700,16.30200,5.68700,10.83600,5.46600,-3.66700,1.79900,0.10000,1.69900,-0.14800,1.55100,0.04400,1.57000,10.98900,5.46600,26.47600,27.08200,0.05000,0.05000,0.66560,1.99030,22.22040,22.22040,7.31330,6.38240,0.03140,0.61930,0.61930,0.19790,0.20710,9.28370,0.3376,-2.9914
2015-06-30,21.97000,7.26400,14.70600,4.99800,9.67300,5.03300,-3.35400,1.67900,0.09100,1.58800,0.00500,1.59300,-0.03300,1.53400,10.08400,5.03300,22.86900,23.40100,0.06000,0.06000,0.61360,1.58810,22.90850,22.90850,7.64220,6.98220,0.03200,0.62730,0.62730,0.23240,0.24240,9.41270,0.2989,-1.7337
2015-03-31,21.25200,6.98700,14.26500,4.48500,9.04900,5.21600,-3.39900,1.81700,0.08300,1.73400,-0.10500,1.62900,-0.00800,1.59400,10.15400,5.21600,22.57700,23.22600,0.07000,0.06000,0.65810,1.92510,24.54360,24.54360,8.54980,7.50050,0.03320,0.77710,0.77710,0.25480,0.26570,9.00990,0.32340,-0.07170
2014-12-31,19.20600,6.54200,12.66400,4.52300,8.66100,4.00300,-3.03500,0.96800,0.07400,0.89400,,0.89400,2.01900,2.85800,8.47900,4.00300,22.27800,22.79300,0.12000,0.11000,0.64880,1.84740,20.84240,20.84250,5.04010,14.88080,0.03030,0.41910,0.41910,0.14090,0.14720,9.34150,0.2494,-3.8421
2014-09-30,18.53900,6.59100,11.94800,4.21200,8.13600,3.81200,-2.73100,1.08100,0.07200,1.00900,,1.00900,0.11200,1.10300,8.04300,3.81200,22.48200,22.69000,0.05000,0.05000,0.58510,1.41040,20.56210,20.56210,5.83100,5.94960,0.03400,0.46800,0.46800,0.18500,0.19420,9.44770,0.3306,-1.4502
2014-06-30,17.26200,6.21800,11.04400,3.58200,7.41600,3.62800,-2.41500,1.21300,0.05500,1.15800,-0.02400,1.13400,0.14600,1.25300,7.74000,3.62800,22.23500,22.44300,0.05000,0.05000,0.54760,1.21060,21.01730,21.01730,7.02700,7.25870,0.03420,0.51980,0.51980,0.22450,0.23510,9.61830,0.2725,0.1517
2014-03-31,17.37500,5.80100,11.57400,2.95700,6.78600,4.78800,-2.30800,2.48000,0.08100,2.39900,-0.08700,2.31200,0.12000,2.37200,8.89700,4.78800,21.82300,21.94900,0.11000,0.11000,0.54910,1.21760,27.55680,27.55680,14.27340,13.65180,0.03440,1.06370,1.06370,0.45810,0.47970,9.89670,0.27250,0.17730
2013-12-31,15.53700,5.63700,9.90000,3.23000,6.54700,3.35300,-2.28900,1.06400,0.06600,0.99800,-0.00100,0.99700,,1.28200,6.96900,3.35300,18.02700,18.27300,0.05000,0.05000,0.54190,1.18310,21.58080,21.58080,6.84820,8.25130,0.03060,0.45130,0.45130,0.19630,0.20670,10.06720,0.4574,-2.8002
2013-09-30,16.29100,6.81800,9.47300,2.72200,6.17200,3.30100,-2.57600,0.72500,0.09000,0.63500,,0.63500,,0.60400,7.10800,3.30100,17.03600,17.33100,0.04000,0.03000,0.61540,1.60010,20.26270,20.26270,4.45030,3.70760,0.03580,0.38160,0.38160,0.13970,0.14680,9.59510,0.3658,0.3274
2013-06-30,14.79500,5.36000,9.43500,2.51600,5.77600,3.65900,-2.54400,1.11500,0.07200,1.04300,-0.04000,1.00300,,0.95900,7.35000,3.65900,16.89100,17.11100,0.06000,0.06000,0.61580,1.60270,24.73130,24.73130,7.53630,6.48190,0.03280,0.60340,0.60340,0.22220,0.23180,9.74760,0.2517,-1.7183
2013-03-31,13.86900,4.86300,9.00600,2.44400,5.51700,3.48900,-2.43000,1.05900,0.06500,0.99400,-0.00800,0.98600,,0.94900,6.98400,3.48900,16.81900,16.93900,0.06000,0.06000,0.56170,1.28160,25.15680,25.15680,7.63570,6.84260,0.03420,0.58250,0.58250,0.24300,0.25530,9.94270,0.23220,-1.35570
2012-12-31,11.96300,4.32000,7.64300,2.22400,4.85700,2.78600,-4.39000,-1.60400,0.06300,-1.66700,0.00800,-1.65900,,-1.33700,6.01300,2.78600,13.49600,13.61300,-0.12000,-0.12000,0.52440,1.10250,23.28850,23.28850,-13.40800,-11.17610,0.03100,-0.95960,-0.95960,-0.43050,-0.45640,10.20400,0.1135,-1.5414
2012-09-30,11.61800,4.59800,7.02000,1.88800,4.57100,2.44900,-2.12300,0.32600,0.07700,0.24900,-0.07700,0.17200,,0.16300,5.64700,2.44900,13.84200,13.96100,0.01000,0.01000,0.48370,0.93700,21.07940,21.07940,2.80600,1.40300,0.03180,0.09600,0.09600,0.04700,0.04960,10.63530,0.2634,-4.9952
2012-06-30,10.98700,4.26200,6.72500,1.86300,4.15300,2.57200,-2.02400,0.54800,0.07000,0.47800,-0.01600,0.46200,,0.43100,5.23500,2.57200,11.74600,11.75400,0.04000,0.04000,0.52740,1.11590,23.40950,23.40950,4.98770,3.92280,0.03940,0.36810,0.36810,0.16580,0.17400,10.43690,0.2398,-0.6062
2012-03-31,10.42600,3.66200,6.76400,1.64100,3.92400,2.84000,-1.90300,0.93700,0.06500,0.87200,-0.01200,0.86000,,0.79300,5.38400,2.84000,11.62400,11.63800,0.07000,0.07000,0.51070,1.04390,27.23960,27.23960,8.98710,7.60600,0.03790,0.66900,0.66900,0.31300,0.32730,10.80780,0.20740,-0.04120
2011-12-31,9.96800,3.60900,6.35900,1.91100,3.53400,2.82500,-1.98600,0.83900,0.06000,0.77900,-0.12900,0.65000,,0.56600,5.06400,2.82500,9.02800,9.04200,0.06000,0.06000,0.49460,0.97840,28.34070,28.34070,8.41690,5.67820,0.03640,0.49730,0.49730,0.23770,0.25140,11.42740,0.3496,-4.2327
2011-09-30,8.79100,3.63800,5.15300,1.49500,3.65600,1.49700,-1.16600,0.33100,0.05400,0.27700,0.00100,0.27800,0.39700,0.57800,3.65800,1.49700,10.79700,10.80900,0.05000,0.05000,0.43450,0.76840,17.02880,17.02880,3.76520,6.57490,0.03530,0.20890,0.20890,0.11180,0.11820,12.11560,0.0982,-2.0146
2011-06-30,8.07000,3.10600,4.96400,1.77800,3.75400,1.21000,-1.39000,-0.18000,0.05800,-0.23800,,-0.23800,,-0.20000,3.18600,1.21000,8.52000,8.52000,-0.02000,-0.02000,0.42800,0.74830,14.99380,14.99380,-2.23050,-2.47830,0.03200,-0.17280,-0.17280,-0.09440,-0.09890,12.54110,-0.0186,-1.087
2011-03-31,8.08600,2.97400,5.11200,1.46400,3.45300,1.65900,-1.34200,0.31700,0.05300,0.26400,-0.01800,0.24600,,0.17900,3.64800,1.65900,5.47900,5.49900,0.03000,0.03000,0.55710,1.25810,20.51700,20.51700,3.92040,2.21370,0.04140,0.29830,0.29830,0.12590,0.13210,14.54310,0.50550,0.31610
2010-12-31,8.20200,3.29700,4.90500,1.25700,2.76700,2.13800,-1.26300,0.87500,0.05200,0.82300,-0.04700,0.77600,-0.02500,0.56600,4.08200,2.13800,4.01200,4.04100,0.12000,0.12000,0.54500,1.19760,26.06680,26.06680,10.66810,6.90080,0.04180,0.92070,0.92070,0.39500,0.41900,14.86210,0.4907,-1.5144
2010-09-30,7.85600,3.03800,4.81800,1.26300,3.07900,1.73900,-1.39400,0.34500,0.05600,0.28900,-0.07200,0.21700,0.01700,0.17100,3.55500,1.73900,4.02000,4.04000,0.04000,0.04000,0.54280,1.18720,22.13590,22.13590,4.39150,2.17670,0.03960,0.25340,0.25340,0.10940,0.11590,15.10090,0.9247,0.0517
2010-06-30,7.76600,2.99500,4.77100,1.27200,3.01700,1.75400,-1.39700,0.35700,0.10200,0.25500,-0.00800,0.24700,0.00800,0.16100,3.48500,1.75400,3.28200,3.30000,0.05000,0.05000,0.60930,1.55970,22.58560,22.58560,4.59700,2.07310,0.04410,0.38210,0.38210,0.14010,0.14930,6.18010,0.7107,0.5803
2010-03-31,7.70900,2.95300,4.75600,1.20000,2.93400,1.82200,-1.40000,0.42200,0.05400,0.36800,-0.03300,0.33500,,0.20700,3.55600,1.82200,3.24000,3.30300,0.06000,0.06000,0.60160,1.50980,23.63470,23.63470,5.47410,2.68520,0.04340,0.49800,0.49800,0.18860,0.19840,6.43720,0.44630,0.29520
2009-12-31,7.95400,3.22200,4.73200,1.46900,3.26800,1.46400,-0.16500,1.29900,0.05600,1.24300,-0.13800,1.10500,,0.68800,2.82300,1.46400,3.23600,3.30200,0.23000,0.22000,0.60350,1.52230,18.40580,18.40580,16.33140,8.64970,0.04370,1.65270,1.65270,0.60710,0.65520,19.40190,0.987,0.6787
2009-09-30,8.48400,3.26400,5.22000,1.54900,3.29000,1.93000,-0.94000,0.99000,0.05500,0.93500,-0.00500,0.93000,,0.60100,3.67100,1.93000,3.23600,3.30100,0.18000,0.18000,0.60370,1.52330,22.74870,22.74870,11.66900,7.08390,0.04590,1.38260,1.38260,0.50290,0.54790,6.50700,1.3827,-0.3665
2009-06-30,8.20300,3.31900,4.88400,1.62500,3.33500,1.54900,-1.40800,0.14100,0.05700,0.08400,-0.01200,0.07200,,0.04700,3.25900,1.54900,9.70700,9.89900,0.00000,0.00000,0.61720,1.61230,18.88330,18.88330,1.71890,0.57300,0.04380,0.10610,0.10610,0.03840,0.04060,6.56480,0.1944,0.1642
2009-03-31,8.04400,3.18600,4.85800,1.42900,3.13700,1.72100,-1.65800,0.06300,0.05400,0.00900,-0.04100,-0.03200,,-0.02100,3.42900,1.72100,9.70700,9.70700,0.00000,0.00000,0.61350,1.58700,21.39480,21.39480,0.78320,-0.26110,0.04290,-0.04620,-0.04620,-0.01710,-0.01780,6.70480,0.13060,-0.57690
