Date,revenue,cost-goods-sold,gross-profit,research-development-expenses,selling-general-administrative-expenses,other-operating-income-expenses,operating-expenses,operating-income,total-non-operating-income-expense,pre-tax-income,total-provision-income-taxes,income-after-taxes,income-from-continuous-operations,net-income,ebitda,ebit,basic-shares-outstanding,shares-outstanding,eps-basic-net-earnings-per-share,eps-earnings-per-share-diluted,current-ratio,long-term-debt-capital,debt-equity-ratio,gross-margin,operating-margin,ebit-margin,pre-tax-profit-margin,net-profit-margin,asset-turnover,inventory-turnover,receiveable-turnover,days-sales-in-receivables,roe,return-on-tangible-equity,roa,roi,book-value-per-share,operating-cash-flow-per-share,free-cash-flow-per-share
2024-03-31,695.40000,465.20000,230.20000,17.60000,86.70000,-3.10000,107.40000,122.80000,4.60000,127.40000,16.40000,111.00000,115.30000,115.30000,158.40010,122.80000,73.50000,74.30000,1.57000,1.55000,2.61090,0.02640,0.07690,33.10330,17.65890,17.65890,18.32040,16.58040,0.19300,1.08210,1.32710,67.81710,4.30130,4.50550,3.20070,4.18760,36.72060,1.59080,0.37150
2023-12-31,731.99990,453.80000,278.19990,18.40000,90.00000,-8.90000,117.29990,160.90000,7.30000,168.20000,34.50000,133.70000,137.00010,137.00000,196.80000,160.90030,74.30000,75.30000,1.85000,1.83000,2.88240,0.02460,0.07180,38.00550,21.98090,21.98090,22.97820,18.71590,0.19110,1.04390,1.42970,62.95080,4.75530,4.96850,3.57750,4.63810,39.19730,3.1753,1.7317
2023-09-30,747.40000,459.10000,288.30000,16.40000,89.00000,-5.60000,111.00000,177.30000,9.70000,187.00000,29.40000,157.60000,161.30000,161.30000,213.00000,177.30000,74.30000,75.30000,2.17000,2.14000,3.69690,0.05040,0.07230,38.57370,23.72220,23.72220,25.02010,21.58150,0.19910,1.06320,1.43980,62.50870,5.62370,5.87460,4.29590,5.34050,38.75950,3.0612,1.7862
2023-06-30,753.80000,462.40000,291.40000,16.50000,88.40000,-4.00000,108.90000,182.50000,2.40000,184.90000,34.80000,150.10000,155.10000,155.10000,216.60000,182.50000,74.30000,75.40000,2.08000,2.06000,3.66340,0.06960,0.07570,38.65750,24.21070,24.21070,24.52910,20.57580,0.20540,1.02890,1.41060,63.80470,5.64680,5.91560,4.22660,5.25350,37.16780,2.2513,1.2469
2023-03-31,716.60000,445.30000,271.30000,17.10000,86.00000,-12.90000,116.00000,155.29990,2.60000,157.90000,23.60000,134.30000,140.00000,140.00000,186.89990,155.29990,74.50000,75.70000,1.88000,1.85000,3.62160,0.06910,0.07500,37.85930,21.67180,21.67180,22.03460,19.53670,0.19240,0.99620,1.39580,64.47950,5.04290,5.28180,3.75980,4.69440,37.41510,1.82430,0.73980
2022-12-31,708.70000,446.59990,262.10000,15.90000,85.70000,-30.80000,132.40010,129.70000,-1.00000,128.70000,28.90000,99.80000,103.00000,103.00000,160.80000,129.70000,74.40000,75.80000,1.38000,1.37000,3.69850,0.07150,0.07780,36.98320,18.30110,18.30110,18.16000,14.53370,0.19590,1.07670,1.39670,64.43630,3.83630,4.02470,2.84780,3.56200,36.23350,3.0363,1.7876
2022-09-30,686.90000,418.90000,268.00000,13.60000,66.30000,-1.90000,81.80000,186.20000,-50.00000,136.20000,20.40000,115.80000,120.60000,120.60000,216.00000,186.20000,74.40000,75.70000,1.62000,1.59000,3.79590,0.07740,0.08470,39.01590,27.10730,27.10730,19.82820,17.55710,0.20710,1.01400,1.41540,63.58570,4.88100,5.13480,3.63600,4.50340,33.38920,2.2368,1.4709
2022-06-30,771.30000,449.80000,321.50000,14.40000,81.50000,2.80000,93.10000,228.40000,-1.20000,227.20000,44.20000,183.00000,188.50000,188.50000,258.50000,228.40000,74.40000,75.80000,2.53000,2.48000,3.13410,0.07890,0.10390,41.68290,29.61240,29.61240,29.45680,24.43930,0.22940,1.09280,1.45970,61.65700,7.77510,8.20350,5.60730,7.16130,32.76220,2.2889,1.4146
2022-03-31,720.00000,435.40000,284.60000,14.60000,83.40000,3.10000,94.90000,189.70000,-1.90000,187.80000,21.20000,166.60000,173.80000,173.80000,219.30000,189.70000,74.40000,76.00000,2.34000,2.29000,2.89070,0.08220,0.10850,39.52780,26.34720,26.34720,26.08330,24.13890,0.21850,1.04540,1.44380,62.33750,7.47140,7.91580,5.27510,6.85740,31.39270,1.98950,1.12370
2021-12-31,730.80010,430.20000,300.60010,13.70000,98.00000,-4.90000,116.60020,183.99990,-2.10000,181.90010,34.20000,147.70000,147.70000,147.70000,218.39990,184.00000,74.40000,76.30000,1.95000,1.90000,2.93220,0.08210,0.10830,41.13300,25.17790,25.17790,24.89050,20.21070,0.22050,1.13690,1.49450,60.22170,6.32440,6.70600,4.45710,5.80540,31.47440,2.0856,1.0921
2021-09-30,706.50000,418.30000,288.20000,13.10000,91.90000,-1.80000,106.80000,181.40000,-0.30000,181.10000,12.00000,169.10000,175.60000,175.60000,211.40000,181.40000,74.10000,76.00000,2.37000,2.31000,2.86130,0.08700,0.11540,40.79260,25.67590,25.67590,25.63340,24.85490,0.22480,1.18230,1.48300,60.68790,7.97350,8.49420,5.58770,7.27970,29.72070,2.4891,1.6358
2021-06-30,723.60000,408.50000,315.10000,13.80000,92.70000,2.70000,103.80000,211.30000,-0.30000,211.00000,32.30000,178.70000,187.30000,187.30000,240.10000,211.30000,74.00000,75.70000,2.53000,2.47000,3.12530,0.11020,0.12500,43.54620,29.20120,29.20120,29.15980,25.88450,0.24670,1.18340,1.50590,59.76370,9.21480,9.88490,6.38490,8.19910,27.46760,1.9091,1.1565
2021-03-31,670.70000,398.80000,271.90000,12.20000,80.20000,-3.90000,96.30000,175.60000,-0.70000,174.90000,28.70000,146.20000,151.20000,151.20000,204.70000,175.60000,73.90000,75.80000,2.04000,1.99000,2.74860,0.12120,0.13920,40.53970,26.18160,26.18160,26.07720,22.54360,0.24480,1.28560,1.44020,62.49140,8.26680,8.94250,5.51890,7.26470,24.78320,1.17020,0.44850
2020-12-31,580.20000,369.10000,211.10000,12.90000,76.30000,-5.80000,95.00000,116.10000,-1.00000,115.10000,20.40000,94.70000,98.40000,98.40000,144.60000,116.09990,73.90000,75.80000,1.32000,1.28000,2.72880,0.12000,0.13760,36.38400,20.01030,20.01030,19.83800,16.95970,0.20770,1.14880,1.50580,59.76730,5.30600,5.74460,3.52210,4.66930,25.06080,1.9617,1.2005
2020-09-30,548.00000,353.40000,194.60000,12.50000,76.20000,-6.70000,95.40000,99.20000,-1.50000,97.70000,21.10000,76.60000,82.30000,82.30000,127.60000,99.20000,73.90000,75.80000,1.11000,1.09000,2.76590,0.12850,0.14880,35.51100,18.10220,18.10220,17.82850,15.01830,0.21220,1.19840,1.46920,61.25910,4.78790,5.21220,3.18650,4.17280,23.25980,1.5539,0.9309
2020-06-30,527.20000,332.10000,195.10000,10.80000,77.70000,-3.00000,91.50000,103.60000,-1.60000,102.00000,16.00000,86.00000,91.20000,91.20000,129.80000,103.60000,73.80000,75.50000,1.24000,1.21000,2.96000,0.13650,0.15950,37.00680,19.65100,19.65100,19.34750,17.29890,0.22040,1.20850,1.54790,58.14490,5.67760,6.21470,3.81220,4.90270,21.76560,1.9616,1.4702
2020-03-31,491.50000,324.50000,167.00000,10.70000,71.80000,3.50000,79.00000,88.00000,-1.50000,86.50000,15.00000,71.50000,74.30000,74.30000,114.00000,88.00000,73.90000,75.50000,1.01000,0.99000,2.83830,0.14580,0.17230,33.97760,17.90440,17.90440,17.59920,15.11700,0.21880,1.29280,1.47600,60.97660,4.98590,5.48260,3.30740,4.25890,20.24730,0.75630,0.33110
2019-12-31,470.60000,317.40000,153.20010,10.20000,69.00000,4.10000,75.10010,78.10000,-0.70000,77.40000,16.50000,60.90000,63.90000,63.90000,104.39990,78.10000,74.00000,75.40000,0.86000,0.85000,3.09920,0.13950,0.16360,32.55420,16.59580,16.59580,16.44710,13.57840,0.20100,1.34660,1.47380,61.06460,4.06180,4.45110,2.72910,3.49520,21.23080,1.4157,0.9155
2019-09-30,456.10000,308.30000,147.80000,9.30000,64.80000,-6.40000,80.50000,67.30010,-2.40000,64.90000,10.90000,54.00000,56.30000,56.30000,92.60010,67.30010,74.00000,75.50000,0.76000,0.75000,2.99730,0.11590,0.13120,32.40520,14.75560,14.75560,14.22930,12.34380,0.20980,1.33810,1.44290,62.37450,3.78460,4.16330,2.58970,3.34580,20.10270,1.421,1.0051
2019-06-30,469.70000,311.80000,157.90000,9.60000,70.30000,2.50000,77.40000,80.50000,-0.90000,79.60000,15.50000,64.10000,66.10000,66.10000,106.80000,80.50000,73.70000,75.10000,0.90000,0.88000,3.01500,0.11940,0.13560,33.61720,17.13860,17.13860,16.94700,14.07280,0.22120,1.34220,1.41990,63.38510,4.57410,5.05660,3.11320,4.02780,19.60790,1.4012,1.0233
2019-03-31,443.50000,296.70000,146.80000,9.80000,68.60000,2.30000,76.10000,70.70000,-0.80000,69.90000,16.10000,53.80000,55.40000,55.40000,96.20000,70.70000,74.10000,75.30000,0.75000,0.73000,2.88140,0.12490,0.14280,33.10030,15.94140,15.94140,15.76100,12.49150,0.21780,1.31230,1.39380,64.57270,4.04530,4.45050,2.72080,3.53990,18.63270,0.63210,0.24970
2018-12-31,422.49990,289.30000,133.19990,9.80000,59.70000,2.10000,67.40010,65.79980,0.00000,65.80000,14.90000,50.90000,52.00000,52.00000,92.09980,65.79990,73.90000,75.40000,0.70000,0.68000,3.15260,0.12310,0.14040,31.52660,15.57390,15.57390,15.57400,12.30770,0.21350,1.34870,1.46600,61.39170,3.72410,4.09380,2.62770,3.26570,18.84350,0.9822,0.5803
2018-09-30,431.70000,296.10000,135.60000,10.10000,64.90000,0.20000,74.80000,60.80000,0.30000,61.10000,8.00000,53.10000,55.20000,55.20000,87.00000,60.80000,73.90000,75.70000,0.75000,0.73000,2.94360,0.12670,0.14510,31.41070,14.08390,14.08390,14.15340,12.78670,0.22180,1.43180,1.42520,63.14800,4.08340,4.50800,2.83640,3.56590,18.24290,1.1521,0.808
2018-06-30,447.50000,305.30000,142.20000,10.80000,70.00000,-1.10000,81.90000,60.30000,-0.20000,60.10000,6.00000,54.10000,56.10000,56.10000,85.80000,60.30000,73.60000,75.00000,0.76000,0.75000,2.66660,0.13290,0.15320,31.77650,13.47490,13.47490,13.43020,12.53630,0.23880,1.46640,1.50830,59.67150,4.37630,4.86300,2.99410,3.79490,17.44080,1.0973,0.8255
2018-03-31,415.70000,281.30000,134.40000,9.60000,68.30000,-3.10000,81.00000,53.40000,0.30000,53.70000,12.50000,41.20000,43.60000,43.60000,79.80000,53.40000,73.90000,75.50000,0.59000,0.58000,2.82270,0.13170,0.15170,32.33100,12.84580,12.84580,12.91800,10.48830,0.22230,1.30410,1.43150,62.87230,3.34020,3.71470,2.33210,2.90030,17.73510,0.59600,0.22520
2017-12-31,415.59990,287.00000,128.59990,9.70000,59.60000,1.10000,68.19990,60.40000,-1.10000,59.30000,61.80000,-2.50000,,0.00000,85.30000,60.40000,73.90000,75.80000,-0.01000,0.00000,2.66010,0.13340,0.15390,30.94320,14.53320,14.53320,14.26850,0.00000,0.22310,1.33360,1.64140,54.83160,,,,,17.31940,1.0783,0.6874
2017-09-30,398.20000,273.10000,125.10000,9.10000,62.60000,9.50000,62.20000,62.90000,0.00000,62.90000,14.00000,48.90000,51.00000,51.00000,87.90000,62.90000,74.20000,75.90000,0.69000,0.67000,2.58970,0.12990,0.17450,31.41640,15.79610,15.79610,15.79610,12.80760,0.20630,1.26550,1.58140,56.91110,3.87270,4.29550,2.64190,3.36970,17.72410,0.9969,0.5461
2017-06-30,397.60000,272.60000,125.00000,10.00000,61.30000,-11.70000,83.00000,42.00000,-1.30000,40.70000,2.90000,37.80000,38.80000,38.80000,65.50000,42.00000,73.90000,75.80000,0.53000,0.51000,2.48370,0.13610,0.18470,31.43860,10.56340,10.56340,10.23640,9.75860,0.21570,1.29010,1.64030,54.86920,3.12300,3.48390,2.10530,2.69800,16.78920,1.122,0.7388
2017-03-31,387.70000,253.50000,134.20000,10.30000,62.50000,-0.90000,73.70000,60.50000,-1.00000,59.50000,2.20000,57.30000,60.90000,60.90000,83.80000,60.50000,73.30000,74.90000,0.83000,0.81000,2.54430,0.14250,0.19560,34.61440,15.60490,15.60490,15.34690,15.70800,0.22370,1.19410,1.72460,52.18470,5.21140,5.84450,3.51310,4.46870,15.87770,0.27640,-0.22430
2016-12-31,382.29990,258.60000,123.69990,9.60000,60.70000,-0.70000,71.00000,52.69990,0.50000,53.20000,16.10000,37.10000,39.20000,39.20000,75.49990,52.69990,73.30000,75.00000,0.53000,0.51000,2.66350,0.16830,0.20460,32.35680,13.78500,13.78500,13.91580,10.25370,0.22270,1.29750,1.90670,47.20120,3.50780,3.95480,2.28350,2.91730,15.28730,0.9573,0.324
2016-09-30,376.70000,255.60000,121.10000,9.00000,58.30000,-2.50000,69.80000,51.30000,-2.00000,49.30000,14.40000,34.90000,37.60000,37.60000,74.20000,51.30000,73.30000,75.00000,0.51000,0.50000,2.77910,0.16680,0.20240,32.14760,13.61830,13.61830,13.08730,9.98140,0.21710,1.27100,1.79810,50.05310,3.29160,3.71280,2.16680,2.74270,15.60520,0.9092,0.2625
2016-06-30,388.00000,254.70000,133.30000,8.80000,62.50000,-0.80000,72.10000,61.20000,-1.70000,59.50000,17.00000,42.50000,44.70000,44.70000,83.90000,61.20000,73.30000,74.80000,0.61000,0.60000,2.75360,0.17100,0.20860,34.35570,15.77320,15.77320,15.33510,11.52060,0.22760,1.28830,1.77170,50.79900,4.02920,4.56310,2.62150,3.34010,15.15570,1.0183,0.5553
2016-03-31,362.10000,238.80000,123.30000,9.40000,58.10000,-25.80000,93.30000,30.00000,-2.20000,27.80000,6.90000,20.90000,22.10000,22.10000,52.30000,30.00000,72.50000,74.10000,0.31000,0.30000,2.61590,0.17610,0.21600,34.05140,8.28500,8.28500,7.67740,6.10330,0.21710,1.23030,1.72760,52.09610,2.05770,2.34480,1.32480,1.69540,14.69220,0.04050,-0.48580
2015-12-31,359.70000,240.10000,119.60010,10.00000,62.40000,-2.00000,74.40000,45.20010,-2.60000,42.60000,11.20000,31.40000,33.40000,33.40000,68.50010,45.20010,72.00000,73.80000,0.46000,0.45000,2.14350,0.18270,0.29120,33.24990,12.56610,12.56610,11.84320,9.28550,0.21220,1.32580,1.98290,45.38780,3.26200,3.78810,1.97040,2.66600,14.16180,0.924,0.3155
2015-09-30,344.50000,236.20000,108.30000,8.50000,54.60000,-48.70000,111.80000,-3.50000,-3.20000,-6.70000,-6.60000,-0.10000,1.50000,1.50000,18.90000,-3.50000,72.20000,73.90000,0.02000,0.02000,2.27040,0.18870,0.30390,31.43690,-1.01600,-1.01600,-1.94480,0.43540,0.20670,1.25840,1.77030,50.83890,0.15070,0.17630,0.09000,0.12230,13.80440,0.9282,0.5284
2015-06-30,359.70000,241.50000,118.20000,8.10000,60.80000,-10.20000,79.10000,39.10000,-3.00000,36.10000,9.20000,26.90000,27.80000,27.80000,61.30000,39.10000,72.00000,73.70000,0.39000,0.38000,2.16740,0.18970,0.33020,32.86070,10.87020,10.87020,10.03610,7.72870,0.21620,1.29010,1.80940,49.74150,2.80980,3.29110,1.67100,2.27660,13.74170,1.0517,0.6917
2015-03-31,335.90000,226.20000,109.70000,7.50000,55.20000,0.80000,61.90000,47.80000,-3.70000,44.10000,12.50000,31.60000,32.90000,32.90000,69.80000,47.80000,71.70000,73.30000,0.46000,0.45000,2.10760,0.19770,0.35140,32.65850,14.23040,14.23040,13.12890,9.79460,0.21050,1.23340,1.77260,50.77400,3.49590,4.13060,2.06140,2.80480,13.08900,-0.02590,-0.44070
2014-12-31,349.80000,240.10000,109.70000,7.80000,58.80000,1.50000,65.10000,44.60000,-3.00000,41.60000,11.70000,29.90000,31.40000,31.40000,66.60000,44.60000,70.90000,72.80000,0.44000,0.42000,2.61030,0.24370,0.35060,31.36080,12.75010,12.75020,11.89250,8.97660,0.20950,1.32290,1.95420,46.05490,3.28140,3.89430,1.88060,2.48180,13.42080,0.6267,0.2577
2014-09-30,355.90000,246.00000,109.90000,9.60000,56.00000,-0.30000,65.90000,44.00000,-2.70000,41.30000,11.70000,29.60000,31.00000,31.00000,67.10000,44.00000,71.00000,72.60000,0.44000,0.43000,2.80210,0.24540,0.35330,30.87950,12.36300,12.36300,11.60440,8.71030,0.21270,1.32470,1.81670,49.53920,3.19550,3.79760,1.85260,2.41130,13.64420,0.8774,0.4856
2014-06-30,368.90000,247.10000,121.80000,9.90000,57.50000,-0.30000,67.70000,54.10000,-3.70000,50.40000,14.00000,36.40000,37.60000,37.60000,77.20000,54.10000,70.80000,72.40000,0.53000,0.52000,3.09860,0.26980,0.37170,33.01710,14.66520,14.66520,13.66220,10.19250,0.21640,1.31510,1.76000,51.13580,3.86590,4.62770,2.20570,2.82300,13.73730,0.8866,0.5487
2014-03-31,346.80000,240.40000,106.40000,10.00000,56.40000,-0.70000,67.10000,39.30000,-3.60000,35.70000,9.80000,25.90000,27.10000,27.10000,61.10000,39.30000,70.60000,72.30000,0.38000,0.38000,3.01670,0.29480,0.43320,30.68050,11.33220,11.33220,10.29410,7.81430,0.20300,1.28210,1.66170,54.16090,2.89960,3.50450,1.58650,2.04480,13.23800,0.12170,-0.31670
2013-12-31,342.70010,236.10000,106.60010,9.70000,60.00000,0.00000,69.70000,36.90010,-3.40000,33.50000,10.70000,22.80000,23.60000,23.60000,59.00010,36.90010,69.60000,71.40000,0.33000,0.32000,2.74670,0.29060,0.41210,31.10590,10.76750,10.76750,9.77530,6.88650,0.20500,1.33470,1.84550,48.76860,2.60370,3.17250,1.41180,1.84710,12.91170,0.9635,0.4202
2013-09-30,341.80000,236.30000,105.50000,9.60000,56.10000,-0.10000,65.80000,39.70000,-4.00000,35.70000,10.60000,25.10000,26.80000,26.80000,61.60000,39.70000,69.80000,71.40000,0.38000,0.37000,2.60740,0.31290,0.47810,30.86600,11.61500,11.61500,10.44470,7.84080,0.20530,1.33730,1.72450,52.18840,3.20310,3.97150,1.61010,2.20070,12.00430,0.7349,0.3344
2013-06-30,344.50000,233.60000,110.90000,9.50000,59.70000,0.80000,68.40000,42.50000,-3.70000,38.80000,10.30000,28.50000,30.20000,30.20000,63.20000,42.50000,69.50000,70.80000,0.44000,0.43000,2.80430,0.33480,0.50340,32.19160,12.33670,12.33670,11.26270,8.76630,0.21360,1.32350,1.76400,51.02180,3.85110,4.84440,1.87260,2.56170,11.26720,1.121,0.815
2013-03-31,339.40000,227.70000,111.70000,9.10000,59.10000,-0.20000,68.40000,43.30000,-4.20000,39.10000,8.60000,30.50000,31.70000,31.70000,63.80000,43.30000,69.00000,70.30000,0.46000,0.45000,2.83370,0.36480,0.57660,32.91100,12.75780,12.75780,11.52030,9.34000,0.21520,1.31240,1.79580,50.11790,4.24990,5.41880,2.01000,2.69950,10.74780,0.26880,-0.60880
2012-12-31,321.50010,224.00000,97.50000,8.50000,58.70000,,66.00010,31.50000,-3.10000,28.40000,7.40000,21.00000,21.10000,21.10000,51.70000,31.50000,68.10000,71.80000,0.31000,0.31000,2.12870,0.34200,0.56450,30.32660,9.79780,9.79780,8.83360,6.56300,0.20560,1.38100,1.83710,48.98910,2.89480,3.72920,1.34910,1.90480,10.62540,0.9155,0.5046
2012-09-30,303.80000,213.40000,90.40000,8.20000,53.70000,,64.10000,26.30000,-3.90000,22.40000,9.00000,13.40000,14.80000,14.80000,45.60000,26.30000,68.30000,69.40000,0.22000,0.21000,2.02210,0.33550,0.55980,29.75640,8.65700,8.65700,7.37330,4.87160,0.19890,1.28630,1.66100,54.18370,2.06390,2.66810,0.96900,1.37140,10.45340,0.7929,0.3231
2012-06-30,324.80000,226.10000,98.70000,8.20000,54.40000,,63.10000,35.60000,-15.60000,20.00000,6.50000,13.50000,15.60000,15.60000,54.40000,35.60000,68.00000,73.20000,0.23000,0.22500,1.61460,0.30370,0.56730,30.38790,10.96060,10.96060,6.15760,4.80300,0.22200,1.42020,1.75570,51.26230,2.29580,3.00000,1.06640,1.59850,9.99260,0.7156,0.2043
2012-03-31,316.30000,215.20000,101.10000,8.30000,51.30000,,59.40000,41.70000,-3.90000,37.80000,9.80000,28.00000,29.20000,29.20000,60.30000,41.70000,67.80000,74.20000,0.43000,0.40500,1.66270,0.29800,0.54900,31.96330,13.18370,13.18370,11.95070,9.23170,0.21700,1.36030,1.79720,50.07900,4.20330,5.50110,2.00370,2.95070,10.12680,0.18600,-0.25070
2011-12-31,295.40010,210.10000,85.30010,7.20000,48.40000,,58.40000,26.90010,-4.00000,22.90000,5.50000,17.40000,18.90000,18.90000,45.30010,26.90010,67.30000,74.00000,0.27500,0.27000,1.94080,0.31370,0.53350,28.87610,9.10630,9.10630,7.75220,6.39810,0.21110,1.38410,2.00680,44.84770,2.88590,3.84620,1.35090,1.98070,9.71660,0.5648,0.1135
2011-09-30,293.60000,212.20000,81.40000,7.70000,45.70000,,55.30000,26.10000,-4.10000,22.00000,6.60000,15.40000,16.90000,16.90000,44.60000,26.10000,67.60000,74.00000,0.25000,0.24500,2.19580,0.31860,0.54680,27.72480,8.88960,8.88960,7.49320,5.75610,0.21000,1.36460,1.91770,46.93120,2.44470,3.21840,1.20860,1.66570,10.07730,0.5365,0.2094
2011-06-30,307.90000,223.30000,84.60000,7.30000,46.40000,,56.80000,27.80000,-4.30000,23.50000,5.30000,18.20000,20.10000,20.10000,47.10000,27.80000,67.20000,74.00000,0.30000,0.28500,2.64870,0.34540,0.53660,27.47650,9.02890,9.02890,7.63230,6.52810,0.21760,1.38520,1.85820,48.43460,2.88790,3.82350,1.42020,1.89050,10.14580,0.5358,0.2886
2011-03-31,295.40000,207.40000,88.00000,6.90000,50.60000,,59.20000,28.80000,-4.50000,24.30000,6.10000,18.20000,19.60000,19.60000,48.30000,28.80000,66.80000,73.60000,0.29500,0.28000,2.63180,0.35480,0.55950,29.79010,9.74950,9.74950,8.22610,6.63510,0.21620,1.32020,1.83250,49.11310,2.95580,3.97730,1.43470,1.90700,9.92660,0.12910,-0.13450
2010-12-31,276.79990,198.80000,78.00000,6.90000,50.40000,,72.00000,5.99990,-4.40000,1.60000,-3.70000,5.30000,6.00000,6.00000,25.49990,6.00000,66.60000,73.40000,0.09000,0.09500,2.57280,0.36400,0.57280,28.17920,2.16760,2.16760,0.57800,2.16760,0.21390,1.35240,2.18990,41.09830,0.95890,1.30980,0.46360,0.60990,9.39490,0.6431,0.3528
2010-09-30,271.40000,196.70000,74.70000,5.90000,44.90000,,49.40000,25.30000,-4.10000,21.20000,4.50000,16.70000,17.80000,17.80000,43.60000,25.30000,66.80000,73.40000,0.26500,0.25500,2.78890,0.36880,0.58650,27.52400,9.32200,9.32200,7.81130,6.55860,0.20880,1.32550,1.90060,47.35450,2.81600,3.84950,1.36970,1.77750,9.21430,0.6539,0.4196
2010-06-30,281.80000,198.60000,83.20000,5.70000,45.80000,,52.70000,30.50000,-3.80000,26.70000,6.60000,20.10000,21.70000,21.70000,48.20000,30.50000,66.60000,73.40000,0.32500,0.31000,2.54670,0.38460,0.62560,29.52450,10.82330,10.82330,9.47480,7.70050,0.23060,1.38590,1.93410,46.53300,3.80040,5.28490,1.77560,2.33890,8.32360,0.4297,0.228
2010-03-31,274.70000,192.50000,82.20000,5.40000,46.60000,,53.30000,28.90000,-3.90000,25.00000,6.20000,18.80000,19.80000,19.80000,46.60000,28.90000,66.20000,73.00000,0.30000,0.28500,2.20290,0.37530,0.63720,29.92360,10.52060,10.52060,9.10080,7.20790,0.21910,1.32940,1.87380,48.03060,3.41560,4.78960,1.57950,2.13360,8.45040,0.15750,-0.08490
2009-12-31,293.39990,209.50000,83.90000,5.80000,45.40000,,62.20000,21.69990,-3.90000,17.80000,-1.10000,18.90000,20.30000,20.30000,39.99990,21.70000,65.60000,72.60000,0.31000,0.29500,2.32150,0.39560,0.65550,28.59580,7.39600,7.39600,6.06680,6.91890,0.23080,1.62150,2.11540,42.54600,3.50540,4.95970,1.59720,2.11860,8.77420,0.7277,0.3323
2009-09-30,258.90000,187.20000,71.70000,5.10000,44.30000,,45.80000,25.90000,-3.50000,22.40000,6.00000,16.40000,17.20000,17.20000,44.20000,25.90000,65.80000,72.80000,0.26000,0.25000,2.45150,0.40990,0.70180,27.69410,10.00390,10.00390,8.65200,6.64350,0.20480,1.37750,1.81680,49.53650,3.04050,4.36550,1.36090,1.79410,8.24640,0.5323,0.1568
2009-06-30,261.00000,182.30000,78.70000,4.70000,45.10000,,50.00000,28.70000,-3.40000,25.30000,6.10000,19.20000,19.70000,19.70000,45.20000,28.70000,65.60000,72.40000,0.30000,0.28500,2.45330,0.42020,0.73210,30.15330,10.99620,10.99620,9.69350,7.54790,0.21440,1.40230,1.82010,49.44830,3.69610,5.20060,1.61810,2.14290,7.76970,0.6824,0.3436
2009-03-31,242.40000,173.10000,69.30000,4.30000,42.90000,,48.10000,21.20000,-3.60000,17.60000,2.50000,15.10000,15.40000,15.40000,36.20000,21.20000,65.40000,72.20000,0.23500,0.23000,2.56810,0.44010,0.79390,28.58910,8.74590,8.74590,7.26070,6.35310,0.21240,1.44250,1.76680,50.94060,3.15190,4.57520,1.34910,1.76480,7.12240,-0.04570,-0.38090
