Date,revenue,cost-goods-sold,gross-profit,selling-general-administrative-expenses,operating-expenses,operating-income,total-non-operating-income-expense,pre-tax-income,total-provision-income-taxes,income-after-taxes,income-from-continuous-operations,income-from-discontinued-operations,net-income,ebitda,ebit,basic-shares-outstanding,shares-outstanding,eps-basic-net-earnings-per-share,eps-earnings-per-share-diluted,long-term-debt-capital,debt-equity-ratio,operating-margin,ebit-margin,pre-tax-profit-margin,net-profit-margin,asset-turnover,roe,return-on-tangible-equity,roa,roi,book-value-per-share,operating-cash-flow-per-share,free-cash-flow-per-share
2023-09-30,519.60000,366.20000,153.40000,99.60000,114.40000,39.00000,-17.90000,21.10000,7.30000,13.80000,13.80000,,23.60000,52.50000,53.80000,2.52300,2.52300,9.19000,9.19000,0.11940,0.13560,7.50580,10.35410,4.06080,4.54200,0.06380,0.33140,0.36390,0.16950,0.29180,1626.64100,88.3964,88.3964
2023-06-30,378.40000,256.90000,121.50000,87.70000,102.90000,18.60000,-1.20000,17.40000,0.20000,17.20000,17.20000,,19.60000,33.10000,31.60000,2.52500,2.52500,7.65000,7.65000,0.12070,0.13720,4.91540,8.35090,4.59830,5.17970,0.04520,0.41690,0.45840,0.20530,0.36660,1611.68000,28.3453,28.3453
2023-03-31,531.90000,224.20000,307.70000,96.00000,110.20000,197.50000,1.60000,199.10000,11.90000,187.20000,187.20000,,179.50000,212.40000,211.70000,2.53900,2.53900,69.83000,69.83000,0.11970,0.13590,37.13100,39.80070,37.43190,33.74690,0.06680,4.57390,5.03690,2.35200,4.02660,1596.25600,33.71410,33.71410
2022-12-31,437.60000,158.80000,278.80000,136.70000,153.90000,124.90000,4.10000,129.00000,67.50000,61.50000,61.50000,0.00000,40.40000,138.00000,137.00000,2.82600,2.82600,15.73000,15.73000,0.12750,0.14620,28.54210,31.30710,29.47900,9.23220,0.05920,1.56290,1.73600,0.83230,1.36360,1529.93800,74.2208,74.2208
2022-09-30,383.20000,315.20000,68.00000,85.80000,95.70000,-27.70000,-3.30000,-31.00000,-7.40000,-23.60000,-23.60000,893.10000,888.20000,-15.40000,-17.80000,2.85600,2.85600,306.93000,306.93000,0.13730,0.15920,-7.22860,-4.64510,-8.08980,231.78500,0.05080,-0.61040,-0.67950,-0.31280,-0.52660,1500.89300,41.3702,41.3702
2022-06-30,76.70000,215.30000,-138.60000,83.80000,93.70000,-232.30000,-0.30000,-232.60000,-16.00000,-216.60000,-216.60000,6.40000,-169.20000,-214.80000,-222.50000,2.94100,2.94100,-56.80000,-56.80000,0.15040,0.17700,-302.86830,-290.09130,-303.25950,-220.59970,0.01000,-6.20270,-7.00060,-2.82730,-5.26990,1186.54400,27.507,27.507
2022-03-31,260.40000,196.30000,64.10000,69.90000,76.50000,-12.40000,-2.40000,-14.80000,-2.70000,-12.10000,-12.10000,3.70000,33.40000,1.40000,-5.80000,2.97700,2.97700,11.10000,11.10000,0.15850,0.18830,-4.76190,-2.22730,-5.68360,12.82640,0.03540,-0.32980,-0.46220,-0.16450,-0.27750,1225.55100,-13.94020,-13.94020
2021-12-31,186.20010,113.00000,73.20010,44.90000,37.19990,36.00010,28.30000,64.30000,-4.70000,69.00000,69.00000,-29.00000,32.80000,47.00010,35.40010,3.04300,3.04300,10.46000,10.46000,0.10200,0.11360,19.33410,19.01190,34.53280,17.61550,0.02660,1.86250,2.05100,0.98560,1.67250,1227.53500,-2.3823,-2.3823
2021-09-30,-92.40000,209.90000,-302.30000,51.90000,57.90000,-360.20000,-0.40000,-360.60000,28.60000,-389.20000,-389.20000,5.30000,-371.40000,-347.20000,-356.20000,3.05300,3.05300,-120.18000,-120.18000,0.16280,0.19440,389.82680,385.49780,390.25970,401.94800,-0.01300,-10.65050,-15.14810,-5.47120,-8.91700,1206.04000,10.5395,10.5395
2021-06-30,342.40000,120.00000,222.40000,57.30000,60.60000,161.80000,-0.40000,161.40000,30.00000,131.40000,131.40000,1.10000,138.50000,163.50000,164.60000,3.07000,3.07000,44.56000,44.56000,0.09450,0.10440,47.25470,48.07240,47.13790,40.44980,0.04700,3.19860,4.28880,1.80500,2.89630,1321.32500,34.7754,34.7754
2021-03-31,178.20000,127.50000,50.70000,138.40000,160.40000,-109.70000,-29.00000,-138.70000,-9.50000,-129.20000,-129.20000,18.70000,-75.30000,-80.10000,-96.90000,3.06800,3.06800,-24.30000,-24.30000,0.09840,0.10920,-61.56010,-54.37710,-77.83390,-42.25590,0.02580,-3.28260,-4.45690,-1.87230,-2.95950,1266.78500,-30.24770,-30.24770
2020-12-31,235.70000,-50.00000,285.70000,-59.10000,-89.00000,374.70000,-2.20000,372.50000,-111.90000,484.40000,484.40000,-11.00000,489.20000,347.09990,360.30000,3.08100,3.08100,155.28000,155.28000,0.08970,0.09860,158.97330,152.86380,158.03990,207.55200,0.04880,12.68760,15.95780,10.02610,11.54900,1230.78600,-23.6571,-23.6571
2020-09-30,459.50000,21.00000,438.50000,103.40000,116.30000,322.20000,-1.00000,321.20000,98.50000,222.70000,222.70000,-0.70000,232.90000,343.00000,329.70000,3.05900,3.05900,75.09000,75.09000,0.09800,0.10860,70.11970,71.75190,69.90210,50.68550,0.10480,6.72970,8.79230,5.08050,6.07040,1066.79600,16.684,16.684
2020-06-30,259.60000,25.30000,234.30000,89.30000,103.10000,131.20000,1.50000,132.70000,24.10000,108.60000,108.60000,-1.00000,115.40000,152.30000,138.40000,3.06400,3.06400,37.14000,37.14000,0.10250,0.11420,50.53930,53.31280,51.11710,44.45300,0.06490,3.54520,4.71480,2.71480,3.18190,987.52420,6.3246,6.3246
2020-03-31,-59.20000,22.00000,-81.20000,74.30000,85.10000,-166.30000,0.30000,-166.00000,-25.50000,-140.50000,-140.50000,0.90000,-128.80000,-148.40000,-160.60000,3.14400,3.14400,-40.54000,-40.54000,0.09060,0.09960,280.91220,271.28380,280.40540,217.56760,-0.01580,-4.74810,-6.07620,-3.75700,-4.31800,943.89160,-19.02040,-19.02040
2019-12-31,175.30000,19.80000,155.50000,91.20000,102.20000,53.30000,3.20000,56.50000,10.40000,46.10000,46.10000,-0.80000,60.90000,70.10000,57.90000,3.14100,3.14100,18.90000,18.90000,0.08270,0.09020,30.40500,33.02910,32.23050,34.74040,0.04400,1.46600,1.85140,1.15740,1.34470,987.34690,-15.2891,-15.2891
2019-09-30,155.50000,19.10000,136.40000,78.00000,87.00000,49.40000,1.70000,51.10000,8.80000,42.30000,42.30000,0.90000,48.70000,64.50000,53.80000,3.14200,3.14200,15.29000,15.29000,0.06970,0.07500,31.76850,34.59810,32.86170,31.31830,0.04050,1.37740,1.75520,1.10260,1.28140,964.17580,-23.6476,-23.6476
2019-06-30,129.00000,21.20000,107.80000,77.40000,85.70000,22.10000,-6.30000,15.80000,-0.10000,15.90000,15.90000,,20.50000,32.50000,26.20000,3.14100,3.14100,6.44000,6.44000,0.07120,0.07660,17.13180,20.31010,12.24810,15.89150,0.03440,0.52860,0.67940,0.42380,0.49100,944.39560,13.6623,13.6623
2019-03-31,433.60000,58.50000,375.10000,81.60000,91.90000,283.20000,-1.50000,281.70000,10.20000,271.50000,271.50000,0.70000,284.40000,298.00000,286.90000,3.14000,3.14000,89.64000,89.64000,0.06160,0.06560,65.31370,66.16700,64.96770,65.59040,0.11950,9.11590,11.00040,7.48000,8.55470,936.27790,-13.08920,-13.08920
2018-12-31,6.00000,79.50000,-73.50000,61.10000,70.20000,-143.70000,-0.40000,-144.10000,-3.60000,-140.50000,-140.50000,0.00000,-137.50000,-129.90000,-140.50000,3.34200,3.34200,-42.79000,-42.79000,0.06620,0.07090,-2394.99700,-2341.66300,-2401.66400,-2291.66400,0.00180,-5.16890,-6.44290,-4.17830,-4.82670,856.66560,0.2583,0.2583
2018-09-30,198.70000,74.80000,123.90000,66.20000,76.80000,47.10000,-2.80000,44.30000,-3.60000,47.90000,47.90000,-17.30000,40.80000,63.10000,50.30000,3.18900,3.18900,12.83000,12.83000,0.05470,0.05790,23.70410,25.31460,22.29490,20.53350,0.05810,1.68690,2.03450,1.39940,1.59460,892.67530,-2.0737,-2.0737
2018-06-30,122.30000,69.00000,53.30000,61.10000,65.30000,-12.00000,-0.40000,-12.40000,2.50000,-14.90000,-14.90000,,3.50000,-3.10000,-10.40000,3.39100,3.39100,1.02000,1.02000,0.05720,0.06060,-9.81190,-8.50370,-10.13900,2.86180,0.03630,-0.53260,-0.64650,-0.44240,-0.50220,879.71700,4.5581,4.5581
2018-03-31,42.10000,59.50000,-17.40000,45.10000,48.00000,-65.40000,-0.60000,-66.00000,0.70000,-66.70000,-66.70000,0.10000,-48.00000,-57.40000,-65.40000,3.71000,3.71000,-12.82000,-12.82000,0.00650,0.00650,-155.34450,-155.34450,-156.76960,-114.01430,0.01170,-2.02380,-2.06080,-1.85950,-2.01070,878.17750,-12.04850,-12.04850
2017-12-31,114.00000,51.80000,62.20000,53.10000,56.50000,5.70000,-0.50000,5.20000,-2.50000,7.70000,7.70000,4.30000,22.50000,17.00000,5.70000,4.23900,4.23900,5.94000,5.94000,0.00700,0.00710,5.00000,5.00000,4.56140,19.73690,0.03120,0.22910,0.23340,0.21040,0.22750,896.21330,0.4924,0.4924
2017-09-30,87.50000,34.10000,53.40000,41.70000,44.10000,9.30000,-0.90000,8.40000,-4.00000,12.40000,12.40000,539.10000,562.10000,16.30000,9.30000,4.24300,4.24300,130.81000,130.81000,0.00280,0.00280,10.62860,10.62860,9.60000,642.40000,0.02410,0.37160,0.37580,0.34090,0.37050,889.92000,17.1509,17.173
2017-06-30,83.50000,27.80000,55.70000,54.90000,57.40000,-1.70000,-0.50000,-2.20000,-1.00000,-1.20000,-1.20000,2.80000,13.60000,9.60000,-1.70000,4.51500,4.51500,2.97000,2.97000,0.00280,0.00280,-2.03590,-2.03590,-2.63470,16.28740,0.01230,-0.03190,-0.03230,-0.01770,-0.03180,823.29400,17.1068,17.0847
2017-03-31,88.80000,31.30000,57.50000,58.30000,60.70000,-3.20000,-0.40000,-3.60000,-0.30000,-3.30000,-3.30000,31.30000,29.00000,4.40000,-3.20000,4.51200,4.51200,6.34000,6.34000,0.07040,0.07580,-3.60360,-3.60360,-4.05410,32.65770,0.01360,-0.08780,-0.08910,-0.05060,-0.08160,821.69260,-12.43350,-12.43350
2016-12-31,268.20000,261.80000,6.40000,66.40000,69.50000,-63.10000,-3.70000,-66.80000,23.00000,-89.80000,-43.80000,-6.80000,-33.30000,-37.50000,-63.10000,4.56160,4.56160,-7.30000,-7.30000,0.00340,0.00340,-23.52720,-23.52720,-24.90680,-12.41610,0.04110,-1.17870,-1.19320,-0.67180,-1.17470,814.19810,-5.6076,-5.4206
2016-09-30,56.80000,27.70000,29.10000,42.40000,42.40000,-13.30000,-0.50000,-13.80000,-17.10000,3.30000,3.30000,84.40000,90.80000,-8.80000,-13.30000,4.79900,4.81100,18.65000,18.61000,0.07050,0.07590,-23.41550,-23.41550,-24.29580,159.85920,0.00850,0.08680,0.08820,0.04940,0.08070,830.18120,7.7341,7.8645
2016-06-30,49.20000,28.20000,21.00000,45.20000,45.20000,-24.20000,-0.90000,-25.10000,-4.00000,-21.10000,-21.10000,383.60000,341.10000,-26.80000,-24.20000,5.02960,5.04050,66.93000,66.79000,0.06600,0.07070,-49.18700,-49.18700,-51.01630,693.29270,0.00700,-0.51470,-0.52150,-0.29860,-0.48070,825.82590,-20.3446,-20.4251
2016-03-31,369.30000,269.20000,100.10000,87.10000,87.10000,13.00000,-4.50000,8.50000,-9.70000,18.20000,18.20000,1.10000,13.00000,24.40000,13.00000,5.48600,5.48700,2.34000,2.34000,0.11170,0.12570,3.52020,3.52020,2.30170,3.52020,0.03550,0.42950,0.47080,0.17510,0.38160,782.51150,-15.78280,-16.01970
2015-12-31,602.60000,281.90000,320.70000,67.90000,70.60000,250.10000,-3.80000,246.30000,1.00000,245.30000,247.30000,19.60000,267.90000,237.00000,250.10000,5.66620,5.66980,47.28000,47.25000,0.07170,0.07730,41.50350,41.50350,40.87290,44.45740,0.05860,5.66160,5.73440,2.40500,5.25540,776.67140,17.3485,11.0666
2015-09-30,296.10000,281.80000,14.30000,97.30000,97.30000,-83.00000,-3.90000,-86.90000,-1.60000,-85.30000,-81.40000,6.50000,-58.90000,-72.10000,-83.00000,5.89000,5.89000,-10.01000,-10.01000,0.08350,0.09110,-28.03110,-28.03110,-29.34820,-19.89190,0.02860,-1.93520,-2.12830,-0.78680,-1.77360,732.16710,20.8582,17.8571
2015-06-30,368.70000,307.00000,61.70000,63.40000,63.40000,-1.70000,-3.40000,-5.10000,-2.20000,-2.90000,3.90000,-0.50000,4.30000,3.90000,-1.70000,5.91400,5.91400,0.72000,0.72000,0.14370,0.16790,-0.46110,-0.46110,-1.38320,1.16630,0.03540,0.08750,0.09510,0.03740,0.07490,747.94500,3.7101,13.6688
2015-03-31,391.80000,276.90000,114.90000,110.10000,110.10000,4.80000,-4.30000,0.50000,4.60000,-4.10000,3.20000,73.80000,84.30000,20.10000,4.80000,5.92000,5.92000,14.09000,14.09000,0.14170,0.16520,1.22510,1.22510,0.12760,21.51610,0.03730,0.07050,0.07660,0.03050,0.06050,757.64350,-9.74660,-10.42230
2014-12-31,405.60000,376.90000,28.70000,83.20000,89.40000,-60.70000,-5.00000,-65.70000,26.20000,-91.90000,-39.50000,82.10000,69.90000,-53.00010,-60.70000,6.00000,6.00000,11.65000,11.65000,0.07030,0.07560,-14.96550,-14.96550,-16.19820,17.23370,0.03880,-0.87040,-0.94340,-0.37780,-0.80920,758.16910,-0.443,-0.6512
2014-09-30,323.20000,292.00000,31.20000,63.00000,63.00000,-31.80000,-3.70000,-35.50000,-4.70000,-30.80000,-23.80000,63.90000,51.30000,-36.70000,-31.80000,6.09100,6.09100,8.42000,8.42000,0.13100,0.15070,-9.83910,-9.83910,-10.98390,15.87250,0.02650,-0.52900,-0.52900,-0.19530,-0.45970,746.31710,27.2167,27.3163
2014-06-30,653.30000,463.50000,189.80000,70.30000,70.30000,119.50000,-10.00000,109.50000,24.50000,85.00000,97.50000,2.60000,95.50000,136.60000,119.50000,6.08000,6.08000,15.51000,15.51000,0.12820,0.14700,18.29180,18.29180,16.76110,14.61810,0.05290,2.11560,2.11560,0.78900,1.84450,749.24400,0.764,0.2046
2014-03-31,578.70000,405.80000,172.90000,50.30000,50.30000,122.60000,-10.10000,112.50000,30.90000,81.60000,95.40000,-0.50000,95.50000,138.00000,122.60000,6.10000,6.10000,15.48000,15.48000,0.13020,0.14960,21.18540,21.18540,19.44010,16.50250,0.04660,2.10690,2.10690,0.76830,1.83270,733.38200,-7.73770,-7.81970
2013-12-31,626.60000,426.50000,200.10000,55.60000,55.80000,144.30000,-10.10000,134.20000,27.40000,106.80000,118.50000,-0.30000,117.90000,144.30000,144.30000,6.17600,6.17600,19.09000,19.09000,0.13330,0.15380,23.02900,23.02900,21.41720,18.81580,0.05160,2.69480,2.70750,0.97580,2.33550,711.89900,-4.7108,-4.8949
2013-09-30,574.10000,465.40000,108.70000,41.50000,41.50000,67.20000,-11.90000,55.30000,8.20000,47.10000,55.70000,0.40000,57.20000,67.20000,67.20000,6.08100,6.08100,9.26000,9.26000,0.13630,0.15770,11.70530,11.70530,9.63250,9.96340,0.04660,1.29920,1.29920,0.45260,1.12220,694.05870,31.8369,31.1462
2013-06-30,489.30000,435.20000,54.10000,40.20000,40.20000,13.90000,-10.30000,3.60000,-0.60000,4.20000,11.30000,3.90000,26.30000,13.90000,13.90000,6.08100,6.08100,4.26000,4.26000,0.13900,0.16140,2.84080,2.84080,0.73570,5.37500,0.03980,0.26970,0.26970,0.09200,0.23220,678.49740,-7.1762,-7.6309
2013-03-31,627.40000,421.60000,205.80000,43.80000,43.80000,162.00000,-10.20000,151.80000,41.60000,110.20000,119.40000,0.50000,120.40000,162.00000,162.00000,6.19500,6.19500,19.17000,19.17000,0.13640,0.15790,25.82090,25.82090,24.19510,19.19030,0.04970,2.78840,2.78840,0.94680,2.40810,693.32900,-36.30350,-36.86840
2012-12-31,566.40000,569.50000,-3.10000,35.90000,35.90000,-39.00000,-11.70000,-50.70000,-101.00000,50.30000,55.80000,0.60000,68.40000,-39.00000,-39.00010,6.70900,6.70900,11.07000,11.07000,0.15000,0.17640,-6.88560,-6.88560,-8.95130,12.07630,0.04390,1.31040,1.31040,0.43270,1.11390,676.87180,-13.8534,-13.9652
2012-09-30,697.40000,492.30000,205.10000,58.70000,58.70000,146.40000,-11.30000,135.10000,47.80000,87.30000,95.00000,-106.80000,19.10000,146.40000,146.40000,6.49400,6.49400,2.90000,2.90000,0.13380,0.15450,20.99230,20.99230,19.37200,2.73870,0.05180,2.16970,2.16970,0.70530,1.87930,665.00600,23.5584,23.4497
2012-06-30,542.30000,451.70000,90.60000,42.10000,42.10000,48.50000,-10.90000,37.60000,6.40000,31.20000,37.70000,0.50000,26.10000,48.50000,48.50000,6.54500,6.54500,3.92000,3.92000,0.13520,0.15630,8.94340,8.94340,6.93340,4.81280,0.04080,0.86980,0.86980,0.28390,0.75220,653.77080,1.4853,1.4437
2012-03-31,629.60000,432.40000,197.20000,45.50000,45.50000,151.70000,-10.90000,140.80000,31.10000,109.70000,119.90000,-9.30000,93.80000,151.70000,151.70000,7.43200,7.43200,12.61000,12.61000,0.13580,0.15710,24.09470,24.09470,22.36340,14.89840,0.04710,2.78220,2.78220,0.89620,2.40440,649.11880,-44.84660,-44.92730
2011-12-31,588.10010,422.50010,165.60000,54.90000,54.90010,110.69990,-16.40000,94.30000,-111.70000,206.00000,169.70000,650.80000,800.30000,110.69990,110.70000,7.81200,7.81200,101.47000,101.47000,0.12670,0.14510,18.82330,18.82330,16.03470,136.08230,0.04180,3.63550,3.63550,1.20660,3.17470,615.98050,-19.8315,-20.115
2011-09-30,501.80000,451.50000,50.30000,36.20000,36.20000,14.10000,-12.80000,1.30000,-0.60000,1.90000,3.40000,-30.20000,-15.80000,14.10000,14.10000,7.84600,7.84600,-2.00000,-2.00000,0.14270,0.16650,2.80990,2.80990,0.25910,-3.14870,0.03440,0.08460,0.08460,0.02330,0.07250,526.68070,22.3696,22.4689
2011-06-30,553.60000,448.40000,105.20000,56.20000,56.20000,49.00000,-12.90000,36.10000,10.00000,26.10000,34.00000,-1.50000,11.60000,49.00000,49.00000,7.88600,7.88600,1.48000,1.48000,0.13700,0.15870,8.85120,8.85120,6.52100,2.09540,0.03900,0.80650,0.80650,0.23940,0.69600,529.68960,-1.0595,-1.3055
2011-03-31,529.60000,522.20000,7.40000,28.00000,28.00000,-20.60000,-13.10000,-33.70000,-7.70000,-26.00000,-19.30000,2.50000,-28.20000,-20.60000,-20.60000,8.03200,8.03200,-3.51000,-3.51000,0.16290,0.19450,-3.88970,-3.88970,-6.36330,-5.32480,0.03630,-0.45850,-0.45850,-0.13220,-0.38390,527.78690,-16.13550,-16.40940
2010-12-31,796.50000,649.80000,146.70000,42.90000,47.70010,98.99990,-13.10000,85.90000,4.70000,81.20000,89.50000,-35.50000,72.90000,98.99990,98.99990,8.25590,8.25590,8.83000,8.83000,0.16120,0.19220,12.42940,12.42940,10.78470,9.15250,0.05480,2.10050,2.10050,0.61580,1.76200,519.92680,9.2738,8.9509
2010-09-30,551.00000,430.50000,120.50000,32.10000,32.10000,88.40000,-13.20000,75.20000,11.70000,63.50000,71.40000,3.60000,50.70000,88.40000,88.40000,8.43100,8.43100,6.01000,6.01000,0.16080,0.19170,16.04360,16.04360,13.64790,9.20150,0.03670,1.67150,1.67150,0.47620,1.40270,511.99810,-8.8611,-9.124
2010-06-30,689.60000,618.60000,71.00000,52.30000,52.30000,18.70000,-14.70000,4.00000,-2.10000,6.10000,11.40000,1.80000,2.50000,18.70000,18.70000,8.57100,8.57100,0.28000,0.28000,0.16990,0.20470,2.71170,2.71170,0.58000,0.36250,0.04450,0.27400,0.27400,0.07350,0.22740,487.62310,14.464,14.4605
2010-03-31,1036.80000,1000.20000,36.60000,47.10000,47.10000,-10.50000,-16.30000,-26.80000,-0.20000,-26.60000,-38.20000,,-39.60000,-10.50000,-10.50000,8.74200,8.83400,-4.48000,-4.48000,0.19430,0.24120,-1.01270,-1.01270,-2.58490,-3.81940,0.06550,-0.89780,-0.89780,-0.24140,-0.72330,484.83360,-8.09370,-8.20690
2009-12-31,55.20010,-149.00010,204.20020,1.00000,0.99990,203.20030,-16.50000,186.70000,39.40000,147.30000,153.80000,,99.80000,203.20030,203.20030,8.76400,8.76600,11.30000,11.29000,0.19490,0.24200,368.11600,368.11600,338.22430,180.79680,0.00360,3.54260,3.54260,0.99590,2.85230,490.01130,-0.3781,0.1461
2009-09-30,1202.70000,848.70000,354.00000,78.60000,78.59990,275.40000,-17.10000,258.30000,73.90000,184.40000,192.70000,,159.60000,275.40000,275.40000,8.76900,8.76900,18.02000,18.02000,0.19830,0.24730,22.89850,22.89850,21.47670,13.27010,0.07670,4.53660,4.53660,1.22930,3.63710,479.53270,19.412,18.6481
2009-06-30,1218.90000,837.40000,381.50000,59.40000,59.40000,322.10000,-18.30000,303.80000,88.60000,215.20000,223.80000,,180.30000,322.10000,322.10000,8.76800,8.76800,20.35000,20.35000,0.24820,0.33010,26.42550,26.42550,24.92410,14.79200,0.07840,5.81090,5.81090,1.43910,4.36870,434.79340,-20.679,-21.0004
2009-03-31,966.50000,840.80000,125.70000,58.40000,58.40010,67.29990,-18.90000,48.40000,12.30000,36.10000,37.00000,,30.30000,67.29990,67.29990,8.76600,8.82600,3.44000,3.44000,0.27930,0.38740,6.96330,6.96330,5.00780,3.13500,0.06180,1.06250,1.06250,0.23660,0.76580,393.30250,-3.68230,-3.98820
