Date,revenue,cost-goods-sold,gross-profit,selling-general-administrative-expenses,operating-expenses,operating-income,total-non-operating-income-expense,pre-tax-income,total-provision-income-taxes,income-after-taxes,income-from-continuous-operations,net-income,ebitda,ebit,basic-shares-outstanding,shares-outstanding,eps-basic-net-earnings-per-share,eps-earnings-per-share-diluted,current-ratio,long-term-debt-capital,debt-equity-ratio,gross-margin,operating-margin,ebit-margin,pre-tax-profit-margin,net-profit-margin,asset-turnover,receiveable-turnover,days-sales-in-receivables,roe,return-on-tangible-equity,roa,roi,book-value-per-share,operating-cash-flow-per-share,free-cash-flow-per-share
2024-03-31,1049.10000,641.30000,407.80000,215.70000,215.70000,192.10000,-22.10000,170.00000,27.30000,142.70000,142.70000,142.70000,238.70000,192.10000,344.40000,345.70000,0.41000,0.41000,1.00960,0.86460,6.38430,38.87140,18.31090,18.31090,16.20440,13.60210,0.13030,0.28860,311.89020,35.86330,-7.06230,1.77200,4.85670,1.17170,0.27190,0.17730
2023-12-31,1052.30000,656.10000,396.20000,236.90000,236.90010,159.29990,-15.20000,144.10000,17.10000,127.00000,127.00000,127.00000,204.39990,159.30000,370.80000,371.80000,0.35000,0.35000,1.03250,0.83950,5.22880,37.65090,15.13830,15.13830,13.69380,12.06880,0.12830,0.28540,315.33790,26.51360,-6.56060,1.54900,4.25660,1.36660,0.7233,0.6447
2023-09-30,1097.80000,687.20000,410.60000,199.70000,199.70000,210.90000,-6.60000,204.30000,33.30000,171.00000,171.00000,171.00000,256.90000,210.90000,373.90000,375.00000,0.46000,0.46000,1.00950,0.79010,3.76320,37.40210,19.21120,19.21120,18.61000,15.57660,0.13870,0.31540,285.36340,27.86830,-9.35500,2.16080,5.85080,1.67280,0.68,0.6113
2023-06-30,1170.00000,698.90000,471.10000,228.50000,228.50000,242.60000,-26.20000,216.40000,40.20000,176.20000,176.20000,176.20000,288.50000,242.60000,375.00000,375.60000,0.47000,0.47000,1.12150,0.81790,4.49000,40.26500,20.73500,20.73500,18.49570,15.05980,0.13790,0.35160,256.00770,28.12450,-9.58440,2.07600,5.12280,1.67290,0.3373,0.2553
2023-03-31,1036.90000,629.50000,407.40000,202.70000,202.70000,204.70000,-23.70000,181.00000,29.20000,151.80000,151.80000,151.80000,251.30000,204.70000,374.40000,375.50000,0.41000,0.40000,1.01700,0.81670,4.45500,39.29020,19.74150,19.74150,17.45590,14.63980,0.12590,0.30620,293.96470,27.46020,-7.89800,1.84370,5.03400,1.47650,0.36560,0.29530
2022-12-31,1091.90000,680.99990,410.90000,259.30000,259.29990,151.60010,64.90000,216.49990,-32.90000,249.39990,249.39990,249.40000,197.90010,151.60010,387.20000,388.40000,0.65000,0.65000,1.02070,0.84560,5.47680,37.63170,13.88410,13.88410,19.82780,22.84090,0.12850,0.31320,287.40000,52.19760,-12.37900,2.93540,8.05920,1.27930,0.1496,0.0286
2022-09-30,1089.60000,637.30000,452.30000,220.50000,220.50000,231.80000,-38.10000,193.70000,19.80000,173.90000,173.90000,173.90000,276.60000,231.80000,386.50000,387.60000,0.45000,0.45000,0.97500,0.83170,4.94230,41.51060,21.27390,21.27390,17.77720,15.96000,0.12240,0.35200,255.70210,32.91690,-8.81620,1.95360,5.53950,1.36900,0.5563,0.476
2022-06-30,1138.30000,653.00000,485.30000,221.30000,221.30000,264.00010,-27.80000,236.20000,42.20000,194.00000,194.00000,194.00000,309.90010,264.00010,386.70000,387.60000,0.50000,0.50000,0.98600,0.85740,6.01230,42.63380,23.19250,23.19250,20.75020,17.04300,0.12950,0.36640,245.62420,43.27460,-9.54540,2.20770,6.17130,1.16110,0.2845,0.193
2022-03-31,1155.70000,655.10000,500.60000,263.10000,263.10000,237.50000,124.70000,362.20000,68.90000,293.30000,293.30000,293.30000,284.30000,237.50000,393.10000,394.50000,0.75000,0.74000,0.97680,0.87780,7.18400,43.31570,20.55030,20.55030,31.34030,25.37860,0.13610,0.38530,233.58570,83.13490,-14.08810,3.45520,10.15830,0.91140,0.50700,0.44890
2021-12-31,1284.80000,715.29980,569.50000,252.70010,252.70010,316.79990,-135.90000,180.90000,12.10000,168.80000,168.80000,168.80000,364.69990,316.79990,406.80000,408.90000,0.43000,0.42000,0.97300,0.89430,8.46010,44.32600,24.65750,24.65750,14.08000,13.13820,0.14560,0.45180,199.18670,47.46910,-8.05310,1.91310,5.01780,0.90300,0.875,0.8226
2021-09-30,1286.30000,720.10000,566.20010,247.60000,247.60000,318.60010,-27.10000,291.50000,58.80000,232.70000,232.70000,232.70000,369.90010,318.60010,406.30000,408.00000,0.57000,0.57000,0.92950,0.88560,7.73900,44.01770,24.76870,24.76870,22.66190,18.09070,0.14500,0.42780,210.40120,63.13080,-11.04410,2.62320,7.22400,0.91330,0.8321,0.7758
2021-06-30,1289.70000,755.00000,534.70000,279.80000,279.80000,254.89990,5.20000,260.10000,37.60000,222.50000,222.50000,222.50000,310.49990,254.89990,409.30000,411.50000,0.54000,0.54000,0.94000,0.91280,10.46730,41.45930,19.76430,19.76430,20.16750,17.25210,0.14360,0.35460,253.78930,77.71570,-8.00360,2.47830,6.77710,0.70340,0.425,0.3166
2021-03-31,1210.00000,706.00000,504.00000,271.20000,271.20000,232.80000,-29.90000,202.90000,21.10000,181.80000,181.80000,181.80000,286.20000,232.80000,411.70000,414.30000,0.44000,0.44000,1.01110,0.93660,14.76460,41.65290,19.23970,19.23970,16.76860,15.02480,0.13040,0.33260,270.60990,83.08960,-6.33270,1.95880,5.27060,0.53390,0.42430,0.37940
2020-12-31,1271.80000,759.20010,512.60000,285.50000,285.49990,227.10020,-28.10000,199.00000,21.90000,177.10000,177.10000,177.10000,283.20020,227.10020,412.30000,415.20000,0.43000,0.43000,0.99970,0.94270,16.43730,40.30510,17.85660,17.85660,15.64710,13.92510,0.13390,0.33280,270.42460,94.90890,-6.13860,1.86490,5.44290,0.45380,0.701,0.6214
2020-09-30,1258.50000,721.70000,536.80000,251.60000,251.60000,285.20000,-24.20000,261.00000,32.40000,228.60000,228.60000,228.60000,339.40000,285.20000,411.60000,414.60000,0.56000,0.55000,0.97340,0.97840,45.25340,42.65400,22.66190,22.66190,20.73900,18.16450,0.14260,0.35060,256.69130,340.68550,-7.75230,2.58970,7.36560,0.16330,0.5715,0.5323
2020-06-30,1114.70000,662.20000,452.49990,230.70000,230.70000,221.79990,-28.60000,193.20000,31.30000,161.90000,161.90000,161.90000,278.89990,221.79990,411.50000,413.60000,0.39000,0.39000,0.94180,1.02440,-42.04090,40.59390,19.89770,19.89770,17.33200,14.52410,0.12800,0.31650,284.38770,-220.57210,-5.19930,1.85940,5.37450,-0.17860,0.5722,0.5137
2020-03-31,1190.00000,683.40000,506.60000,273.40000,273.40000,233.20000,-31.30000,201.90000,25.20000,176.70000,176.70000,176.70000,291.40000,233.20000,414.30000,418.30000,0.43000,0.42000,0.90620,1.05130,-20.50840,42.57140,19.59660,19.59660,16.96640,14.84870,0.14230,0.37960,237.07060,-118.03600,-5.51950,2.11230,6.05050,-0.36430,0.26870,0.23480
2019-12-31,1307.70000,756.49990,551.20030,324.70000,324.70010,226.50020,-29.00000,197.50010,62.10000,135.40010,135.40010,135.40010,293.50020,226.50010,427.60000,430.90000,0.32000,0.33000,0.96520,1.01240,-81.75440,42.15030,17.32050,17.32050,15.10290,10.35410,0.14930,0.39670,226.88920,-342.78490,-4.36630,1.54590,4.24480,-0.09450,0.5637,0.5308
2019-09-30,1306.90000,768.60000,538.30000,340.90000,340.90000,197.40000,-35.20000,162.20000,27.20000,135.00000,135.00000,135.00000,258.50000,197.40000,423.30000,426.80000,0.32000,0.32000,0.96060,1.00610,-164.87310,41.18910,15.10450,15.10450,12.41110,10.32980,0.14840,0.39640,227.06940,-685.27770,-4.35370,1.53340,4.18180,-0.04690,0.6275,0.589
2019-06-30,1340.50000,776.40000,564.10000,305.20000,305.20000,258.89990,486.70000,745.60000,130.80000,614.80000,614.80000,614.80000,323.69990,258.89990,430.00000,432.30000,1.43000,1.42000,0.93680,0.99030,101.99340,42.08130,19.31370,19.31370,55.62100,45.86350,0.14820,0.35950,250.32150,2035.76400,-20.01370,6.79840,19.76600,0.07090,0.3866,0.321
2019-03-31,1337.00000,785.00000,552.00000,300.80000,300.80000,251.20000,-35.10000,216.10000,43.00000,173.10000,173.10000,173.10000,315.99990,251.20000,437.70000,439.90000,0.40000,0.39000,0.85690,1.12490,-9.00670,41.28650,18.78830,18.78830,16.16310,12.94690,0.14180,0.38230,235.43380,-46.25870,-4.93810,1.83520,5.77750,-0.86440,0.54470,0.49350
2018-12-31,1401.59900,833.79990,567.79960,296.80000,296.80010,270.99960,-36.00000,235.00000,22.90000,212.10000,212.10000,212.10000,339.69960,271.00000,451.80000,454.40000,0.48000,0.48000,0.88120,1.09920,-11.08360,40.51090,19.33500,19.33510,16.76660,15.13270,0.15580,0.36750,244.89310,-68.46350,-5.83820,2.35750,6.78960,-0.70220,0.6526,0.5461
2018-09-30,1387.80000,812.40000,575.40000,272.80000,272.80000,302.60010,-36.20000,266.40000,57.80000,208.60000,208.60000,208.60000,366.20010,302.60010,446.80000,449.00000,0.47000,0.46000,0.84140,1.14420,-7.93400,41.46130,21.80430,21.80430,19.19590,15.03100,0.15440,0.34530,260.62260,-50.22880,-5.57040,2.32050,7.24380,-0.93600,0.5049,0.3513
2018-06-30,1411.10000,829.20000,581.90000,298.30000,298.30000,283.60000,-28.10000,255.50000,37.90000,217.60000,217.60000,217.60000,349.30000,283.60000,457.20000,459.60000,0.48000,0.47000,0.85890,1.15670,-7.38270,41.23730,20.09780,20.09780,18.10640,15.42060,0.15480,0.35170,255.87270,-48.21630,-5.84510,2.38710,7.55420,-1.00580,0.3637,0.2666
2018-03-31,1389.40000,825.40000,564.00000,299.10000,299.10000,264.90000,-30.40000,234.50000,20.90000,213.60000,213.60000,213.60000,331.60000,264.90000,460.30000,463.60000,0.46000,0.46000,0.84320,1.13580,-8.36460,40.59310,19.06580,19.06580,16.87780,15.37350,0.15120,0.34510,260.82120,-56.83880,-5.81750,2.32480,7.71790,-0.81590,0.28620,0.22820
2017-12-31,1438.30000,870.29990,567.99980,355.90000,819.90010,-251.90030,-37.30000,-289.20000,831.70000,-1120.90000,-1120.90000,-1120.90000,277.89970,-251.90010,467.90000,467.90000,-2.39000,-2.38000,0.81620,1.19330,-6.17340,39.49110,-17.51380,-17.51380,-20.10710,-77.93230,0.15580,0.34340,262.11580,228.10330,29.45400,-12.14230,-44.09170,-1.07060,0.6767,0.622
2017-09-30,1404.70000,840.50000,564.20000,292.00000,292.00000,272.20000,-33.00000,239.20000,3.60000,235.60000,235.60000,235.60000,337.70000,272.20000,462.80000,465.40000,0.51000,0.51000,0.99590,0.83280,4.98080,40.16520,19.37780,19.37780,17.02860,16.77230,0.14230,0.35590,252.88670,33.21120,-7.71750,2.38620,5.55290,1.54450,0.9599,0.9121
2017-06-30,1378.90000,842.30000,536.60000,321.20000,321.20000,215.40000,-31.00000,184.40000,17.90000,166.50000,166.50000,166.50000,280.60000,215.40000,469.40000,472.00000,0.35000,0.35000,1.02880,0.84580,5.48610,38.91510,15.62120,15.62120,13.37300,12.07480,0.14660,0.37820,237.99840,25.18150,-5.34270,1.76970,3.88240,1.42410,-0.2293,-0.3049
2017-03-31,1302.40000,799.90000,502.50000,262.40000,262.40000,240.10000,-27.00000,213.10000,51.40000,161.70000,161.70000,161.70000,306.50000,240.10000,479.80000,483.40000,0.34000,0.33000,0.98900,0.82310,4.65270,38.58260,18.43520,18.43520,16.36210,12.41550,0.13730,0.37730,238.54420,21.55140,-5.28210,1.70460,3.81260,1.58960,0.17850,0.13800
2016-12-31,1371.70000,842.49980,529.20020,839.40000,839.40020,-310.20000,-28.10000,-338.30000,16.70000,-355.00000,-355.00000,-355.00000,-244.89990,-310.19980,490.20000,493.50000,-0.72000,-0.72000,0.87530,0.75540,3.08810,38.57990,-22.61430,-22.61430,-24.66280,-25.88030,0.14560,0.36590,245.98600,-39.34830,12.14090,-3.76870,-9.62500,1.87370,0.4349,0.3725
2016-09-30,1377.80000,822.90000,554.90000,276.60000,276.60000,278.30000,-38.30000,240.00000,23.10000,216.90000,216.90000,216.90000,344.70000,278.30000,487.00000,490.30000,0.45000,0.44000,1.11660,0.69920,2.32400,40.27440,20.19890,20.19890,17.41910,15.74250,0.14470,0.40660,221.37460,15.63130,-8.78810,2.27870,4.70250,2.85990,0.6913,0.6043
2016-06-30,1375.70000,821.90000,553.79990,293.50000,293.50000,260.29990,-37.80000,222.50000,16.90000,205.60000,205.60000,205.60000,326.19990,260.29990,490.30000,493.00000,0.42000,0.42000,1.10700,0.71070,2.45630,40.25590,18.92130,18.92130,16.17360,14.94510,0.14640,0.40980,219.62570,15.64210,-8.06430,2.18840,4.52570,2.69340,0.5623,0.5186
2016-03-31,1297.70000,779.40000,518.29990,259.70000,259.70000,258.59990,-41.10000,217.50000,31.80000,185.70000,185.70000,185.70000,324.19990,258.59990,500.00000,503.20000,0.37000,0.37000,1.08690,0.72250,2.60350,39.93990,19.92760,19.92760,16.76040,14.30990,0.13780,0.39020,230.67660,14.98790,-7.08560,1.97170,4.15930,2.51980,0.42270,0.36760
2015-12-31,1380.00000,810.99990,569.00040,287.20000,287.20010,281.80050,-44.90000,236.90000,24.60000,212.30000,212.30000,212.30000,350.80050,281.80040,512.60000,516.70000,0.41000,0.42000,1.12060,0.69600,2.28910,41.23190,20.42030,20.42030,17.16670,15.38410,0.14600,0.41710,215.78470,15.11140,-8.61640,2.24680,4.59440,2.79640,0.506,0.4153
2015-09-30,1399.20000,817.20000,581.99990,277.50000,277.50000,304.50000,-39.10000,265.40000,33.10000,232.30000,232.30000,232.30000,378.90000,304.50000,509.60000,513.20000,0.46000,0.45000,1.13450,0.72110,2.58600,41.59520,21.76240,21.76240,18.96800,16.60230,0.14250,0.41520,216.76030,17.24320,-9.07810,2.36660,4.80850,2.66250,0.6711,0.5754
2015-06-30,1383.60000,799.40000,584.20000,333.40000,333.40000,250.79990,-43.90000,206.90000,17.60000,189.30000,189.30000,189.30000,313.69990,250.79990,515.20000,519.80000,0.37000,0.36000,1.20350,0.74020,2.84980,42.22320,18.12660,18.12660,14.95370,13.68170,0.13750,0.39640,227.04250,14.47910,-7.19990,1.88100,3.76100,2.55300,0.4926,0.4527
2015-03-31,1320.90000,771.80000,549.10000,276.80000,276.80000,272.30000,-39.70000,232.60000,28.70000,203.90000,203.90000,203.90000,336.20000,272.30000,521.00000,525.20000,0.39000,0.39000,1.23330,0.73420,2.76210,41.57010,20.61470,20.61470,17.60920,15.43640,0.12760,0.38040,236.57280,15.10480,-7.86990,1.96950,4.01500,2.61100,0.40330,0.35150
2014-12-31,1409.90000,831.89980,578.00030,301.90010,301.90020,276.10010,-40.20000,235.90000,14.40000,221.50010,221.50010,221.50010,345.60010,276.10010,533.40000,536.80000,0.43000,0.42000,1.24910,0.74100,2.86100,40.99580,19.58300,19.58300,16.73170,15.71030,0.14260,0.42550,211.52770,17.03320,-8.46420,2.23950,4.41160,2.49360,0.4889,0.4427
2014-09-30,1440.90000,840.50000,600.40000,286.30000,286.30000,314.10000,-41.30000,272.80000,38.70000,234.10000,234.10000,234.10000,380.90000,314.10000,527.80000,531.20000,0.44000,0.44000,1.20400,0.75890,3.14840,41.66840,21.79890,21.79890,18.93260,16.24680,0.14630,0.41570,216.47720,19.84400,-8.48590,2.37750,4.78350,2.25310,0.6258,0.5709
2014-06-30,1405.60000,827.80000,577.80000,299.50000,299.50000,278.29990,-46.20000,232.10000,38.30000,193.80000,193.80000,193.80000,346.70000,278.29990,537.10000,539.90000,0.36000,0.36000,1.19480,0.77820,3.50780,41.10700,19.79940,19.79940,16.51250,13.78770,0.14230,0.39000,230.74350,18.10880,-6.68550,1.96260,4.01720,2.01810,0.4754,0.432
2014-03-31,1350.80000,797.20000,553.60000,281.60000,281.60000,272.00000,-44.60000,227.40000,24.40000,203.00000,203.00000,203.00000,339.20000,272.00000,545.90000,549.20000,0.37000,0.37000,1.20820,0.78260,3.60040,40.98310,20.13620,20.13620,16.83450,15.02810,0.13610,0.38420,234.25450,19.01280,-6.91320,2.04580,4.13290,1.98130,0.35830,0.30550
2013-12-31,1421.90000,845.70010,576.20020,337.80000,337.79990,238.40030,-45.60000,192.80000,19.40000,173.40000,173.40000,173.40000,303.30030,238.39980,556.60000,559.70000,0.31000,0.31000,1.29500,0.79230,3.81370,40.52320,16.76630,16.76630,13.55930,12.19500,0.14050,0.43480,207.00180,15.69660,-5.97700,1.71320,3.26080,2.01290,0.486,0.4431
2013-09-30,1408.80000,818.20000,590.60000,295.30000,295.30000,295.30000,-43.60000,251.70000,37.30000,214.40000,214.40000,214.40000,363.90000,295.30000,552.10000,555.80000,0.39000,0.39000,1.22520,0.79070,3.77860,41.92220,20.96110,20.96110,17.86630,15.21860,0.14170,0.41340,217.71720,20.41320,-7.16150,2.15670,4.27180,1.90340,0.6037,0.5443
2013-06-30,1385.90000,811.70000,574.20000,297.40000,297.40000,276.80000,-44.60000,232.20000,33.60000,198.60000,198.60000,198.60000,343.20000,276.80000,555.70000,558.30000,0.36000,0.36000,1.15260,0.80010,4.00310,41.43160,19.97260,19.97260,16.75450,14.33000,0.14450,0.40020,224.87340,21.38700,-6.31420,2.07100,4.27470,1.68290,0.4388,0.3689
2013-03-31,1325.40000,759.40000,566.00000,269.10000,269.10000,296.90000,-46.70000,250.20000,38.20000,212.00000,212.00000,212.00000,359.80000,296.90000,567.60000,569.70000,0.37000,0.37000,1.16320,0.80240,4.06150,42.70410,22.40080,22.40080,18.87730,15.99520,0.14160,0.39930,225.38710,23.10380,-6.78570,2.26450,4.56460,1.64030,0.41650,0.37070
2012-12-31,1424.70000,817.39990,607.29970,321.30000,321.30010,285.99980,-41.20000,244.80000,6.90000,237.90000,237.90000,237.90000,347.99980,286.00000,604.90000,607.40000,0.41000,0.40000,1.25760,0.81070,4.28360,42.62650,20.07440,20.07440,17.18260,16.69830,0.15050,0.45740,196.75310,25.29240,-7.62990,2.51330,4.78690,1.64410,0.5287,0.4843
2012-09-30,1421.60000,796.30000,625.30000,259.70000,259.70000,365.60000,-41.80000,323.80000,54.30000,269.50000,269.50000,269.50000,426.80000,365.60000,601.50000,604.20000,0.45000,0.45000,1.14990,0.74960,2.99380,43.98570,25.71750,25.71750,22.77720,18.95750,0.15200,0.42730,210.60350,23.50220,-9.33330,2.88080,5.88470,1.91560,0.6957,0.6567
2012-06-30,1425.10000,797.50000,627.60000,281.70000,281.70000,345.90000,-35.80000,310.10000,38.90000,271.20000,271.20000,271.20000,404.90000,345.90000,610.90000,613.10000,0.44000,0.44000,1.18960,0.77720,3.48890,44.03900,24.27200,24.27200,21.75990,19.03020,0.15550,0.45920,195.98410,25.75990,-9.09180,2.95880,5.73860,1.74160,0.3813,0.3432
2012-03-31,1393.40000,783.00000,610.40000,277.90000,277.90000,332.50000,-42.40000,290.10000,42.80000,247.30000,247.30000,247.30000,396.40000,332.50000,619.10000,621.90000,0.40000,0.40000,1.16180,0.78970,3.75620,43.80650,23.86250,23.86250,20.81960,17.74800,0.15150,0.43750,205.72630,25.56340,-8.03650,2.68870,5.37480,1.57580,0.34570,0.31360
2011-12-31,1431.30000,792.40000,638.89980,280.50010,280.50000,358.39990,-5.80000,352.59990,-99.70000,452.30000,452.30000,452.30000,413.79990,358.40000,630.60000,634.20000,0.73000,0.73000,1.13580,0.80020,4.00450,44.63770,25.04020,25.04020,24.63490,31.60070,0.15780,0.46300,194.37440,50.54760,-14.35190,4.98680,10.10050,1.44460,0.4448,0.4176
2011-09-30,1410.80000,800.00000,610.80000,247.80000,247.80000,363.00000,-49.10000,313.90000,74.20000,239.70000,239.70000,239.70000,408.90000,363.00000,624.90000,627.10000,0.38000,0.38000,1.42670,0.88810,7.93540,43.29460,25.73010,25.73010,22.24980,16.99040,0.16000,0.51170,175.87890,47.75850,-10.36770,2.71780,5.34480,0.81070,0.6115,0.583
2011-06-30,1366.30000,764.20000,602.10000,251.40000,251.40000,350.70010,-17.30000,333.40000,70.20000,263.20000,263.20000,263.20000,397.30010,350.70010,631.10000,635.80000,0.42000,0.41000,1.33870,0.90440,9.45790,44.06790,25.66790,25.66790,24.40170,19.26370,0.17060,0.52850,170.29710,69.42760,-10.81570,3.28610,6.63880,0.60410,0.4105,0.3851
2011-03-31,1283.00000,745.40000,537.60000,224.70000,224.70000,312.90000,-38.20000,274.70000,64.50000,210.20000,210.20000,210.20000,357.60000,312.90000,646.90000,652.10000,0.32000,0.32000,1.36740,0.92750,12.78380,41.90180,24.38820,24.38820,21.41080,16.38350,0.16270,0.50640,177.72720,74.99110,-9.13870,2.66490,5.44050,0.44270,0.38580,0.36310
2010-12-31,1357.00000,783.49990,573.50040,251.40000,251.40010,322.10030,-33.80000,288.30000,45.70000,242.59990,242.59990,242.60000,367.50030,322.10030,666.50000,668.90000,0.38000,0.37000,1.36460,0.84950,5.64600,42.26230,23.73620,23.73620,21.24540,17.87770,0.17110,0.51500,174.77370,41.63380,-12.08770,3.05960,6.26450,0.89100,0.4131,0.3867
2010-09-30,1329.60000,752.60000,577.00000,225.80000,225.80000,351.20000,-42.60000,308.60000,70.20000,238.40000,238.40000,238.40000,396.10000,351.20000,659.10000,661.30000,0.36000,0.36000,1.31780,0.88280,7.52970,43.39650,26.41400,26.41400,23.21000,17.93020,0.17560,0.55550,162.00810,54.45410,-10.98470,3.14910,6.38410,0.66720,0.5879,0.5423
2010-06-30,1273.40000,727.70000,545.70000,234.70000,234.70000,311.00000,-38.70000,272.30000,51.30000,221.00000,221.00000,221.00000,354.60000,311.00000,669.30000,671.60000,0.33000,0.33000,1.31180,0.89190,8.24740,42.85380,24.42280,24.42280,21.38370,17.35510,0.17330,0.54390,165.47590,55.29150,-9.91650,3.00770,5.97910,0.60410,0.3769,0.3473
2010-03-31,1232.70000,714.60000,518.10000,202.30000,202.30000,315.80000,-39.80000,276.00000,68.10000,207.90000,207.90000,207.90000,357.80000,315.80000,681.90000,684.20000,0.30000,0.30000,1.24320,0.88900,8.00840,42.02970,25.61860,25.61860,22.38990,16.86540,0.17510,0.53890,167.01880,54.62430,-9.23260,2.95270,6.06370,0.56410,0.10870,0.09270
2009-12-31,1314.00000,762.89980,551.10020,232.50000,232.50000,318.60020,-34.50000,284.10000,60.40000,223.70000,223.70000,223.70000,361.30020,318.60020,698.90000,701.00000,0.32000,0.32000,1.19510,0.89610,8.62380,41.94060,24.24660,24.24660,21.62100,17.02440,0.17870,0.55000,163.63700,63.28150,-9.81530,3.04210,6.57550,0.51490,0.3722,0.3395
2009-09-30,1314.10000,742.60000,571.50000,290.00000,290.00000,281.50000,-35.00000,246.50000,65.50000,181.00000,181.00000,181.00000,320.20000,281.50000,698.40000,701.60000,0.26000,0.26000,1.26390,0.90310,9.31750,43.48980,21.42150,21.42150,18.75810,13.77370,0.21150,1.04620,86.02770,55.25030,-7.78660,2.91270,5.35500,0.47140,0.5027,0.4821
2009-06-30,1254.30000,700.30000,554.00010,212.30000,212.30000,341.70010,-46.00000,295.70000,75.50000,220.20000,220.20000,220.20000,378.80010,341.70010,700.60000,702.70000,0.31000,0.31000,1.47020,0.91440,10.67860,44.16810,27.24230,27.24230,23.57490,17.55560,0.21410,1.02840,87.51730,77.10090,-11.18220,3.75820,6.60190,0.40720,0.3591,0.328
2009-03-31,1201.20000,669.10000,532.10000,191.20000,191.20000,340.90000,-35.70000,305.20000,81.30000,223.90000,223.90000,223.90000,376.60000,340.90000,707.10000,708.00000,0.32000,0.32000,1.33030,0.96410,26.83580,44.29740,28.38000,28.38000,25.40790,18.63970,0.21250,1.01610,88.57640,196.57590,-10.45870,3.96000,7.06200,0.16240,0.50370,0.48590
