Date,revenue,cost-goods-sold,gross-profit,research-development-expenses,selling-general-administrative-expenses,other-operating-income-expenses,operating-expenses,operating-income,total-non-operating-income-expense,pre-tax-income,total-provision-income-taxes,income-after-taxes,income-from-continuous-operations,net-income,ebitda,ebit,basic-shares-outstanding,shares-outstanding,eps-basic-net-earnings-per-share,eps-earnings-per-share-diluted,current-ratio,long-term-debt-capital,debt-equity-ratio,gross-margin,operating-margin,ebit-margin,pre-tax-profit-margin,net-profit-margin,asset-turnover,inventory-turnover,receiveable-turnover,days-sales-in-receivables,roe,return-on-tangible-equity,roa,roi,book-value-per-share,operating-cash-flow-per-share,free-cash-flow-per-share
2023-12-31,0.39100,0.74800,-0.35700,6.83800,9.76800,,16.60600,-16.96300,-0.29500,-17.25800,,-17.25800,-17.25800,-16.22000,-15.99300,-16.96300,32.46200,32.46200,-0.50000,-0.50000,3.38790,0.37990,0.61820,-91.04860,-4338.36300,-4338.36300,-4413.81100,-4148.33700,0.00750,0.48790,1.32990,67.67260,-73.52590,-78.47040,-33.24540,-45.59460,0.66160,-0.4054,-0.445
2023-09-30,0.23900,0.43200,-0.19300,7.13000,10.21100,,17.34100,-17.53400,0.10900,-17.42600,,-17.42600,-17.42600,-16.22000,-16.72000,-17.53400,31.80050,31.80050,-0.51000,-0.51000,3.78460,0.32760,0.49670,-80.75310,-7336.40200,-7336.40200,-7291.21400,-6786.61100,0.00410,0.27450,1.16590,77.19670,-60.44190,-63.82450,-30.04220,-40.64370,0.90170,-0.4431,-0.4957
2023-06-30,0.05900,0.30300,-0.24400,4.69500,10.93600,,15.63100,-15.87500,0.82000,-15.05500,,-15.05500,-15.05500,-14.09500,-15.41900,-15.87500,31.38300,31.38300,-0.45000,-0.45000,5.27320,0.25990,0.36390,-413.55930,-26906.78000,-26906.78000,-25516.95000,-23889.83000,0.00080,0.22630,0.12580,715.42380,-38.46150,-40.08040,-20.61090,-28.46370,1.23440,-0.54660,-0.57190
2023-03-31,,0.30800,-0.30800,4.13200,9.54900,,13.68100,-13.98900,-7.16100,-21.15200,,-21.15200,-21.15200,-20.16700,-13.70000,-13.98900,29.97400,29.97400,-0.66000,-0.66000,3.00350,0.00280,0.02130,,,,,,,0.27280,,,-50.32830,-52.36160,-30.76700,-50.18510,1.36730,-0.2802,-0.3475
2022-12-31,,0.06800,-0.06800,5.00000,8.94100,,13.94100,-14.00900,0.21100,-13.79800,,-13.79800,-13.79800,-12.74700,-13.70600,-14.00900,29.92100,29.92100,-0.43000,-0.43000,5.69240,0.00250,0.00360,,,,,,,0.07120,,,-24.88820,-25.66740,-18.65630,-24.82550,1.84710,-0.284,-0.3052
2022-09-30,,0.17900,-0.17900,4.45200,7.99000,,12.44200,-12.62100,-0.17700,-12.79700,,-12.79700,-12.79700,-11.96800,-12.41800,-12.62100,29.89880,29.89880,-0.40000,-0.40000,6.47340,0.00310,0.00800,,,,,,,0.25180,,,-20.10460,-20.66770,-15.59870,-20.04170,2.12800,-0.3082,-0.3404
2022-06-30,,,,3.22600,8.21400,,,-11.44000,-0.21500,-11.65400,,-11.65400,-11.65400,-10.93400,-11.27000,-11.44000,29.88800,29.88800,-0.37000,-0.37000,8.40790,0.00280,0.01150,,,,,,,,,,-16.33330,-16.75240,-12.68060,-16.28770,2.38730,-0.22890,-0.23750
2022-03-31,,,,3.71100,6.22000,,,-20.43100,-0.23200,-20.66300,,-20.66300,-20.66300,-20.00300,-20.60200,-20.43100,25.66800,25.66800,-0.72000,-0.72000,8.67670,0.00260,0.01440,,,,,,,,,,-26.42020,-27.05570,-20.82990,-26.35280,2.61690,-0.3333,-0.3483
2021-12-31,,,,2.54300,4.94300,,,-7.48600,-0.47700,-7.96200,,-7.96200,-7.96200,-7.73900,-6.98500,-7.48600,26.82200,26.82200,-0.29000,-0.29000,15.32600,0.00220,0.00220,,,,,,,,,,-8.77150,-8.80510,-8.01720,-8.75220,3.22330,-0.1998,-0.2129
2021-09-30,,,,2.80700,3.39500,,,-6.20200,-2.49000,-8.69200,,-8.69200,-8.69200,-8.69200,-6.07300,-6.20200,24.16600,24.16600,-0.36000,-0.36000,7.27650,0.09980,0.11430,,,,,,,,,,-21.24090,-21.42680,-16.07960,-19.12010,1.62320,-0.1897,-0.214
2021-06-30,,,,2.74100,3.85000,,,-6.59100,-0.15100,-6.74300,,-6.74300,-6.74300,-6.74300,-6.50000,-6.59100,21.94500,21.94500,-0.31000,-0.31000,9.11390,0.11870,0.14510,,,,,,,,,,-20.15860,-20.38110,-15.26640,-17.76570,1.43760,-0.17850,-0.17980
2021-03-31,0.14480,,0.14480,1.84520,3.33400,,,-5.03430,-0.19890,-5.23220,,-5.23120,-5.23120,-5.23120,-4.97830,-5.03430,18.00500,18.00500,-0.23000,-0.23000,9.79550,0.12800,0.16510,100.00000,-3475.81300,-3475.81400,-3612.42000,-3611.73000,0.00360,,0.34080,264.08620,-17.17230,-17.38570,-12.90860,-14.97370,1.39560,-0.2918,-0.2918
2020-12-31,0.14900,,0.14900,3.29400,2.47100,,,-5.61600,-0.15300,-5.77000,,-5.77000,-5.77000,-5.77000,-5.59000,-5.61600,17.60900,17.60900,-0.33000,-0.33000,7.99160,0.20510,0.25800,100.00000,-3769.12700,-3769.12700,-3872.48300,-3872.48300,0.00600,,,,-33.52670,-34.29220,-23.25010,-26.65180,0.93630,-0.2847,-0.2914
2020-09-30,0.35000,,0.35000,3.14700,2.16900,,,-4.96600,-0.16500,-5.13100,,-5.13200,-5.13200,-5.13200,-4.91340,-4.96600,17.12080,17.12080,-0.30000,-0.30000,6.27200,0.21450,0.27840,100.00000,-1418.85700,-1418.85700,-1466.00000,-1466.28600,0.01430,,,,-31.81580,-32.61190,-20.97110,-24.99010,0.94040,-0.1824,-0.2104
2020-06-30,0.22920,,0.22920,4.33180,2.49400,,,-6.59670,-0.14510,-6.74180,,-6.74180,-6.74180,-6.74180,-6.52030,-6.59670,16.52940,16.52940,-0.41000,-0.41000,6.51370,0.19330,0.25120,100.00000,-2878.61700,-2878.61700,-2941.95100,-2941.95100,0.00850,,,,-36.95910,-37.79460,-25.08580,-29.81320,1.08310,-0.33190,-0.34660
2020-03-31,-0.19730,,-0.19730,2.89480,2.16400,,,-5.25610,-0.16650,-5.42260,-0.15430,-5.26830,-5.26830,-5.26830,-5.22640,-5.25610,14.71400,14.71400,-0.36000,-0.36000,5.47700,0.19340,0.25840,100.00000,2663.40100,2663.40100,2747.77900,2669.59200,-0.00720,,,,-29.11900,-29.79880,-19.20310,-23.48630,1.12680,-0.1248,-0.1253
2019-12-31,0.31440,,0.31440,2.58060,2.47170,,,-4.73800,0.34230,-4.39560,,-4.39560,-4.39560,-4.91810,-4.70520,-4.73800,11.39800,11.39800,-0.43000,-0.43000,3.48050,,,100.00000,-1507.08400,-1507.08400,-1398.18800,-1564.38200,0.01880,,,,-36.58100,-37.91340,-26.23210,-36.58100,0.86430,-0.3851,-0.3859
2019-09-30,0.64560,,0.64560,2.85000,2.06490,,,-4.26930,0.17150,-4.09770,,-4.09770,-4.09770,-4.09770,-4.25900,-4.26930,10.69940,10.69940,-0.38000,-0.38000,1.89070,,0.01600,100.00000,-661.28350,-661.28350,-634.71620,-634.71620,0.05790,,,,-74.23950,-80.54020,-36.77380,-74.23950,0.51360,-0.2103,-0.2116
2019-06-30,0.62750,,0.62750,2.32350,2.18260,,,-3.87860,-2.30220,-6.18080,,-6.18080,-6.18080,-6.18080,-3.79190,-3.87860,9.20200,9.20200,-0.67000,-0.67000,2.41590,,0.01870,100.00000,-618.13450,-618.13450,-985.04000,-985.04000,0.04780,,,,-78.63390,-83.31140,-47.10890,-78.63390,0.74290,-0.31620,-0.31660
2019-03-31,7.72400,,7.72400,1.63030,2.58020,,,3.51350,-3.58460,-0.07110,,-0.07110,-0.07110,-0.07110,3.53210,3.51350,8.59900,8.59900,-0.01000,-0.01000,1.60800,,0.06550,100.00000,45.48840,45.48840,-0.92000,-0.92000,0.81930,,,,-1.76560,-2.01320,-0.75370,-1.76560,0.46180,0.8298,0.8293
2018-12-31,,,,0.58830,1.81430,,,-2.40260,0.03600,-2.36650,,-2.36650,-2.36650,-2.36650,-2.38690,-2.40260,8.53100,8.53100,-0.28000,-0.28000,2.17080,,,,,,,,,,,,-96.36390,-120.69050,-60.53800,-96.36390,0.28780,-0.1872,-0.189
2018-09-30,,,,0.64790,1.76550,,,-2.41340,0.02410,-2.38920,,-2.38920,-2.38920,-2.38920,-2.39660,-2.41340,8.44100,8.44100,-0.28000,-0.28000,4.02740,,-0.00680,,,,,,,,,,47.71750,47.71760,-45.37930,47.71760,-0.58740,-0.2123,-0.2166
2018-06-30,,,,1.06310,0.69300,,,-1.75620,0.03240,-1.72380,,-1.72380,-1.72380,-1.72380,-1.74230,-1.75620,8.40000,8.40000,-0.20000,-0.20000,4.52810,,-0.02480,,,,,,,,,,125.72940,125.72940,-24.28160,125.72940,-0.16310,-0.27430,-0.27430
2018-03-31,,,,,,,,,,,,,,,,,,,,0.00000,,,,,,,,,,,,,,,,,,0,0
2017-12-31,,,,,,,,,,,,,,,,,,,,0.00000,,,,,,,,,,,,,,,,,,0.5129,0.5267
2017-09-30,,,,1.19300,0.86400,,,-2.05700,-5.09200,-7.14900,,-7.14900,-7.14900,-7.14900,-2.05200,-2.05700,6.04550,6.04550,-1.18000,-1.18000,3.43780,,-0.00440,,,,,,,,,,104.12180,104.12180,-175.26350,104.12180,-1.12610,-0.2404,-0.2468
2017-06-30,,,,0.59100,2.47600,,,-3.06700,0.18700,-2.88000,,-2.88000,-2.88000,-2.88000,-3.05700,-3.06700,6.24190,6.24190,-0.46000,-0.46000,5.68890,,-0.14890,,,,,,,,,,1531.91400,1531.91700,-52.43990,1531.91500,-0.03110,-0.27250,-0.27990
2017-03-31,,,,1.43900,2.12100,,,-3.56000,-2.71700,-6.27700,0.00600,-6.28300,-6.28300,-6.28300,-3.57400,-3.56000,5.61800,5.61800,-1.12000,-1.12000,4.46220,,0.26950,,,,,,,,,,-720.52800,-720.52780,-84.92840,-720.52750,0.13860,-0.3937,-0.3982
2016-12-31,,,,0.11000,0.54000,,,-0.65000,-0.39000,-1.00000,-0.01000,-0.99000,-0.98000,-0.98000,-0.65000,-0.65000,,,,0.00000,0.04170,-1.60570,-0.70520,,,,,,,,,,20.85990,20.85990,-415.25430,54.35390,-2.12870,0.2862,0.2841
2016-09-30,,,,0.07800,0.08900,,,-0.16700,-0.31900,-0.48600,0.01700,-0.50300,-0.50300,-0.50300,-0.16100,-0.16700,1.45000,1.45000,-0.44000,-0.44000,,,,,,,,,,,,,,,,,,-0.1489,-0.1468
2016-06-30,,,,0.27100,0.16000,-0.19500,,-0.62600,-0.33200,-0.95800,0.01200,-0.97000,-0.97000,-0.97000,-0.61200,-0.62600,2.20700,2.20700,-0.44000,-0.44000,,,,,,,,,,,,,,,,,,-0.13730,-0.13730
2016-03-31,,,,0.22400,,-0.42500,,-0.92300,,-1.26200,0.01100,-1.27300,,-1.27300,-0.01400,,2.20700,2.20700,-0.58000,-0.58000,,,,,,,,,,,,,,,,,,-0.0861,-0.0861
2015-12-31,,,,,,,,,,,,,,,,,,,,0.00000,,,,,,,,,,,,,,,,,,0,0
