Date,revenue,gross-profit,selling-general-administrative-expenses,other-operating-income-expenses,operating-income,total-non-operating-income-expense,pre-tax-income,total-provision-income-taxes,income-after-taxes,income-from-continuous-operations,net-income,ebitda,ebit,basic-shares-outstanding,shares-outstanding,eps-basic-net-earnings-per-share,eps-earnings-per-share-diluted,current-ratio,long-term-debt-capital,debt-equity-ratio,gross-margin,operating-margin,ebit-margin,pre-tax-profit-margin,net-profit-margin,asset-turnover,receiveable-turnover,days-sales-in-receivables,roe,return-on-tangible-equity,roa,roi,book-value-per-share,operating-cash-flow-per-share,free-cash-flow-per-share
2024-03-31,818.27160,818.27160,299.56010,-244.21720,274.49430,-54.73570,219.75870,11.89150,207.86720,207.86720,207.96020,288.23560,274.49430,548.42900,556.67500,0.37920,0.37360,4.56210,0.09990,0.11100,100.00000,33.54560,33.54560,26.85650,25.41460,0.01450,3.76690,23.89230,5.04070,5.75100,0.36910,4.53720,7.79150,-1.21360,-1.22560
2023-12-31,810.14510,810.14510,321.02870,-237.81430,251.30200,-52.46510,198.83700,-9.13590,207.97290,207.97290,208.40350,267.05850,251.30210,539.83500,544.21200,0.38080,0.37720,3.49960,0.10160,0.11310,100.00000,31.01940,31.01940,24.54340,25.72420,0.01620,4.36600,20.61390,5.33810,6.12610,0.41690,4.79580,7.09020,1.5121,1.5126
2023-09-30,846.21720,846.21720,326.45040,-233.44660,286.32030,-49.28900,237.03120,14.49780,222.53340,222.53340,222.44390,301.18900,286.32030,546.56000,553.59900,0.40700,0.40180,4.55480,0.05920,0.06290,100.00000,33.83530,33.83530,28.01070,26.28690,0.01770,4.48200,20.08050,5.42670,6.21900,0.46550,5.10540,7.49640,-0.4941,-0.5189
2023-06-30,716.82200,716.82200,266.87710,-215.66610,234.27880,-38.80500,195.47380,-1.84850,197.32230,197.32230,197.02130,245.00230,234.27880,532.13500,534.08700,0.37300,0.37060,3.99760,,,100.00000,32.68300,32.68300,27.26950,27.48540,0.01540,4.09950,21.95370,5.29470,5.54630,0.42330,5.29470,7.04140,0.7443,0.745
2023-03-31,603.29290,603.29290,213.45960,-192.04650,197.78690,-40.67830,157.10850,3.88910,153.21940,153.21940,153.04140,206.99640,197.78690,536.10300,536.94800,0.28580,0.28530,5.51790,0.09670,0.10710,100.00000,32.78460,32.78460,26.04180,25.36770,0.01610,3.57180,25.19720,4.66940,4.90830,0.40940,4.21780,5.85410,1.22900,1.22830
2022-12-31,600.43270,600.43270,267.25620,-157.65950,175.51700,-35.97580,139.54130,-8.31390,147.85520,147.85520,148.17880,184.81760,175.51710,555.42900,573.00600,0.27060,0.26260,4.38480,0.09870,0.10950,100.00000,29.23180,29.23180,23.24010,24.67870,0.01610,4.07260,22.09880,4.47900,4.71240,0.39750,4.03700,5.88930,0.5139,0.51
2022-09-30,690.75800,690.75800,292.96230,-180.81410,216.98160,-29.44030,187.54130,-9.15020,196.69150,196.69150,196.66630,223.86500,216.98160,555.71200,573.37100,0.35390,0.34300,5.23690,0.09810,0.10880,100.00000,31.41210,31.41210,27.15010,28.47110,0.01950,4.94220,18.21040,5.90160,6.19030,0.55500,5.32240,5.95140,-0.076,-0.0799
2022-06-30,696.77280,696.77280,308.26420,-196.17170,192.33690,-16.11210,176.22480,-9.21210,185.43690,185.43690,185.16620,204.37520,192.33690,558.71200,576.75000,0.33140,0.32110,4.67280,0.10090,0.11230,100.00000,27.60400,27.60400,25.29160,26.57480,0.02010,4.26630,21.09540,5.60020,5.89390,0.53590,5.03490,5.91280,-0.1941,-0.1987
2022-03-31,597.42580,597.42580,251.09460,-165.41590,180.91530,-16.99290,163.92240,0.41920,163.50330,163.50330,163.47550,192.57140,180.91530,558.87100,576.77700,0.29230,0.28330,5.75780,0.09810,0.10880,100.00000,30.28250,30.28250,27.43810,27.36330,0.01910,5.93450,15.16560,5.49680,5.79270,0.52380,4.95750,5.31170,0.36600,0.36330
2021-12-31,580.14490,580.14490,251.00160,-111.01840,218.12490,-17.72170,200.40300,24.11850,176.28460,176.28460,176.06630,226.73550,218.12480,559.00400,573.49900,0.31500,0.30510,2.90680,0.11800,0.13380,100.00000,37.59830,37.59830,34.54360,30.34870,0.02250,5.03030,17.89170,6.59760,6.99590,0.68280,5.81920,4.77520,0.379,0.3713
2021-09-30,606.99810,606.99810,253.57150,-169.94960,183.47700,-9.69770,173.77930,-5.44510,179.22450,179.22450,179.08570,193.64350,183.47700,559.06600,571.81200,0.32030,0.31320,3.49070,0.12310,0.14040,100.00000,30.22700,30.22700,28.62930,29.50350,0.02440,6.56690,13.70500,6.97200,7.39920,0.72180,6.11380,4.59820,-1.3481,-1.367
2021-06-30,569.81450,569.81450,222.17910,-144.63780,202.99760,-13.73970,189.25780,13.43310,175.82470,175.82470,175.70560,214.44020,202.99760,559.05900,572.26800,0.31430,0.30700,1.84120,0.14650,0.17170,100.00000,35.62520,35.62520,33.21390,30.83560,0.02640,5.87850,15.30990,7.39610,7.90290,0.81460,6.31220,4.25220,-0.4451,-0.4546
2021-03-31,480.93150,480.93150,184.95740,-149.89050,146.08360,-2.57210,143.51150,9.16240,134.34910,134.34910,134.26120,158.80340,146.08360,559.05900,572.73500,0.24020,0.23440,2.64060,0.06800,0.07300,100.00000,30.37510,30.37510,29.84030,27.91690,0.02160,5.29600,16.99380,6.35470,6.82630,0.60300,5.92230,3.78160,0.11520,0.10760
2020-12-31,440.31040,440.31040,182.18160,-125.10860,133.02010,-11.32990,121.69030,9.18090,112.50940,112.50940,112.20550,141.10480,133.02020,552.29100,559.10800,0.20200,0.19720,2.02880,0.07060,0.07600,100.00000,30.21050,30.21060,27.63740,25.48330,0.02360,3.58000,25.13980,5.32180,5.69460,0.60390,4.94610,3.78160,0.2545,0.2174
2020-09-30,390.94710,390.94710,157.79750,-113.18960,119.96010,-2.26090,117.69910,16.96620,100.73300,100.73300,100.57480,126.70260,119.96010,551.80000,556.57400,0.18230,0.18070,1.69740,0.08930,0.09810,100.00000,30.68450,30.68450,30.10620,25.72590,0.02380,4.98680,18.04770,6.24280,6.76520,0.61230,5.68500,2.92420,0.1382,0.1359
2020-06-30,358.25330,358.25330,133.80330,-107.82650,116.62350,-2.94320,113.68030,12.92130,100.75900,100.75900,100.39650,122.46730,116.62350,551.80000,555.88900,0.18260,0.18130,0.83190,0.14820,0.17390,100.00000,32.55340,32.55340,31.73180,28.02390,0.03230,3.36390,26.75470,6.63320,7.12970,0.90740,5.65040,2.75280,0.1881,0.1855
2020-03-31,391.90060,391.90060,137.02910,-133.89070,120.98070,-4.29640,116.68440,26.87690,89.80750,89.80750,89.65070,128.10250,120.98070,551.80000,555.89600,0.16250,0.16130,1.41730,0.16370,0.19570,100.00000,30.87030,30.87030,29.77400,22.87590,0.02990,2.66350,33.79060,5.22640,5.64150,0.68490,4.37090,3.11410,-0.05660,-0.06500
2019-12-31,,,,,,,,,,,,,,,,,0.00000,,,,,,,,,,,,,,,,,0,0
