Date,revenue,cost-goods-sold,gross-profit,research-development-expenses,selling-general-administrative-expenses,other-operating-income-expenses,operating-expenses,operating-income,total-non-operating-income-expense,pre-tax-income,total-provision-income-taxes,income-after-taxes,income-from-continuous-operations,net-income,ebitda,ebit,basic-shares-outstanding,shares-outstanding,eps-basic-net-earnings-per-share,eps-earnings-per-share-diluted,current-ratio,long-term-debt-capital,debt-equity-ratio,gross-margin,operating-margin,ebit-margin,pre-tax-profit-margin,net-profit-margin,asset-turnover,receiveable-turnover,days-sales-in-receivables,roe,return-on-tangible-equity,roa,roi,book-value-per-share,operating-cash-flow-per-share,free-cash-flow-per-share
2023-12-31,43.55280,21.47330,22.07960,2.58170,11.83080,-8.02220,22.43470,-0.35510,-0.74310,-1.09830,5.16390,-6.26220,-6.26220,-6.26690,4.20260,-0.35510,41.74000,41.74000,-0.14200,-0.14200,0.41220,0.05560,0.10190,50.69600,-0.81540,-0.81540,-2.52170,-14.38930,0.12700,1.22960,73.19690,-3.51700,6.82060,-1.82660,-3.32140,4.25120,0.0179,0.0163
2023-09-30,44.76870,30.20780,14.56090,3.05110,12.07260,-0.75780,15.88140,-1.32060,-2.32760,-3.64810,-1.29230,-2.35580,-2.35580,-2.37260,3.36320,-1.32060,39.94300,39.94300,-0.05940,-0.05940,0.52560,0.02140,0.11880,32.52470,-2.94970,-2.94970,-8.14880,-5.29970,0.11620,0.84430,106.59630,-1.24500,2.65200,-0.61130,-1.21830,4.51780,0.0787,0.0678
2023-06-30,38.96960,24.60020,14.36950,2.24400,12.55530,-0.77370,15.57300,-1.20350,-2.65390,-3.85740,-1.01100,-2.84640,-2.84640,-2.85770,3.26710,-1.20350,39.18800,39.18800,-0.07290,-0.07290,0.56160,0.03680,0.13930,36.87350,-3.08830,-3.08830,-9.89850,-7.33310,0.10240,0.81290,110.71100,-1.50710,3.28390,-0.74780,-1.45160,4.52150,0.2234,0.2215
2023-03-31,34.46660,19.26890,15.19770,2.69580,11.33610,-0.43200,14.46380,0.73380,-3.09910,-2.36520,-1.65720,-0.70800,-0.70800,-0.72190,4.60940,0.73380,41.76600,41.76600,-0.01730,-0.01730,0.64580,0.05640,0.16220,44.09400,2.12910,2.12910,-6.86240,-2.09440,0.09440,0.77470,116.17910,-0.38700,0.87730,-0.19380,-0.36520,4.37960,0.46000,0.46000
2022-12-31,32.91590,15.86310,17.05270,3.31680,12.99550,-41.16710,57.47940,-40.42670,-3.20700,-43.63370,-12.38580,-31.24780,-31.24780,-31.25620,-36.26000,-40.42670,41.59600,41.59600,-0.75250,-0.75250,0.65750,0.07750,0.18010,51.80710,-122.81820,-122.81820,-132.56120,-94.95800,0.09420,0.88700,101.47100,-16.92340,38.04810,-8.94180,-15.61130,4.42360,0.1314,0.1451
2022-09-30,34.41100,20.29620,14.11480,3.31900,12.88800,-1.91180,18.11870,-4.00390,-3.28420,-7.28820,-1.98320,-5.30500,-5.30500,-5.29990,-0.44920,-4.00390,41.64500,41.64500,-0.12730,-0.12730,0.67250,0.07720,0.16260,41.01830,-11.63560,-11.63560,-21.17980,-15.40160,0.09550,1.01500,88.66660,-2.47750,6.96740,-1.47220,-2.28630,5.13060,0.3195,0.2891
2022-06-30,41.43190,28.01090,13.42100,3.22740,14.30080,-2.80070,20.32900,-6.90800,-1.66830,-8.57630,-2.07930,-6.49690,-6.49690,-6.49370,-2.92890,-6.90800,50.41700,50.41700,-0.12880,-0.12880,0.73930,0.10380,0.17780,32.39280,-16.67310,-16.67310,-20.69970,-15.67310,0.10780,1.15440,77.96520,-2.78800,8.28980,-1.69110,-2.49870,5.58360,0.1505,0.147
2022-03-31,37.81700,26.44330,11.37380,2.54750,11.51310,-1.95190,16.01250,-4.63880,-0.32880,-4.96760,-0.94340,-4.02420,-4.02420,-4.02420,-1.81290,-4.63880,32.61600,32.61600,-0.12350,-0.12350,1.63870,0.10050,0.17430,30.07580,-12.26640,-12.26640,-13.13590,-10.64120,0.11910,1.06150,84.78760,-1.82400,-19.13710,-1.26690,-1.64070,5.33870,-0.09640,-0.10970
2021-12-31,34.06450,24.02150,10.04300,5.55700,8.28580,10.59260,3.25010,6.79290,-0.42270,6.37010,-1.75680,8.12690,8.12690,8.12690,9.25430,6.79290,32.61600,32.61600,1.10320,1.10320,1.78200,0.10810,0.17650,29.48230,19.94120,19.94120,18.70020,23.85760,0.09970,1.16100,77.52020,3.64510,28.69460,2.37860,3.25130,5.39510,-0.0158,-0.0105
2021-09-30,31.33520,21.22890,10.10630,0.97440,19.48510,0.10180,20.35770,-10.25140,-1.60990,-11.86130,-0.45900,-11.40230,-11.40230,-11.40230,-8.16870,-10.25140,41.31260,41.31260,-0.27600,-0.27600,2.44940,0.12460,0.19280,32.25220,-32.71520,-32.71520,-37.85280,-36.38800,0.09090,1.21090,74.32220,-5.19950,-37.49300,-3.30760,-4.55160,5.30660,-0.335,-0.3509
2021-06-30,25.61110,17.78230,7.82880,1.13280,7.04020,-0.36720,8.54020,-0.71140,1.21380,0.50240,0.28910,0.21330,0.21330,0.21330,0.90350,-0.71140,23.89100,23.89100,0.00890,0.00890,0.89410,0.58490,1.90460,30.56790,-2.77770,-2.77770,1.96160,0.83300,0.26910,1.25140,71.91930,1.25520,-0.61690,0.22420,0.52110,,1.473,1.4833
2021-03-31,22.45280,16.90920,5.54360,0.91660,8.80230,-0.27120,9.99020,-4.44650,-2.69610,-7.14270,-1.93170,-5.21090,-5.21090,-5.21090,-2.98400,-4.44650,4.78200,4.78200,-1.08980,-1.08980,0.99190,0.62150,2.11390,24.69010,-19.80390,-19.80390,-31.81190,-23.20830,0.24150,1.20540,74.66390,-32.59950,14.89870,-5.60540,-12.34000,1.38540,-1.67480,-1.70820
2020-12-31,,,,,,,,,,,,,,,,,,,,0.00000,,,,,,,,,,,,,,,,,0,0
