Date,revenue,cost-goods-sold,gross-profit,research-development-expenses,selling-general-administrative-expenses,other-operating-income-expenses,operating-expenses,operating-income,total-non-operating-income-expense,pre-tax-income,total-provision-income-taxes,income-after-taxes,income-from-continuous-operations,net-income,ebitda,ebit,basic-shares-outstanding,shares-outstanding,eps-basic-net-earnings-per-share,eps-earnings-per-share-diluted,current-ratio,long-term-debt-capital,debt-equity-ratio,gross-margin,operating-margin,ebit-margin,pre-tax-profit-margin,net-profit-margin,asset-turnover,receiveable-turnover,days-sales-in-receivables,roe,return-on-tangible-equity,roa,roi,book-value-per-share,operating-cash-flow-per-share,free-cash-flow-per-share
2023-09-30,188.98400,73.48000,115.50400,18.06200,121.37500,,152.67000,-37.16600,-5.33000,-42.49600,0.59000,-43.08600,-43.08600,-43.08600,-23.93300,-37.16600,158.05600,158.05600,-0.27000,-0.27000,1.65830,0.55130,1.22880,61.11840,-19.66620,-19.66620,-22.48660,-22.79880,0.36960,1.34600,66.86660,-28.76660,104.53970,-8.42600,-12.90690,0.69970,0.1386,0.0819
2023-06-30,171.81700,62.03700,109.78000,17.34300,123.21100,,155.99500,-46.21500,-5.63500,-51.85000,0.30900,-52.15900,-52.15900,-52.15900,-33.61900,-46.21500,154.59800,154.59800,-0.34000,-0.34000,1.67390,0.57250,1.33920,63.89360,-26.89780,-26.89780,-30.17750,-30.35730,0.34980,1.40810,63.91730,-37.97580,93.83810,-10.61860,-16.23420,0.64260,0.1295,0.0811
2023-03-31,157.60200,54.35000,103.25200,18.51900,125.15000,-0.20300,155.69700,-52.44500,-4.31200,-56.75700,0.19800,-56.95500,-56.95500,-56.95500,-40.62000,-52.44500,150.04600,150.04600,-0.38000,-0.38000,1.73810,0.58590,1.41500,65.51440,-33.27690,-33.27690,-36.01290,-36.13850,0.33540,1.44050,62.47670,-43.83650,91.98310,-12.12190,-18.15210,0.62630,0.13400,0.06690
2022-12-31,175.14000,65.97900,109.16100,17.23100,127.21100,,156.87200,-47.71100,-4.17300,-51.88400,-0.13100,-51.75300,-51.75300,-51.75300,-35.28100,-47.71100,138.98500,138.98500,-0.35000,-0.35000,1.83710,0.58960,1.43680,62.32790,-27.24160,-27.24160,-29.62430,-29.54950,0.37540,1.64730,54.63620,-40.42260,104.76960,-11.09380,-16.58840,0.61740,0.1707,0.1017
2022-09-30,152.25200,57.52900,94.72300,16.95400,130.57100,,160.89200,-66.16900,-2.37500,-68.54400,0.89600,-69.44000,-69.44000,-69.44000,-52.80200,-66.16900,140.59400,140.59400,-0.49000,-0.49000,1.74670,0.62760,1.68510,62.21460,-43.46020,-43.46020,-45.02010,-45.60860,0.34550,1.66550,54.03710,-63.64100,99.91660,-15.75550,-23.70130,0.52860,0.1302,0.0648
2022-06-30,137.30100,50.23300,87.06800,18.03800,132.80400,,164.15700,-77.08900,-8.57700,-85.66600,0.34300,-86.00900,-86.00900,-86.00900,-63.77400,-77.08900,135.90400,135.90400,-0.63000,-0.63000,1.67570,0.63220,1.71910,63.41400,-56.14600,-56.14600,-62.39290,-62.64270,0.31500,1.53340,58.69360,-80.45370,116.33530,-19.73520,-29.58810,0.52000,0.1058,0.0415
2022-03-31,126.26800,41.72500,84.54300,17.23100,122.26700,-0.34400,152.60800,-68.06500,-6.57100,-74.63600,-2.59900,-72.03700,-72.03700,-72.03700,-55.29900,-68.06500,134.08500,134.08500,-0.54000,-0.54000,1.72160,0.63770,1.76050,66.95520,-53.90520,-53.90520,-59.10920,-57.05090,0.30330,1.67110,53.85550,-69.03730,91.42220,-17.30340,-25.00910,0.51570,0.15800,0.07440
2021-12-31,134.84600,49.01100,85.83500,14.18900,119.31500,-0.43700,146.98810,-61.15300,-0.01800,-61.17100,-0.03300,-61.13800,-61.13800,-64.30400,-48.36600,-61.15300,86.93200,86.93200,0.36000,0.36000,1.85380,0.66990,2.02910,63.65410,-45.35030,-45.35030,-45.36360,-47.68700,0.33940,1.61340,55.78230,-67.56470,94.08160,-15.38970,-22.30490,0.45740,0.3294,0.1781
2021-09-30,115.13300,44.52500,70.60800,13.99800,111.18000,-0.48000,137.47100,-66.86300,-1.83800,-68.70100,0.42800,-69.12900,-69.12900,-69.12900,-55.08000,-66.86300,129.73200,129.73200,-0.53000,-0.53000,1.93090,0.76690,3.28990,61.32730,-58.07460,-58.07460,-59.67100,-60.04270,0.32500,1.58180,56.89640,-123.92040,125.54300,-19.51170,-28.88640,0.28920,-0.0778,0.0374
2021-06-30,106.89600,42.21200,64.68400,26.50300,148.75200,-0.32900,186.96900,-122.28500,27.94700,-94.33800,0.58400,-94.92200,-94.92200,-94.92200,-111.05000,-122.28500,51.20200,51.20200,-1.92000,-1.92000,2.00450,0.77570,3.45740,60.51120,-114.39620,-114.39620,-88.25210,-88.79850,0.30150,1.48380,60.65670,-178.90230,154.09410,-26.77550,-40.13600,0.27910,0.087,-0.0432
2021-03-31,101.46300,38.97200,62.49100,9.78400,39.70200,-0.70700,60.59700,1.89400,-27.84500,-25.95100,-1.57700,-24.37400,-24.37400,-28.26800,12.01100,1.89400,32.84700,32.84700,-0.86000,-0.86000,,,,61.58990,1.86670,1.86670,-25.57680,-27.86040,,,,,,,,,0.17090,0.02940
2020-12-31,,,,,,,,,,,,,,,,,,,,0.00000,,,,,,,,,,,,,,,,,-0.5104,0.0848
2020-09-30,95.28400,40.70500,54.57900,6.90500,35.41900,-1.23000,53.94600,0.63300,-13.33500,-12.70200,0.30100,-13.00300,-13.00300,-16.77700,10.76600,0.63300,32.60700,32.60700,-0.51000,-0.51000,,,,57.28030,0.66430,0.66430,-13.33070,-17.60740,,,,,,,,,0.2116,0.0107
2020-06-30,77.13000,29.29600,47.83400,8.16100,34.16900,-1.15600,54.48100,-6.64700,-8.01100,-14.65800,0.39600,-15.05400,-15.05400,-18.77000,-6.64700,-6.64700,32.36300,32.36200,-0.58000,-0.58000,,,,62.01740,-8.61790,-8.61790,-19.00430,-24.33550,,,,,,,,,0.2988,-0.0955
2019-12-31,,,,,,,,,,,,,,,,,,,,0.00000,,,,,,,,,,,,,,,,,0,0
