Date,revenue,cost-goods-sold,gross-profit,selling-general-administrative-expenses,other-operating-income-expenses,operating-expenses,operating-income,total-non-operating-income-expense,pre-tax-income,total-provision-income-taxes,income-after-taxes,income-from-continuous-operations,net-income,ebitda,ebit,basic-shares-outstanding,shares-outstanding,eps-basic-net-earnings-per-share,eps-earnings-per-share-diluted,current-ratio,long-term-debt-capital,debt-equity-ratio,gross-margin,operating-margin,ebit-margin,pre-tax-profit-margin,net-profit-margin,asset-turnover,inventory-turnover,receiveable-turnover,days-sales-in-receivables,roe,return-on-tangible-equity,roa,roi,book-value-per-share,operating-cash-flow-per-share,free-cash-flow-per-share
2023-09-30,1273.00000,3460.70000,-2187.70000,63.90000,-24.10000,88.00000,-2275.70000,-65.90000,-2341.60000,-71.10000,-2270.50000,-2270.50000,-2272.60000,-1851.90000,-2275.70000,120.22000,120.22000,-18.90000,-18.90000,1.03750,0.54100,1.84620,-171.85390,-178.76670,-178.76670,-183.94350,-178.52320,0.15540,22.12720,1.97580,45.55150,-88.29820,-91.62260,-27.71810,-40.52510,,2.8073,2.7241
2023-06-30,1309.60000,1388.80000,-79.20010,71.40000,-17.20000,88.60000,-167.80000,-104.30000,-272.10000,-59.40000,-212.70000,-212.70000,-215.10000,253.70000,-167.80000,120.19500,120.19500,-1.79000,-1.79000,1.14820,0.40560,1.00580,-6.04760,-12.81310,-12.81310,-20.77730,-16.42490,0.12260,7.97700,1.95170,46.11330,-4.38100,-4.47130,-1.99090,-2.60390,,2.8834,2.7162
2023-03-31,1374.30000,1320.20000,54.10010,74.10000,6.10000,68.00000,-13.89990,-50.80000,-64.70000,-6.60000,-58.10000,-58.10000,-59.50000,373.30010,-13.89990,120.16900,120.16900,-0.50000,-0.50000,1.20670,0.37740,0.91560,3.93650,-1.01140,-1.01140,-4.70790,-4.32950,0.11920,6.98150,1.97660,45.53370,-1.14310,-1.16490,-0.50380,-0.71170,,1.44460,1.24740
2022-12-31,2188.90000,1514.90000,673.99980,94.30000,5.00000,89.30000,584.70020,-26.80000,557.89990,141.40010,416.49990,416.49990,414.20000,973.30020,584.70000,120.01200,120.44500,3.44000,3.43000,1.60450,0.32750,0.73740,30.79170,26.71210,26.71210,25.48770,18.92270,0.18830,7.94390,2.65100,33.94990,7.06420,7.17730,3.58270,4.75100,,8.87,8.7639
2022-09-30,3227.50000,1623.30000,1604.20000,82.00000,22.10000,59.90000,1544.30000,-29.90000,1514.40000,348.70000,1165.70000,1165.70000,1163.30000,1924.50000,1544.30000,120.04700,120.43900,9.69000,9.66000,1.57860,0.35200,0.80530,49.70410,47.84820,47.84820,46.92180,36.04340,0.26910,7.19230,2.96450,30.35880,20.03850,20.32680,9.71850,12.98480,,13.88,13.561
2022-06-30,3428.80000,1593.90000,1834.90000,84.90000,14.30000,70.60000,1764.30000,-27.90000,1736.40000,400.60000,1335.80000,1335.80000,1333.10000,2101.60000,1764.30000,119.99000,120.44200,11.11000,11.07000,1.64090,0.37090,0.86710,53.51440,51.45530,51.45530,50.64160,38.87950,0.29840,7.37230,2.54700,35.33540,25.45250,25.84350,11.62320,16.01300,,14.1965,13.6237
2022-03-31,3716.40000,1402.70000,2313.70000,77.10000,5.90000,71.20000,2242.50000,-23.90000,2218.60000,507.60000,1711.00000,1711.00000,1708.80000,2532.70000,2242.50000,119.91100,120.43900,14.25000,14.19000,1.29470,0.40960,1.01140,62.25650,60.34070,60.34070,59.69760,45.98000,0.30160,8.07080,2.68060,33.57440,40.16240,40.90660,13.88460,23.71220,,13.78290,12.31160
2021-12-31,3466.40000,1271.40000,2195.00000,83.80000,5.60000,78.20000,2116.80000,-34.20000,2082.60000,374.20000,1708.40000,1708.40000,1705.10000,2365.40000,2116.80000,115.10600,118.93400,14.72000,14.35000,1.84460,0.33330,0.72250,63.32220,61.06620,61.06620,60.07960,49.18940,0.35220,10.68400,2.71240,33.18140,37.14320,37.74890,17.35860,24.76300,38.41140,17.2076,15.0952
2021-09-30,3136.00000,1222.60000,1913.40000,60.40000,6.00000,54.40000,1859.00000,-38.10000,1820.90000,358.00000,1462.90000,1462.90000,1461.10000,2079.90000,1859.00000,116.61900,120.20600,12.53000,12.16000,1.57780,0.37340,0.88190,61.01400,59.27930,59.27930,58.06440,46.59120,0.39990,11.39500,2.54090,35.42050,46.07070,47.08520,18.65360,28.86580,,16.6974,14.2988
2021-06-30,2382.00000,1159.50000,1222.50000,67.60000,2.10000,65.50000,1157.00000,-45.00000,1112.00000,223.80000,888.20000,888.20000,886.50000,1333.10000,1157.00000,115.00000,120.13400,7.71000,7.38000,1.19620,0.47550,1.36840,51.32240,48.57260,48.57260,46.68350,37.21660,0.42520,11.62410,2.47280,36.39640,51.68800,53.79730,15.85360,27.11050,,9.5095,6.8192
2021-03-31,1744.30000,1008.70000,735.60000,55.90000,3.80000,52.10000,683.50010,-39.50000,644.00000,54.40000,589.60000,589.60000,587.60000,817.10010,683.50010,109.77800,114.50800,5.35000,5.13000,0.66090,1.28070,-5.99850,42.17160,39.18480,39.18480,36.92030,33.68690,0.89150,17.79040,5.69000,15.81730,-222.31940,-178.16990,30.13320,62.41070,,6.78900,5.63190
2020-12-31,,,,,,,,,,,,,,,,,,,0.00000,,,,,,,,,,,,,,,,,,-4.6433,-4.5172
2020-09-30,1012.50500,785.26800,227.23700,42.72100,4.29100,38.43000,188.80700,-40.70700,148.10000,3.69600,144.40400,144.40400,142.42400,263.08100,188.80700,100.00000,100.45100,1.42000,1.36000,,,,22.44310,18.64750,18.64750,14.62710,14.06650,,,,,,,,,,2.5227,2.4396
2020-06-30,795.13000,692.57300,102.55700,36.66200,2.95200,33.71000,68.84710,-39.12000,29.72700,4.41300,25.31400,25.31400,24.04000,68.84710,68.84710,100.00000,104.37600,0.24000,0.23000,,,,12.89810,8.65860,8.65860,3.73860,3.02340,,,,,,,,,,2.1206,2.0776
2019-12-31,,,,,,,,,,,,,,,,,,,0.00000,,,,,,,,,,,,,,,,,,0,0
