Date,revenue,cost-goods-sold,gross-profit,research-development-expenses,selling-general-administrative-expenses,operating-expenses,operating-income,total-non-operating-income-expense,pre-tax-income,total-provision-income-taxes,income-after-taxes,income-from-continuous-operations,net-income,ebitda,ebit,basic-shares-outstanding,shares-outstanding,eps-basic-net-earnings-per-share,eps-earnings-per-share-diluted,current-ratio,gross-margin,operating-margin,ebit-margin,pre-tax-profit-margin,net-profit-margin,asset-turnover,receiveable-turnover,days-sales-in-receivables,roe,return-on-tangible-equity,roa,roi,book-value-per-share,operating-cash-flow-per-share,free-cash-flow-per-share
2023-10-31,1136.72700,270.98800,865.73900,196.83200,499.51800,696.35000,169.38900,16.43700,185.82600,44.61400,141.21200,141.21200,141.21200,261.53000,169.38900,302.49300,310.39000,0.47000,0.45000,4.26970,76.16070,14.90150,14.90150,16.34750,12.42270,0.12200,2.21130,40.69930,1.90480,1.98720,1.51560,1.90480,24.35910,1.5534,1.4278
2023-07-31,1138.67600,266.55900,872.11710,191.80200,502.69700,694.49900,177.61800,72.75500,250.37300,68.39900,181.97400,181.97400,181.97400,276.02300,177.61800,299.09300,305.93300,0.61000,0.59000,3.98930,76.59040,15.59870,15.59870,21.98810,15.98120,0.12760,1.99400,45.13520,2.59880,2.71800,2.03940,2.59880,23.26700,1.09,0.9381
2023-04-30,1105.36400,263.94700,841.41700,209.27100,622.40400,831.67500,9.74210,33.48800,43.23000,27.78600,15.44400,15.44400,15.44400,100.28310,9.74210,295.40900,304.11600,0.05000,0.05000,3.56190,76.12130,0.88130,0.88130,3.91090,1.39720,0.12950,1.87130,48.09500,0.23670,0.24830,0.18090,0.23670,21.93300,1.37610,1.30430
2023-01-31,1117.80300,294.35400,823.44900,261.25810,692.07790,953.33600,-129.88730,90.34300,-39.54400,64.50600,-104.05000,-104.05000,-104.03500,-32.74530,-129.88730,296.56100,304.23100,-0.34000,-0.34000,3.65600,73.66670,-11.61990,-11.61990,-3.53770,-9.30710,0.13750,2.00540,44.87940,-1.67640,-1.71020,-1.28010,-1.67640,21.12360,0.6692,0.5781
2022-10-31,1101.89900,270.66500,831.23400,195.94600,568.78000,764.72600,66.50790,-11.75900,54.74900,6.39600,48.35300,48.35300,48.35300,155.39790,66.50790,295.53700,301.98600,0.16000,0.16000,3.23900,75.43650,6.03580,6.03580,4.96860,4.38820,0.14060,1.86900,48.15470,0.84010,0.85830,0.61700,0.84010,19.69020,1.0216,0.9435
2022-07-31,1099.45800,273.61100,825.84700,172.56400,531.54000,704.10400,121.74300,-31.34400,90.39900,44.64900,45.75000,45.75000,45.74600,201.73600,121.74300,298.55300,307.16100,0.15000,0.15000,3.43590,75.11400,11.07300,11.07300,8.22210,4.16080,0.13660,2.15770,41.71040,0.76370,0.77970,0.56850,0.76370,20.09620,0.8343,0.7439
2022-04-30,1073.80000,261.82100,811.97900,144.29100,480.62300,624.91400,187.06510,-43.39300,143.67200,30.01400,113.65800,113.65800,113.64000,262.72910,187.06510,299.14700,306.61400,0.38000,0.37000,3.62870,75.61730,17.42090,17.42090,13.37980,10.58300,0.13500,2.21920,40.55610,1.91090,1.91980,1.42850,1.91090,19.90430,1.71600,1.63430
2022-01-31,1071.37600,257.34700,814.02910,116.99600,445.21410,562.21000,251.81900,-113.28500,138.53400,-352.10700,490.64090,490.64090,490.47300,316.32400,251.81880,296.33500,305.82700,1.66000,1.61000,3.91460,75.97980,23.50430,23.50430,12.93050,45.77970,0.14190,2.55290,35.25430,8.48860,8.52930,6.49740,8.48860,19.32880,0.6863,0.6183
2021-10-31,1050.75600,270.95700,779.79900,98.50800,390.43400,488.94200,290.85700,119.42600,410.28300,69.90000,340.38300,340.38300,340.27100,349.74000,290.85700,297.37500,305.94000,1.14000,1.11000,3.61400,74.21310,27.68070,27.68070,39.04650,32.38350,0.15060,2.78070,32.36590,6.65630,6.69070,4.87730,6.65630,17.16360,1.2888,1.2243
2021-07-31,1021.49500,261.25600,760.23900,82.31100,383.32500,465.63600,294.60300,29.28100,323.88400,6.80000,317.08400,317.08400,316.93000,342.66100,294.60300,295.71300,305.86100,1.07000,1.04000,3.46010,74.42420,28.84040,28.84040,31.70690,31.02610,0.15690,2.58430,34.82540,6.80770,6.84620,4.87180,6.80770,15.68120,1.5276,1.4855
2021-04-30,956.23700,264.99400,691.24300,65.17500,399.75600,464.93100,226.31200,2.61900,228.93100,1.40000,227.53100,227.53100,227.38300,280.33690,226.31200,293.79500,305.41200,0.77000,0.74000,3.49460,72.28780,23.66690,23.66690,23.94080,23.77890,0.16240,2.61020,34.48010,5.42680,5.45850,3.86390,5.42680,14.23630,1.74620,1.48730
2021-01-31,882.48490,267.28400,615.20080,52.37500,306.70900,359.08400,256.11680,8.53600,264.65300,4.04300,260.61000,260.61000,260.30900,298.59780,256.11690,283.85400,298.12800,0.91000,0.87000,3.80400,69.71240,29.02220,29.02220,29.98950,29.49730,0.16660,2.99450,30.05520,6.75020,6.79300,4.91900,6.75020,13.15200,1.3532,1.2806
2020-10-31,777.19600,258.72700,518.46900,42.58200,283.64500,326.22700,192.24200,1.77900,194.02100,-4.62100,198.64200,198.64200,198.44000,230.32900,192.24200,284.78300,299.25900,0.70000,0.66000,1.85600,66.71020,24.73530,24.73530,24.96420,25.53280,0.25480,2.76680,32.52800,13.24350,13.46200,6.51220,13.24350,5.24550,1.3594,1.2825
2020-07-31,663.52000,192.27100,471.24900,42.73400,240.41100,283.14500,188.10400,2.08100,190.18500,4.19600,185.98900,185.98900,185.74200,219.07300,188.10400,282.85100,297.16200,0.66000,0.63000,1.73390,71.02260,28.34940,28.34940,28.66300,27.99340,0.25280,2.24670,40.05860,15.51440,15.83600,7.08550,15.51440,4.21610,1.3448,1.2507
2020-04-30,328.16700,103.70700,224.46000,26.38900,174.68600,201.07500,23.38500,5.79000,29.17500,2.10000,27.07500,27.07500,27.03600,45.01100,23.38500,279.89100,295.18500,0.10000,0.09000,1.72480,68.39810,7.12590,7.12590,8.89030,8.23850,0.15870,1.27440,70.62280,3.00290,3.00290,1.30940,3.00290,3.19740,0.87730,0.85270
2020-01-31,188.25100,32.54700,155.70400,20.66900,124.48200,145.15100,10.55300,3.99200,14.54500,-0.79400,15.33900,15.33900,13.82400,26.57500,10.55300,233.64100,254.29800,0.06000,0.06000,3.28170,82.71080,5.60580,5.60580,7.72640,7.34340,0.14590,1.56310,57.57820,1.83930,1.83930,1.18920,1.83930,2.99200,0.2033,0.1496
2019-10-31,166.59300,30.84500,135.74800,17.57300,119.85400,137.42700,-1.67900,4.20900,2.53000,0.31900,2.21100,2.21100,2.20700,12.64900,-1.67900,273.31700,292.77100,0.01000,0.01000,3.20760,81.48480,-1.00780,-1.00780,1.51870,1.32480,0.14020,1.73950,51.73870,0.28620,0.28620,0.18610,0.28620,2.79670,0.2112,0.1868
2019-07-31,145.82600,27.90000,117.92600,15.05400,100.60700,115.66100,2.26500,4.49200,6.75700,1.21600,5.54100,5.54100,5.52100,14.72200,2.26500,271.81300,292.18600,0.02000,0.02000,4.00030,80.86760,1.55320,1.55320,4.63360,3.78600,0.13630,1.52410,59.05240,0.74500,0.74500,0.51790,0.74500,2.71970,0.0198,-0.0013
2019-04-30,121.98800,24.10400,97.88400,13.78300,82.54400,96.32700,1.55700,0.97300,2.53000,0.31600,2.21400,2.21400,0.19800,12.30000,1.55700,109.70890,136.42840,0.00000,0.00000,4.45590,80.24070,1.27640,1.27640,2.07400,0.16230,0.12210,1.54630,58.20180,0.30760,0.30760,0.22160,0.30760,2.64280,0.16300,0.11240
2019-01-31,105.80000,19.52500,86.27500,10.80800,69.97500,80.78300,5.49200,0.59200,6.08400,0.38700,5.69700,5.69700,5.69700,14.51800,5.49200,84.48300,116.00600,0.02000,0.03000,1.81640,81.54540,5.19090,5.19090,5.75050,5.38470,0.29840,1.66320,54.11310,-76.58290,-76.58290,1.60680,-76.58290,-0.08240,0.1241,0.0423
2018-10-31,90.12100,16.84300,73.27800,8.89300,65.44800,74.34100,-1.06300,0.60500,-0.45800,0.14000,-0.59800,-0.59800,-0.59800,6.49300,-1.06300,85.64500,111.00000,-0.01000,-0.01000,,81.31070,-1.17950,-1.17950,-0.50820,-0.66360,,,,,,,,,0.1606,0.0898
2018-07-31,74.52600,12.97300,61.55300,7.04900,51.08200,58.13100,3.42200,0.54400,3.96600,0.14100,3.82500,3.82500,0.49600,9.60300,3.42200,83.33100,108.45400,0.01000,0.00000,,82.59270,4.59170,4.59170,5.32160,0.66550,,,,,,,,,0.1236,0.0788
2018-04-30,60.07000,11.66000,48.41000,6.26400,43.83000,50.09400,-1.68400,0.44100,-1.24300,0.09700,-1.34000,-1.34000,-1.34000,3.40000,-1.68400,80.62400,80.62400,-0.02000,-0.02000,,80.58930,-2.80340,-2.80340,-2.06930,-2.23070,,,,,,,,,0.03420,-0.01350
2018-01-31,,,,,,,,,,,,,,,,,,,0.00000,,,,,,,,,,,,,,,0,0
