Date,revenue,cost-goods-sold,gross-profit,research-development-expenses,selling-general-administrative-expenses,other-operating-income-expenses,operating-expenses,operating-income,total-non-operating-income-expense,pre-tax-income,total-provision-income-taxes,income-after-taxes,income-from-continuous-operations,net-income,ebitda,ebit,basic-shares-outstanding,shares-outstanding,eps-basic-net-earnings-per-share,eps-earnings-per-share-diluted,current-ratio,long-term-debt-capital,debt-equity-ratio,gross-margin,operating-margin,ebit-margin,pre-tax-profit-margin,net-profit-margin,asset-turnover,inventory-turnover,receiveable-turnover,days-sales-in-receivables,roe,return-on-tangible-equity,roa,roi,book-value-per-share,operating-cash-flow-per-share,free-cash-flow-per-share
2024-03-31,2190.00000,643.00000,1547.00000,162.00000,547.00000,8.00000,800.00000,747.00000,,747.00000,148.00000,599.00000,599.00000,599.00000,931.00000,805.00000,458.00000,458.80000,1.31000,1.31000,3.33110,0.56500,1.30360,70.63930,34.10960,36.75800,34.10960,27.35160,0.15260,0.24260,1.69370,53.13700,11.85670,60.02000,4.17480,5.15760,11.05600,1.29690,0.99390
2023-12-31,2213.00000,728.00000,1485.00000,174.00000,565.00000,8.00000,835.00000,650.00000,,650.00000,127.00000,523.00000,523.00000,525.00000,835.00000,709.00000,461.17200,462.26900,1.15000,1.14000,3.35790,0.56810,1.31580,67.10350,29.37190,32.03800,29.37190,23.72350,0.15490,0.28390,1.69710,53.03210,10.47890,58.50110,3.66090,4.52620,10.88870,1.9345,1.5084
2023-09-30,2151.00000,638.00000,1513.00000,152.00000,525.00000,-6.00000,796.00000,717.00000,,717.00000,121.00000,596.00000,596.00000,596.00000,900.00000,776.00000,460.30000,461.40000,1.29000,1.29000,3.86940,0.56360,1.29170,70.33940,33.33330,36.07620,33.33330,27.70800,0.15250,0.23250,1.71120,52.59410,11.74620,65.20790,4.22520,5.12640,11.04180,1.5743,1.2594
2023-06-30,2180.00000,607.00000,1573.00000,146.00000,556.00000,104.00000,701.00000,872.00000,,872.00000,202.00000,670.00000,670.00000,671.00000,1051.00000,930.00000,461.90000,462.90000,1.45000,1.45000,3.49520,0.58650,1.41900,72.15600,40.00000,42.66060,40.00000,30.77980,0.15860,0.22470,1.64900,54.57800,14.49900,102.29010,4.87310,5.99500,10.02930,0.3996,0.0415
2023-03-31,2000.00000,588.00000,1412.00000,142.00000,505.00000,53.00000,715.00000,697.00000,,697.00000,146.00000,551.00000,551.00000,552.00000,880.00000,760.00000,463.50000,464.60000,1.19000,1.19000,3.27360,0.59360,1.46110,70.60000,34.85000,38.00000,34.85000,27.60000,0.14540,0.22940,1.68630,53.37000,12.26900,125.51250,4.00610,4.98640,9.71040,1.18170,0.70600
2022-12-31,2040.00000,653.00000,1387.00000,148.00000,514.00000,-34.00000,795.00000,592.00000,,592.00000,132.00000,460.00000,460.00000,461.00000,773.00000,654.00000,468.89100,470.38500,0.99000,0.98000,2.37010,0.59810,1.79510,67.99020,29.01960,32.05880,29.01960,22.59800,0.13670,0.27850,1.67900,53.60290,10.44740,166.06500,3.08210,4.19900,9.49320,1.5685,1.2095
2022-09-30,2002.00000,607.00000,1395.00000,134.00000,501.00000,3.00000,728.00000,667.00000,,667.00000,139.00000,528.00000,528.00000,529.00000,835.00000,720.00000,467.80000,469.10000,1.13000,1.13000,2.27470,0.52780,1.40780,69.68030,33.31670,35.96400,33.31670,26.42360,0.14640,0.26360,1.68380,53.45160,11.32560,81.10600,3.86130,5.34850,9.99480,1.1283,0.7972
2022-06-30,2052.00000,625.00000,1427.00000,135.00000,529.00000,-2.00000,757.00000,670.00000,,670.00000,141.00000,529.00000,529.00000,529.00000,840.00000,723.00000,470.00000,471.50000,1.13000,1.12000,2.17990,0.53270,1.43520,69.54190,32.65110,35.23390,32.65110,25.77970,0.14900,0.28340,1.58950,56.62280,11.55020,112.55320,3.84170,5.39740,9.77350,0.7162,0.4052
2022-03-31,1986.00000,569.00000,1417.00000,122.00000,465.00000,-7.00000,690.00000,727.00000,,727.00000,133.00000,594.00000,594.00000,595.00000,894.00000,780.00000,472.20000,474.10000,1.26000,1.26000,2.25350,0.52880,1.41220,71.34950,36.60620,39.27490,36.60620,29.95970,0.14330,0.27660,1.62520,55.37760,12.75230,109.39230,4.28570,6.00850,9.88520,0.65180,0.40920
2021-12-31,1967.00000,600.00000,1367.00000,138.00000,593.00000,-32.00000,861.00000,506.00000,,506.00000,93.00000,413.00000,413.00000,414.00000,677.00000,560.00000,474.34800,476.71700,0.87000,0.87000,3.85640,0.59200,1.45070,69.49670,25.72450,28.46980,25.72450,21.04730,0.14150,0.31200,1.73610,51.84040,9.08890,106.44330,2.97120,3.70870,9.61540,1.4215,1.0739
2021-09-30,1990.00000,586.00000,1404.00000,132.00000,504.00000,-4.00000,745.00000,659.00000,,659.00000,107.00000,552.00000,552.00000,552.00000,825.00000,715.00000,474.00000,476.30000,1.16000,1.16000,4.54250,0.58480,1.40820,70.55280,33.11560,35.92970,33.11560,27.73870,0.14520,0.31250,1.72740,52.10050,11.79240,135.96060,4.02770,4.89670,9.88860,1.3737,1.1233
2021-06-30,1948.00000,568.00000,1380.00000,120.00000,495.00000,-10.00000,744.00000,636.00000,,636.00000,125.00000,511.00000,511.00000,512.00000,805.00000,693.00000,474.80000,477.00000,1.08000,1.07000,3.37060,0.60230,1.65350,70.84190,32.64890,35.57500,32.64890,26.28340,0.13850,0.31520,1.66500,54.05540,11.74170,-8516.66600,3.63210,4.66920,9.17730,1.01,0.7727
2021-03-31,1871.00000,549.00000,1322.00000,118.00000,409.00000,-2.00000,635.00000,687.00000,,687.00000,129.00000,558.00000,558.00000,559.00000,853.00000,744.00000,475.50000,477.90000,1.18000,1.17000,3.28850,0.61680,1.75730,70.65740,36.71830,39.76480,36.71830,29.87710,0.13560,0.32290,1.66310,54.11550,13.63640,-195.10490,4.04470,5.22520,8.61520,0.83700,0.67590
2020-12-31,1807.00000,601.00000,1206.00000,133.00000,520.00000,-32.00000,786.00000,420.00000,,420.00000,62.00000,358.00000,358.00000,359.00000,587.00000,478.00000,475.50200,478.56900,0.75000,0.75000,3.04650,0.63610,1.90800,66.74050,23.24290,26.45270,23.24290,19.86720,0.13280,0.36920,1.78380,50.45380,9.48850,-56.73530,2.63060,3.45290,7.93780,1.4999,1.1823
2020-09-30,1786.00000,546.00000,1240.00000,112.00000,424.00000,,643.00000,597.00000,,597.00000,118.00000,479.00000,479.00000,479.00000,770.00000,659.00000,475.50000,478.50000,1.01000,1.00000,2.81540,0.64640,2.13360,69.42890,33.42670,36.89810,33.42670,26.81970,0.13010,0.33580,1.76480,50.99660,13.27970,-54.61800,3.49000,4.69520,7.58980,1.173,0.9246
2020-06-30,1548.00000,451.00000,1097.00000,111.00000,393.00000,-5.00000,615.00000,482.00000,,482.00000,106.00000,376.00000,376.00000,377.00000,651.00000,540.00000,475.30000,478.10000,0.79000,0.79000,3.47050,0.70660,2.57620,70.86560,31.13700,34.88370,31.13700,24.35400,0.11840,0.28470,1.57320,57.20930,12.58790,-26.38600,2.87700,3.69320,6.28840,0.9177,0.7355
2020-03-31,1534.00000,459.00000,1075.00000,107.00000,389.00000,20.00000,578.00000,497.00000,,497.00000,74.00000,423.00000,423.00000,423.00000,660.00000,550.00000,475.60000,479.00000,0.89000,0.88000,2.77280,0.68410,2.34760,70.07820,32.39900,35.85400,32.39900,27.57500,0.13310,0.30990,1.58960,56.61670,15.36510,-25.62080,3.66930,4.85310,5.79740,0.85180,0.69730
2019-12-31,1674.00000,530.00000,1144.00000,132.00000,472.00000,11.00000,707.00000,437.00000,,437.00000,53.00000,384.00000,384.00000,384.00000,602.00000,493.00000,478.12800,481.78700,0.81000,0.79000,2.62900,0.68710,2.38070,68.33930,26.10510,29.45040,26.10510,22.93910,0.14500,0.37590,1.54140,58.38710,14.18020,-21.64600,3.32610,4.43670,5.69470,1.2065,0.8643
2019-09-30,1584.00000,479.00000,1105.00000,112.00000,391.00000,26.00000,577.00000,528.00000,,528.00000,95.00000,433.00000,433.00000,433.00000,691.00000,584.00000,477.80000,481.50000,0.91000,0.90000,4.38970,0.70650,2.40740,69.76010,33.33330,36.86870,33.33330,27.33590,0.14050,0.33290,1.53790,58.52270,16.16880,-23.96240,3.84140,4.74520,5.61720,1.0533,0.8285
2019-06-30,1547.00000,465.00000,1082.00000,111.00000,406.00000,6.00000,627.00000,455.00000,,455.00000,84.00000,371.00000,371.00000,371.00000,608.00000,510.00000,478.80000,482.30000,0.77000,0.77000,4.17120,0.72780,2.67360,69.94180,29.41180,32.96700,29.41180,23.98190,0.14080,0.33120,1.55630,57.82810,15.38780,-18.45770,3.37700,4.18880,5.04580,0.6607,0.4469
2019-03-31,1455.00000,518.00000,937.00000,102.00000,369.00000,14.00000,556.00000,381.00000,,381.00000,69.00000,312.00000,312.00000,312.00000,535.00000,437.00000,479.60000,483.10000,0.65000,0.65000,4.04710,0.73550,2.78120,64.39860,26.18560,30.03440,26.18560,21.44330,0.13370,0.38060,1.50000,60.00000,13.46570,-14.22060,2.86690,3.56120,4.83690,0.80520,0.67480
2018-12-31,1564.00000,544.00000,1020.00000,125.00000,420.00000,55.00000,602.00000,418.00000,,418.00000,73.00000,345.00000,345.00000,345.00000,578.00000,477.00000,483.06300,486.89800,0.73000,0.71000,3.59690,0.74680,2.95290,65.21740,26.72630,30.49870,26.72630,22.05880,0.14510,0.39110,1.50970,59.61640,15.78950,-14.49580,3.20130,3.99860,4.55620,1.1938,1.0099
2018-09-30,1480.00000,473.00000,1007.00000,108.00000,367.00000,19.00000,589.00000,418.00000,,418.00000,71.00000,347.00000,347.00000,347.00000,556.00000,472.00000,482.00000,485.80000,0.72000,0.71000,4.06380,0.75250,3.04110,68.04050,28.24320,31.89190,28.24320,23.44600,0.14150,0.32820,1.59310,56.49320,16.38340,-13.66680,3.31770,4.05420,4.40350,1.1369,0.9837
2018-06-30,1415.00000,447.00000,968.00000,102.00000,359.00000,4.00000,531.00000,437.00000,,437.00000,55.00000,382.00000,382.00000,384.00000,546.00000,483.00000,483.80000,487.50000,0.79000,0.79000,4.38370,0.71430,2.50000,68.40990,30.88340,34.13430,30.88340,27.13780,0.16450,0.31480,1.45430,61.88690,19.27350,-50.46240,4.44030,5.50670,4.10960,0.5514,0.4013
2018-03-31,1366.00000,447.00000,919.00000,97.00000,338.00000,5.00000,502.00000,417.00000,,417.00000,67.00000,350.00000,350.00000,352.00000,524.00000,464.00000,485.90000,489.80000,0.72000,0.72000,4.26700,0.71500,2.50840,67.27670,30.52710,33.96780,30.52710,25.76870,0.15720,0.31020,1.44860,62.13030,17.72150,-41.81600,4.02760,5.05120,4.07450,0.79420,0.70230
2017-12-31,1460.00000,457.00000,1003.00000,110.00000,361.00000,-17.00000,573.00000,430.00000,,430.00000,350.00000,80.00000,80.00000,81.00000,543.00000,480.00000,489.91800,493.16100,0.17000,0.16000,3.85470,0.73500,2.77320,68.69860,29.45210,32.87670,29.45210,5.54790,0.17000,0.32030,1.46290,61.52060,4.47930,-8.05640,0.93170,1.18710,3.67390,1.2305,1.1356
2017-09-30,1347.00000,435.00000,912.00000,96.00000,328.00000,-1.00000,499.00000,413.00000,,413.00000,117.00000,296.00000,296.00000,298.00000,514.00000,456.00000,489.10000,492.40000,0.61000,0.61000,2.80300,0.71040,2.82420,67.70600,30.66070,33.85300,30.66070,22.12320,0.14500,0.29190,1.33500,67.41650,14.66070,-35.70570,3.18690,4.24620,4.13870,0.8935,0.7955
2017-06-30,1269.00000,440.00000,829.00000,86.00000,336.00000,2.00000,484.00000,345.00000,,345.00000,98.00000,247.00000,247.00000,247.00000,445.00000,386.00000,490.80000,494.00000,0.50000,0.50000,2.00900,0.68050,2.61680,65.32700,27.18680,30.41770,27.18680,19.46420,0.16270,0.29370,1.30150,69.14890,14.14660,-25.75600,3.16590,4.51970,3.56570,0.365,0.2635
2017-03-31,1231.00000,443.00000,788.00000,90.00000,309.00000,10.00000,451.00000,337.00000,,337.00000,98.00000,239.00000,239.00000,238.00000,440.00000,378.00000,492.40000,495.30000,0.48000,0.48000,1.95550,0.69460,2.73270,64.01300,27.37610,30.70670,27.37610,19.33390,0.16090,0.28860,1.29040,69.74820,14.61770,-21.84640,3.12460,4.46480,3.32770,0.24030,0.15550
2016-12-31,1277.00000,468.00000,809.00000,108.00000,361.00000,-27.00000,578.00000,231.00000,,231.00000,77.00000,154.00000,154.00000,154.00000,335.00000,272.00000,495.71500,498.22500,0.32000,0.31000,3.03490,0.74880,2.98070,63.35160,18.08930,21.29990,18.08930,12.05950,0.16690,0.31160,1.39870,64.34610,10.27350,-12.72730,2.01330,2.58090,3.04150,0.5735,0.4552
2016-09-30,1241.00000,410.00000,831.00000,90.00000,345.00000,3.00000,498.00000,333.00000,,333.00000,96.00000,237.00000,237.00000,239.00000,434.00000,374.00000,495.20000,497.90000,0.48000,0.48000,3.23770,0.73650,2.79540,66.96210,26.83320,30.13700,26.83320,19.25870,0.16090,0.26230,1.35630,66.35780,14.83100,-20.06770,3.07190,3.90770,3.23320,0.4807,0.3681
2016-06-30,1208.00000,399.00000,809.00000,88.00000,343.00000,-4.00000,477.00000,332.00000,,332.00000,108.00000,224.00000,224.00000,224.00000,433.00000,373.00000,496.30000,498.80000,0.45000,0.45000,3.20310,0.76510,3.25970,66.97020,27.48340,30.87750,27.48340,18.54310,0.16070,0.26160,1.36040,66.15890,16.33840,-16.95690,2.97950,3.83820,2.76750,0.2748,0.1927
2016-03-31,1162.00000,389.00000,773.00000,90.00000,315.00000,30.00000,441.00000,332.00000,,332.00000,128.00000,204.00000,204.00000,204.00000,432.00000,375.00000,497.40000,499.50000,0.41000,0.41000,2.84350,0.78990,3.76410,66.52320,28.57140,32.27200,28.57140,17.55590,0.15590,0.26630,1.27970,70.32700,17.18620,-13.76520,2.73720,3.61000,2.39110,0.10210,0.16220
2015-12-31,1274.00000,496.00000,778.00000,109.00000,425.00000,-81.00000,709.00000,69.00000,,69.00000,49.00000,20.00000,20.00000,22.00000,162.00000,107.00000,499.70700,502.01900,0.04000,0.04000,2.15050,0.80360,4.46200,61.06750,5.41600,8.39870,5.41600,1.72680,0.16100,0.33810,1.35970,66.19310,1.83320,-1.28700,0.25270,0.36010,2.19340,0.5533,0.3921
2015-09-30,1214.00000,421.00000,793.00000,91.00000,374.00000,2.00000,520.00000,273.00000,,273.00000,83.00000,190.00000,190.00000,189.00000,348.00000,302.00000,499.20000,501.70000,0.38000,0.38000,2.08080,0.72010,2.89790,65.32130,22.48760,24.87640,22.48760,15.56840,0.18160,0.30010,1.16960,76.95220,15.15150,-32.31290,2.84180,4.24110,2.51640,0.4055,0.3024
2015-06-30,1175.00000,427.00000,748.00000,84.00000,379.00000,-2.00000,775.00000,-27.00000,,-27.00000,9.00000,-36.00000,-36.00000,-37.00000,52.00000,2.00000,500.20000,500.20000,-0.07000,-0.07000,2.10940,0.72960,3.03410,63.65960,-2.29790,0.17020,-2.29790,-3.14890,0.17810,0.30130,1.18330,76.05960,-2.99500,5.43810,-0.54560,-0.80990,2.40720,0.2447,0.1541
2015-03-31,1102.00000,394.00000,708.00000,80.00000,354.00000,,478.00000,230.00000,,230.00000,65.00000,165.00000,165.00000,165.00000,306.00000,258.00000,501.10000,503.20000,0.33000,0.33000,2.27010,0.71310,2.79310,64.24680,20.87110,23.41200,20.87110,14.97280,0.17140,0.29270,1.21770,73.91110,12.64370,-27.54590,2.56610,3.62800,2.60810,0.11920,0.03180
2014-12-31,1320.00000,491.00000,829.00000,124.00000,497.00000,6.00000,674.00000,155.00000,,155.00000,29.00000,126.00000,126.00000,126.00000,238.00000,185.00000,501.05500,502.02500,0.25000,0.25000,3.19060,0.73050,2.71580,62.80300,11.74240,14.01520,11.74240,9.54550,0.20040,0.38090,1.34690,66.81820,9.42410,-34.42620,1.91260,2.53980,2.66690,0.7713,0.6714
2014-09-30,1210.00000,434.00000,776.00000,93.00000,394.00000,-4.00000,538.00000,238.00000,,238.00000,71.00000,167.00000,167.00000,166.00000,317.00000,267.00000,501.45300,502.44500,0.33000,0.33000,3.35970,0.72390,2.62920,64.13220,19.66940,22.06610,19.66940,13.71900,0.18540,0.31270,1.14470,78.61980,12.02300,-47.71430,2.55860,3.31940,2.77140,0.2046,0.1233
2014-06-30,1158.00000,413.00000,745.00000,92.00000,396.00000,-8.00000,545.00000,200.00000,,200.00000,61.00000,139.00000,139.00000,136.00000,280.00000,229.00000,500.97500,501.68400,0.27000,0.27000,3.13570,0.73950,2.84800,64.33510,17.27120,19.77550,17.27120,11.74440,0.17760,0.30910,1.05460,85.33680,10.83400,-29.26320,2.13120,2.82230,2.56070,0.317,0.2474
2014-03-31,1097.00000,379.00000,718.00000,87.00000,356.00000,-1.00000,491.00000,227.00000,,227.00000,72.00000,155.00000,155.00000,155.00000,306.00000,256.00000,500.23100,500.70200,0.31000,0.31000,2.85890,0.76820,3.32850,65.45120,20.69280,23.33640,20.69280,14.12940,0.17130,0.28800,0.99730,90.24610,14.10370,-23.13430,2.42070,3.26940,2.19360,-0.04590,-0.13580
2013-12-31,1254.00000,466.00000,788.00000,121.00000,458.00000,-2.00000,662.00000,126.00000,,126.00000,22.00000,104.00000,104.00000,105.00000,214.00000,156.00000,500.00200,500.31700,0.21000,0.21000,2.37240,0.79110,3.80150,62.83890,10.04790,12.44020,10.04790,8.37320,0.19120,0.36040,1.10190,81.67460,10.81080,-12.63670,1.58580,2.25890,1.92400,0.5956,0.5018
2013-09-30,1103.00000,385.00000,718.00000,93.00000,399.00000,6.00000,533.00000,185.00000,,185.00000,54.00000,131.00000,131.00000,131.00000,263.00000,214.00000,500.00000,500.35400,0.26000,0.26000,2.35700,0.80790,4.21710,65.09520,16.77240,19.40160,16.77240,11.87670,0.17620,0.29840,0.99370,90.57120,15.12700,-14.10120,2.09300,2.90590,1.73200,0.2277,0.1198
2013-06-30,1114.00000,416.00000,698.00000,95.00000,399.00000,10.00000,511.00000,187.00000,,187.00000,59.00000,128.00000,128.00000,128.00000,270.00000,219.00000,500.00000,500.21700,0.26000,0.26000,2.33310,0.81560,4.43740,62.65710,16.78640,19.65890,16.78640,11.49010,0.17790,0.33090,0.97980,91.85820,15.55290,-12.89020,2.04440,2.86800,1.64600,-0.0241,-0.1281
2013-03-31,1090.00000,402.00000,688.00000,90.00000,357.00000,-5.00000,496.00000,192.00000,,192.00000,52.00000,140.00000,140.00000,140.00000,265.00000,214.00000,500.00000,500.11100,0.28000,0.28000,2.28590,0.83410,5.03590,63.11930,17.61470,19.63300,17.61470,12.84400,0.17750,0.35890,1.00650,89.42200,19.33700,-12.54480,2.27940,3.20810,1.44800,0.56190,0.51790
2012-12-31,1176.00000,433.00000,743.00000,121.00000,524.00000,9.00000,661.00000,82.00000,-8.00000,74.00000,84.00000,-10.00000,-10.00000,-10.00000,134.00000,82.00000,500.00000,500.00000,-0.02000,-0.02000,2.55030,0.11190,0.14400,63.18030,6.97280,6.97280,6.29250,-0.85030,0.18780,0.32190,1.30670,68.87760,-0.24750,-0.45700,-0.15970,-0.21980,8.08200,0.62,0.536
2012-09-30,1019.00000,359.00000,660.00000,94.00000,335.00000,11.00000,447.00000,213.00000,,213.00000,52.00000,161.00000,161.00000,162.00000,274.00000,220.00000,500.00000,500.00000,0.32000,0.32000,,,,64.76940,20.90290,21.58980,20.90290,15.89790,,,,,,,,,,0.148,0.096
2012-06-30,1094.00000,378.00000,716.00000,92.00000,344.00000,20.00000,464.00000,252.00000,,252.00000,79.00000,173.00000,173.00000,173.00000,314.00000,260.00000,500.00000,500.00000,0.35000,0.35000,,,,65.44790,23.03470,23.76600,23.03470,15.81350,,,,,,,,,,0.148,0.1
2012-03-31,1047.00000,393.00000,654.00000,102.00000,338.00000,6.00000,483.00000,171.00000,,171.00000,59.00000,112.00000,112.00000,111.00000,227.00000,179.00000,500.00000,500.00000,0.22000,0.22000,,,,62.46420,16.33240,17.09650,16.33240,10.60170,,,,,,,,,,-0.00800,-0.07000
2011-12-31,,,,,,,,,,,,,,,,,,,,0.00000,,,,,,,,,,,,,,,,,,0,0
2010-12-31,,,,,,,,,,,,,,,,,,,,0.00000,,,,,,,,,,,,,,,,,,0,0
